Timestamp,Price,Size
2024-09-18 13:17:00.017000,416.9405241145448,105
2024-09-18 13:17:00.042000,416.9737303564827,1000
2024-09-18 13:17:00.047000,416.9797370446686,12
2024-09-18 13:17:00.182000,417.0406637681318,103
2024-09-18 13:17:00.208000,416.94617933401616,996
2024-09-18 13:17:00.227000,417.0079071885773,8
2024-09-18 13:17:00.262000,416.9444384293425,999
2024-09-18 13:17:00.264000,417.0273800303788,997
2024-09-18 13:17:00.277000,417.0256356442122,96
2024-09-18 13:17:00.496000,416.9506574611705,1005
2024-09-18 13:17:00.564000,417.04542844296265,11
2024-09-18 13:17:00.653000,417.02705374317793,12
2024-09-18 13:17:00.824000,416.9517949512996,14
2024-09-18 13:17:00.851000,417.0220250335152,12
2024-09-18 13:17:00.853000,416.9602256114485,996
2024-09-18 13:17:00.868000,416.9889195278216,99
2024-09-18 13:17:00.893000,417.0100616697028,98
2024-09-18 13:17:00.955000,417.0340896986629,1001
2024-09-18 13:17:00.992000,417.0378900944072,12
2024-09-18 13:17:01.031000,416.9835960149864,105
2024-09-18 13:17:01.146000,417.0257448008846,997
2024-09-18 13:17:01.188000,417.0384919568701,8
2024-09-18 13:17:01.212000,417.00618064662245,7
2024-09-18 13:17:01.340000,417.0104856744768,1005
2024-09-18 13:17:01.397000,416.9992324887105,12
2024-09-18 13:17:01.515000,417.0057279305032,102
2024-09-18 13:17:01.523000,417.0094844446823,1004
2024-09-18 13:17:01.528000,416.9905121394809,13
2024-09-18 13:17:01.605000,417.0157307035606,103
2024-09-18 13:17:01.636000,417.03255867393153,14
2024-09-18 13:17:01.664000,417.0047409293494,999
2024-09-18 13:17:01.705000,416.98468265223335,1001
2024-09-18 13:17:01.800000,417.0045859979096,97
2024-09-18 13:17:01.817000,417.01082137619926,100
2024-09-18 13:17:01.833000,417.0284662268535,104
2024-09-18 13:17:01.902000,416.9828450109007,995
2024-09-18 13:17:01.910000,416.987457126128,1005
2024-09-18 13:17:01.925000,417.0085885974297,997
2024-09-18 13:17:01.926000,417.0063438106384,95
2024-09-18 13:17:01.926000,417.03373949707,15
2024-09-18 13:17:01.949000,416.99348542209833,15
2024-09-18 13:17:01.966000,417.0337995412011,8
2024-09-18 13:17:01.992000,416.9986574702838,1002
2024-09-18 13:17:02.020000,416.9612224999252,104
2024-09-18 13:17:02.097000,416.97207014344485,103
2024-09-18 13:17:02.109000,417.0023941694728,98
2024-09-18 13:17:02.225000,416.9348946661321,98
2024-09-18 13:17:02.261000,416.9544461571009,5
2024-09-18 13:17:02.306000,416.9919394953656,14
2024-09-18 13:17:02.353000,416.98137940894367,96
2024-09-18 13:17:02.358000,416.997803713204,99
2024-09-18 13:17:02.456000,416.9962920697321,96
2024-09-18 13:17:02.483000,416.9425781224507,102
2024-09-18 13:17:02.498000,416.9897630634775,1002
2024-09-18 13:17:02.512000,416.96979970905454,996
2024-09-18 13:17:02.769000,416.9948553794815,105
2024-09-18 13:17:02.801000,416.9951026508827,104
2024-09-18 13:17:02.852000,416.9859769995816,5
2024-09-18 13:17:03.067000,416.9387262191325,105
2024-09-18 13:17:03.139000,416.9553792025901,98
2024-09-18 13:17:03.324000,416.9577475523957,7
2024-09-18 13:17:03.708000,416.95457461288834,995
2024-09-18 13:17:03.891000,416.9625667861639,996
2024-09-18 13:17:04,416.9458057070282,13
2024-09-18 13:17:04.050000,417.0022274794313,995
2024-09-18 13:17:04.143000,416.9624581854992,100
2024-09-18 13:17:04.146000,416.9894717784889,995
2024-09-18 13:17:04.287000,416.9741266687415,1002
2024-09-18 13:17:04.588000,416.95059003721417,8
2024-09-18 13:17:04.691000,417.0168831771708,96
2024-09-18 13:17:04.708000,416.94242128077553,15
2024-09-18 13:17:04.716000,416.9847225168283,5
2024-09-18 13:17:04.786000,417.04240762006447,997
2024-09-18 13:17:04.873000,417.0055116560459,102
2024-09-18 13:17:04.884000,416.9882569672762,103
2024-09-18 13:17:04.975000,416.9558587073695,14
2024-09-18 13:17:05.033000,417.0855806980348,9
2024-09-18 13:17:05.099000,417.0571877981176,5
2024-09-18 13:17:05.135000,417.04971857600987,101
2024-09-18 13:17:05.147000,417.0502781969263,97
2024-09-18 13:17:05.156000,417.08256638950513,9
2024-09-18 13:17:05.165000,417.0358676580621,1005
2024-09-18 13:17:05.248000,417.0561821388347,104
2024-09-18 13:17:05.437000,417.0583774574972,996
2024-09-18 13:17:05.438000,417.0467854447341,9
2024-09-18 13:17:05.465000,417.0589918000522,96
2024-09-18 13:17:05.468000,417.046366170983,1005
2024-09-18 13:17:05.499000,417.0693293929992,999
2024-09-18 13:17:05.500000,417.0367629519927,8
2024-09-18 13:17:05.501000,417.04251908336647,13
2024-09-18 13:17:05.501000,417.05206316995526,1005
2024-09-18 13:17:05.680000,417.0443298891719,996
2024-09-18 13:17:05.706000,417.0603131472022,95
2024-09-18 13:17:05.762000,417.0744748480668,14
2024-09-18 13:17:05.773000,417.0544642176304,104
2024-09-18 13:17:05.920000,417.0526782840665,97
2024-09-18 13:17:05.966000,417.0789528084034,100
2024-09-18 13:17:06.050000,417.045451443026,1005
2024-09-18 13:17:06.050000,417.11965080698366,1002
2024-09-18 13:17:06.147000,417.0680257814629,999
2024-09-18 13:17:06.442000,417.10286683709904,12
2024-09-18 13:17:06.466000,417.13914798370064,101
2024-09-18 13:17:06.630000,417.0839429251538,996
2024-09-18 13:17:06.736000,417.1019560814744,98
2024-09-18 13:17:06.991000,417.0686795010881,102
2024-09-18 13:17:07.221000,417.1304210917494,10
2024-09-18 13:17:08.156000,417.1212279595228,97
2024-09-18 13:17:08.383000,417.1104247826135,5
2024-09-18 13:17:08.859000,417.1165963188463,6
2024-09-18 13:17:08.932000,417.118784705482,1001
2024-09-18 13:17:09.109000,417.14372168184025,95
2024-09-18 13:17:09.109000,417.1598244888401,995
2024-09-18 13:17:09.116000,417.1408619428793,96
2024-09-18 13:17:09.128000,417.1447202728097,15
2024-09-18 13:17:09.189000,417.1198706769822,12
2024-09-18 13:17:09.296000,417.1762028887546,1003
2024-09-18 13:17:09.394000,417.1180242540452,96
2024-09-18 13:17:09.426000,417.1538261507512,104
2024-09-18 13:17:09.453000,417.1424890588828,100
2024-09-18 13:17:09.457000,417.13109317375233,997
2024-09-18 13:17:09.468000,417.15457678476326,1000
2024-09-18 13:17:09.535000,417.1748756504629,5
2024-09-18 13:17:09.560000,417.1600649437741,1002
2024-09-18 13:17:09.602000,417.1177058199036,14
2024-09-18 13:17:09.617000,417.12710364857617,996
2024-09-18 13:17:09.620000,417.129185924993,8
2024-09-18 13:17:09.777000,417.16435265138375,97
2024-09-18 13:17:09.865000,417.11331452141866,99
2024-09-18 13:17:09.947000,417.14356200383673,105
2024-09-18 13:17:10.025000,417.2006157653386,97
2024-09-18 13:17:10.051000,417.2040581970262,13
2024-09-18 13:17:10.091000,417.1667453370607,1004
2024-09-18 13:17:10.144000,417.19164330530856,13
2024-09-18 13:17:10.147000,417.2001869245167,105
2024-09-18 13:17:10.254000,417.19965524296106,7
2024-09-18 13:17:10.290000,417.2001512101101,1000
2024-09-18 13:17:10.291000,417.1976064334598,1004
2024-09-18 13:17:10.328000,417.16218161024295,996
2024-09-18 13:17:10.402000,417.2063875948135,97
2024-09-18 13:17:10.471000,417.2124661454657,100
2024-09-18 13:17:10.475000,417.1947677334013,99
2024-09-18 13:17:10.545000,417.1809057973295,996
2024-09-18 13:17:10.636000,417.16501538834166,1004
2024-09-18 13:17:10.660000,417.1630595439433,8
2024-09-18 13:17:10.677000,417.17467874751526,12
2024-09-18 13:17:10.701000,417.2091644310814,1001
2024-09-18 13:17:10.717000,417.1678892358518,996
2024-09-18 13:17:10.732000,417.18581686744193,8
2024-09-18 13:17:10.825000,417.2021881888068,6
2024-09-18 13:17:10.904000,417.2188551564721,996
2024-09-18 13:17:10.934000,417.2078686816812,98
2024-09-18 13:17:11.344000,417.1946988755049,8
2024-09-18 13:17:11.569000,417.1795183159946,99
2024-09-18 13:17:11.832000,417.1891194979679,1001
2024-09-18 13:17:12.224000,417.2173386953102,12
2024-09-18 13:17:12.417000,417.28590827491047,999
2024-09-18 13:17:12.510000,417.23595500307744,9
2024-09-18 13:17:12.570000,417.18264228455865,99
2024-09-18 13:17:12.575000,417.1705564002802,101
2024-09-18 13:17:12.736000,417.2433881646851,12
2024-09-18 13:17:12.751000,417.2128511626584,7
2024-09-18 13:17:12.754000,417.2347327628823,11
2024-09-18 13:17:12.838000,417.2391433774459,95
2024-09-18 13:17:12.891000,417.2709895955884,98
2024-09-18 13:17:12.914000,417.28858981099495,1004
2024-09-18 13:17:13.013000,417.23227673730617,1002
2024-09-18 13:17:13.038000,417.3294709930042,6
2024-09-18 13:17:13.208000,417.2340378962784,98
2024-09-18 13:17:13.272000,417.2939006175502,1002
2024-09-18 13:17:13.284000,417.2855770549465,1005
2024-09-18 13:17:13.292000,417.31595857208106,1001
2024-09-18 13:17:13.306000,417.2417565187674,101
2024-09-18 13:17:13.358000,417.2893623172265,9
2024-09-18 13:17:13.419000,417.3325073023668,11
2024-09-18 13:17:13.494000,417.3039996914154,100
2024-09-18 13:17:13.527000,417.304343071624,102
2024-09-18 13:17:13.532000,417.2445280037898,6
2024-09-18 13:17:13.581000,417.3422314336931,11
2024-09-18 13:17:13.679000,417.371902611149,103
2024-09-18 13:17:13.705000,417.2551718868364,6
2024-09-18 13:17:13.744000,417.2952447752796,5
2024-09-18 13:17:13.758000,417.3033802279567,1003
2024-09-18 13:17:13.768000,417.30130277425246,8
2024-09-18 13:17:13.809000,417.28686424969294,7
2024-09-18 13:17:13.825000,417.2507587026441,995
2024-09-18 13:17:13.853000,417.330047747602,101
2024-09-18 13:17:13.864000,417.2460323182999,1000
2024-09-18 13:17:13.882000,417.26180190645806,995
2024-09-18 13:17:13.884000,417.369717590345,5
2024-09-18 13:17:13.896000,417.3477298822097,11
2024-09-18 13:17:13.901000,417.36590418073234,14
2024-09-18 13:17:13.955000,417.26136969914,11
2024-09-18 13:17:14.034000,417.3434948133598,1002
2024-09-18 13:17:14.060000,417.36116730762177,1003
2024-09-18 13:17:14.569000,417.32819453840926,1004
2024-09-18 13:17:14.625000,417.3388997356303,11
2024-09-18 13:17:14.673000,417.37633579967047,5
2024-09-18 13:17:14.747000,417.32877007263073,9
2024-09-18 13:17:14.856000,417.3360686756181,9
2024-09-18 13:17:14.858000,417.3387554931386,997
2024-09-18 13:17:14.883000,417.3592321546548,7
2024-09-18 13:17:15.290000,417.3165817680241,5
2024-09-18 13:17:15.354000,417.32599703539256,1004
2024-09-18 13:17:15.546000,417.3307596184471,6
2024-09-18 13:17:16.070000,417.3083017398889,96
2024-09-18 13:17:16.133000,417.2733024585797,8
2024-09-18 13:17:16.305000,417.23717839367856,1003
2024-09-18 13:17:16.337000,417.305282211206,97
2024-09-18 13:17:16.466000,417.239577072426,12
2024-09-18 13:17:16.583000,417.2643859025563,997
2024-09-18 13:17:16.649000,417.2516598310288,104
2024-09-18 13:17:16.660000,417.3420928896098,105
2024-09-18 13:17:16.712000,417.2972928010266,999
2024-09-18 13:17:16.843000,417.2946365002615,13
2024-09-18 13:17:16.925000,417.3311362686654,1000
2024-09-18 13:17:17.214000,417.2499179970286,14
2024-09-18 13:17:17.316000,417.2473402411643,14
2024-09-18 13:17:17.399000,417.2461332887716,9
2024-09-18 13:17:17.402000,417.2579086135309,1003
2024-09-18 13:17:17.483000,417.2504821859529,101
2024-09-18 13:17:17.614000,417.2435468600589,95
2024-09-18 13:17:17.700000,417.24549701324605,13
2024-09-18 13:17:17.746000,417.22097627792607,997
2024-09-18 13:17:17.856000,417.2244050128367,105
2024-09-18 13:17:17.863000,417.2493330715706,99
2024-09-18 13:17:17.872000,417.2551909619857,5
2024-09-18 13:17:17.942000,417.2403518002398,5
2024-09-18 13:17:17.960000,417.2424957368905,7
2024-09-18 13:17:18.050000,417.25381223144007,5
2024-09-18 13:17:18.181000,417.2487575307217,1003
2024-09-18 13:17:18.323000,417.25099850851615,95
2024-09-18 13:17:18.349000,417.2837582429937,1005
2024-09-18 13:17:18.477000,417.262269685784,98
2024-09-18 13:17:18.552000,417.2731682111544,1002
2024-09-18 13:17:18.646000,417.2734390845401,996
2024-09-18 13:17:18.839000,417.2462718178576,101
2024-09-18 13:17:18.890000,417.261733411221,996
2024-09-18 13:17:19.046000,417.2976038308845,103
2024-09-18 13:17:19.067000,417.2895811994522,100
2024-09-18 13:17:19.083000,417.2675800037388,104
2024-09-18 13:17:19.138000,417.2959475782973,10
2024-09-18 13:17:19.219000,417.2899204944889,1005
2024-09-18 13:17:19.284000,417.2831236682636,1003
2024-09-18 13:17:19.296000,417.3056669552228,98
2024-09-18 13:17:19.353000,417.32615715149706,98
2024-09-18 13:17:19.361000,417.31583199149225,1003
2024-09-18 13:17:19.406000,417.28921131909726,105
2024-09-18 13:17:19.417000,417.3029468455812,7
2024-09-18 13:17:19.463000,417.307952030289,1003
2024-09-18 13:17:19.467000,417.2981404888906,102
2024-09-18 13:17:19.499000,417.3065464822664,1002
2024-09-18 13:17:19.513000,417.3017766659583,95
2024-09-18 13:17:19.535000,417.2845749406182,7
2024-09-18 13:17:19.546000,417.2697022409713,102
2024-09-18 13:17:19.548000,417.2815656502676,5
2024-09-18 13:17:19.575000,417.295445440256,98
2024-09-18 13:17:19.684000,417.2833881711607,104
2024-09-18 13:17:19.728000,417.2710973773167,9
2024-09-18 13:17:19.762000,417.283682553896,15
2024-09-18 13:17:19.785000,417.294182990638,9
2024-09-18 13:17:19.820000,417.2893703982668,1000
2024-09-18 13:17:19.927000,417.27100622588426,998
2024-09-18 13:17:19.942000,417.2756755438044,13
2024-09-18 13:17:19.987000,417.2916052180364,99
2024-09-18 13:17:20.001000,417.3096225468288,14
2024-09-18 13:17:20.035000,417.3119926847983,12
2024-09-18 13:17:20.149000,417.3598238430703,102
2024-09-18 13:17:20.155000,417.3467425687268,1000
2024-09-18 13:17:20.189000,417.36158177420447,1002
2024-09-18 13:17:20.199000,417.3745012585292,997
2024-09-18 13:17:20.243000,417.3446605672062,100
2024-09-18 13:17:20.269000,417.32823758135584,1005
2024-09-18 13:17:20.452000,417.3580129569061,98
2024-09-18 13:17:20.479000,417.3545036727412,1002
2024-09-18 13:17:20.482000,417.3243341396059,101
2024-09-18 13:17:20.508000,417.3107019563478,13
2024-09-18 13:17:20.561000,417.3575974023579,1001
2024-09-18 13:17:20.575000,417.3058277502928,14
2024-09-18 13:17:20.592000,417.3541892754771,12
2024-09-18 13:17:20.640000,417.32519452111575,997
2024-09-18 13:17:20.643000,417.3360249012385,1002
2024-09-18 13:17:20.699000,417.3197750375216,10
2024-09-18 13:17:20.738000,417.3414031947469,1002
2024-09-18 13:17:20.761000,417.303631358258,8
2024-09-18 13:17:20.824000,417.2994402156833,100
2024-09-18 13:17:20.834000,417.3443339212196,1000
2024-09-18 13:17:20.837000,417.344503324018,7
2024-09-18 13:17:20.844000,417.372677773122,101
2024-09-18 13:17:20.896000,417.3247262807862,8
2024-09-18 13:17:20.904000,417.32381281667966,995
2024-09-18 13:17:20.960000,417.3763513029219,10
2024-09-18 13:17:20.988000,417.3232739571015,101
2024-09-18 13:17:21.033000,417.3966259938884,5
2024-09-18 13:17:21.059000,417.3574569561516,6
2024-09-18 13:17:21.073000,417.3458819785807,6
2024-09-18 13:17:21.168000,417.37038525653537,7
2024-09-18 13:17:21.188000,417.3308260304568,14
2024-09-18 13:17:21.218000,417.3730332905073,103
2024-09-18 13:17:21.236000,417.37694926742097,1004
2024-09-18 13:17:21.280000,417.386815601936,101
2024-09-18 13:17:21.286000,417.37040568599474,101
2024-09-18 13:17:21.307000,417.35953707686815,10
2024-09-18 13:17:21.430000,417.345582179645,998
2024-09-18 13:17:21.430000,417.3625262629937,100
2024-09-18 13:17:21.433000,417.34765285014265,5
2024-09-18 13:17:21.504000,417.3793824254743,13
2024-09-18 13:17:21.549000,417.3597036359002,5
2024-09-18 13:17:21.612000,417.39394957924367,7
2024-09-18 13:17:21.622000,417.36236927249456,105
2024-09-18 13:17:21.669000,417.37346428219473,1002
2024-09-18 13:17:21.702000,417.3611565352248,6
2024-09-18 13:17:21.725000,417.3725087041219,97
2024-09-18 13:17:21.727000,417.38678046554,97
2024-09-18 13:17:21.772000,417.3876861516009,1005
2024-09-18 13:17:21.800000,417.3487230420248,996
2024-09-18 13:17:21.812000,417.3398373856792,995
2024-09-18 13:17:21.835000,417.3770241249196,97
2024-09-18 13:17:21.856000,417.3933189460956,98
2024-09-18 13:17:21.882000,417.3657792519798,105
2024-09-18 13:17:21.933000,417.3492397590744,1004
2024-09-18 13:17:22.013000,417.36393951032574,102
2024-09-18 13:17:22.042000,417.3977171730169,8
2024-09-18 13:17:22.084000,417.4055384666708,999
2024-09-18 13:17:22.106000,417.3945128125848,98
2024-09-18 13:17:22.226000,417.3766950569493,14
2024-09-18 13:17:22.234000,417.40479024286856,14
2024-09-18 13:17:22.295000,417.3944125306127,8
2024-09-18 13:17:22.299000,417.3749186076257,104
2024-09-18 13:17:22.378000,417.3755247909847,8
2024-09-18 13:17:22.461000,417.4127080703788,96
2024-09-18 13:17:22.538000,417.36122069545706,104
2024-09-18 13:17:22.687000,417.3727245678781,13
2024-09-18 13:17:22.768000,417.3653004691705,105
2024-09-18 13:17:22.821000,417.3883531161437,12
2024-09-18 13:17:22.835000,417.3764783078075,6
2024-09-18 13:17:22.860000,417.3609100382179,96
2024-09-18 13:17:22.969000,417.3941385499469,1001
2024-09-18 13:17:23.003000,417.39994155932953,1002
2024-09-18 13:17:23.059000,417.4097566111096,100
2024-09-18 13:17:23.101000,417.3757891911559,14
2024-09-18 13:17:23.113000,417.37058618911936,1004
2024-09-18 13:17:23.268000,417.38520858833095,96
2024-09-18 13:17:23.283000,417.4155300105168,96
2024-09-18 13:17:23.327000,417.3876984811113,995
2024-09-18 13:17:23.342000,417.3741921139273,10
2024-09-18 13:17:23.355000,417.3525536772636,101
2024-09-18 13:17:23.385000,417.3773421425304,7
2024-09-18 13:17:23.427000,417.3665976695178,104
2024-09-18 13:17:23.438000,417.3653698264866,104
2024-09-18 13:17:23.454000,417.4025770245584,14
2024-09-18 13:17:23.485000,417.37310411131824,9
2024-09-18 13:17:23.489000,417.3684945275264,99
2024-09-18 13:17:23.522000,417.3801497037613,96
2024-09-18 13:17:23.546000,417.3987928693117,13
2024-09-18 13:17:23.767000,417.3961997256951,996
2024-09-18 13:17:23.785000,417.4139417627328,998
2024-09-18 13:17:23.794000,417.3871454517826,7
2024-09-18 13:17:23.808000,417.35606757654665,96
2024-09-18 13:17:23.854000,417.3695965338096,998
2024-09-18 13:17:23.904000,417.3645969902923,997
2024-09-18 13:17:24.065000,417.3986586037933,8
2024-09-18 13:17:24.104000,417.38519198591695,11
2024-09-18 13:17:24.114000,417.4074471604014,98
2024-09-18 13:17:24.390000,417.41618005702793,102
2024-09-18 13:17:25.074000,417.3876906304265,14
2024-09-18 13:17:25.105000,417.3988166807172,5
2024-09-18 13:17:25.111000,417.4415696673614,97
2024-09-18 13:17:25.301000,417.4354112577632,101
2024-09-18 13:17:25.318000,417.3971391211944,995
2024-09-18 13:17:25.321000,417.43991951738025,99
2024-09-18 13:17:25.371000,417.39887419047614,10
2024-09-18 13:17:25.588000,417.40390407790153,105
2024-09-18 13:17:25.616000,417.4371197700802,1001
2024-09-18 13:17:25.619000,417.4167570265946,5
2024-09-18 13:17:25.647000,417.4178485283544,6
2024-09-18 13:17:25.921000,417.4256069546255,1003
2024-09-18 13:17:26.025000,417.4405201758341,100
2024-09-18 13:17:26.489000,417.42616388670655,998
2024-09-18 13:17:26.600000,417.435648512692,1001
2024-09-18 13:17:27.207000,417.4644328892338,6
2024-09-18 13:17:27.258000,417.44872278698,15
2024-09-18 13:17:27.338000,417.4732501096332,996
2024-09-18 13:17:27.411000,417.4678073225807,104
2024-09-18 13:17:27.591000,417.44214428142055,995
2024-09-18 13:17:27.857000,417.46703722556265,1003
2024-09-18 13:17:27.945000,417.44530704106415,103
2024-09-18 13:17:28.256000,417.4487188907584,102
2024-09-18 13:17:28.364000,417.5020122911381,9
2024-09-18 13:17:28.385000,417.45552932861386,98
2024-09-18 13:17:28.389000,417.48436471804223,12
2024-09-18 13:17:28.506000,417.4495559761028,1002
2024-09-18 13:17:28.548000,417.47674569659296,105
2024-09-18 13:17:28.629000,417.4791956187826,11
2024-09-18 13:17:28.662000,417.4812792182869,1005
2024-09-18 13:17:28.666000,417.46317763948025,99
2024-09-18 13:17:28.725000,417.4587793967396,100
2024-09-18 13:17:28.726000,417.461316291851,13
2024-09-18 13:17:28.734000,417.4876134279348,15
2024-09-18 13:17:28.869000,417.5098544710439,1002
2024-09-18 13:17:28.880000,417.4833442551157,9
2024-09-18 13:17:28.903000,417.4514724448823,13
2024-09-18 13:17:28.909000,417.45972075644727,6
2024-09-18 13:17:28.991000,417.4422670207055,1005
2024-09-18 13:17:29.382000,417.47387174736207,1003
2024-09-18 13:17:29.713000,417.473283671276,997
2024-09-18 13:17:30.063000,417.4289197771668,96
2024-09-18 13:17:30.156000,417.4108987867431,100
2024-09-18 13:17:30.157000,417.4128842881077,1003
2024-09-18 13:17:30.234000,417.42103286291626,98
2024-09-18 13:17:30.236000,417.4333551517079,97
2024-09-18 13:17:30.271000,417.46385255779967,13
2024-09-18 13:17:30.293000,417.43511580857165,8
2024-09-18 13:17:30.316000,417.4045821483682,12
2024-09-18 13:17:30.325000,417.3879597271708,97
2024-09-18 13:17:30.391000,417.4414654721409,96
2024-09-18 13:17:30.428000,417.4537155710453,996
2024-09-18 13:17:30.438000,417.4245092477659,13
2024-09-18 13:17:30.505000,417.4488261773608,998
2024-09-18 13:17:30.507000,417.4633869241962,5
2024-09-18 13:17:30.522000,417.39024053945394,12
2024-09-18 13:17:30.530000,417.4241133749034,996
2024-09-18 13:17:30.546000,417.4116925878712,10
2024-09-18 13:17:30.652000,417.4060622599519,1005
2024-09-18 13:17:30.691000,417.4255598477538,12
2024-09-18 13:17:30.708000,417.46282841512897,98
2024-09-18 13:17:30.712000,417.4279568068711,8
2024-09-18 13:17:30.716000,417.429298685891,15
2024-09-18 13:17:30.725000,417.42546699477776,9
2024-09-18 13:17:30.755000,417.42197306183806,997
2024-09-18 13:17:30.765000,417.40917962196295,1005
2024-09-18 13:17:30.912000,417.4482941643176,996
2024-09-18 13:17:30.943000,417.4070779843088,997
2024-09-18 13:17:30.993000,417.4219887331847,999
2024-09-18 13:17:30.993000,417.418283263647,11
2024-09-18 13:17:31.079000,417.3917581219159,15
2024-09-18 13:17:31.080000,417.4276661682677,12
2024-09-18 13:17:31.083000,417.392405567932,9
2024-09-18 13:17:31.119000,417.3861464834702,13
2024-09-18 13:17:31.186000,417.4331650198063,98
2024-09-18 13:17:31.239000,417.42976108284313,12
2024-09-18 13:17:31.305000,417.3877589884422,12
2024-09-18 13:17:31.449000,417.4246698136024,998
2024-09-18 13:17:31.497000,417.3833413934325,998
2024-09-18 13:17:31.510000,417.3834068174922,13
2024-09-18 13:17:31.560000,417.3795075379553,12
2024-09-18 13:17:31.571000,417.3763616618523,1001
2024-09-18 13:17:31.607000,417.3801525919176,8
2024-09-18 13:17:31.645000,417.374681135772,9
2024-09-18 13:17:31.654000,417.4424958300381,13
2024-09-18 13:17:31.697000,417.3876633249148,100
2024-09-18 13:17:31.816000,417.3695240509962,104
2024-09-18 13:17:31.851000,417.395918064638,100
2024-09-18 13:17:31.899000,417.3987360473961,102
2024-09-18 13:17:31.910000,417.36814330667386,1005
2024-09-18 13:17:31.938000,417.42522240678153,102
2024-09-18 13:17:31.978000,417.3828307921387,7
2024-09-18 13:17:31.985000,417.3944784286455,101
2024-09-18 13:17:32.092000,417.40167410822943,996
2024-09-18 13:17:32.105000,417.3775637234032,996
2024-09-18 13:17:32.346000,417.4108054035799,996
2024-09-18 13:17:32.350000,417.3978900631328,1004
2024-09-18 13:17:32.551000,417.3971055530751,996
2024-09-18 13:17:32.580000,417.4053078555229,1001
2024-09-18 13:17:32.603000,417.369084743296,998
2024-09-18 13:17:32.783000,417.37071526701874,104
2024-09-18 13:17:32.862000,417.3855693238781,103
2024-09-18 13:17:32.894000,417.39101493883663,1000
2024-09-18 13:17:33.091000,417.3851190103312,999
2024-09-18 13:17:33.111000,417.3836237330952,1004
2024-09-18 13:17:33.215000,417.3725597772959,1002
2024-09-18 13:17:34.124000,417.3761086234072,12
2024-09-18 13:17:34.134000,417.37390178461857,96
2024-09-18 13:17:34.336000,417.3484400672242,1004
2024-09-18 13:17:34.441000,417.33595231252497,105
2024-09-18 13:17:34.706000,417.3418455978974,1001
2024-09-18 13:17:34.800000,417.3590416955848,1005
2024-09-18 13:17:34.826000,417.3677122054521,12
2024-09-18 13:17:35.003000,417.3510229539149,1005
2024-09-18 13:17:35.101000,417.3533921674923,998
2024-09-18 13:17:35.128000,417.3505892194525,96
2024-09-18 13:17:35.150000,417.3443896283377,100
2024-09-18 13:17:35.171000,417.35039492144506,5
2024-09-18 13:17:35.237000,417.4182364459889,995
2024-09-18 13:17:35.342000,417.4212330365382,104
2024-09-18 13:17:35.396000,417.3924518387853,1003
2024-09-18 13:17:35.401000,417.32821872821376,15
2024-09-18 13:17:35.469000,417.4062343972871,15
2024-09-18 13:17:35.478000,417.3405467982903,6
2024-09-18 13:17:35.524000,417.3385512913681,1005
2024-09-18 13:17:35.532000,417.3554896412349,103
2024-09-18 13:17:35.610000,417.3330913223082,96
2024-09-18 13:17:35.681000,417.3557624942948,95
2024-09-18 13:17:35.700000,417.3585171578092,104
2024-09-18 13:17:35.722000,417.3833121131824,98
2024-09-18 13:17:35.757000,417.3648645164023,8
2024-09-18 13:17:35.767000,417.3424301100824,95
2024-09-18 13:17:35.779000,417.3531189181831,101
2024-09-18 13:17:35.786000,417.3928417188549,995
2024-09-18 13:17:35.833000,417.4192099495346,8
2024-09-18 13:17:35.887000,417.34432226258224,14
2024-09-18 13:17:35.956000,417.4000300968164,5
2024-09-18 13:17:36.002000,417.408916286129,1003
2024-09-18 13:17:36.012000,417.4505743719972,100
2024-09-18 13:17:36.062000,417.4304317981593,104
2024-09-18 13:17:36.072000,417.3961058526918,999
2024-09-18 13:17:36.106000,417.43837314787584,9
2024-09-18 13:17:36.204000,417.4183847183406,104
2024-09-18 13:17:36.227000,417.4379867904883,1003
2024-09-18 13:17:36.311000,417.424397609975,1001
2024-09-18 13:17:36.361000,417.4254390151481,15
2024-09-18 13:17:36.418000,417.4163142225062,99
2024-09-18 13:17:36.448000,417.4396774401627,1001
2024-09-18 13:17:36.491000,417.4409208653682,96
2024-09-18 13:17:36.503000,417.43648226190027,1003
2024-09-18 13:17:36.581000,417.4066014663775,1001
2024-09-18 13:17:36.582000,417.4103191047559,102
2024-09-18 13:17:36.609000,417.4363564357802,1004
2024-09-18 13:17:36.656000,417.4081662326892,105
2024-09-18 13:17:36.665000,417.4356860261783,6
2024-09-18 13:17:36.703000,417.4300942327037,1005
2024-09-18 13:17:36.753000,417.43323938982377,95
2024-09-18 13:17:36.789000,417.4450006625245,1001
2024-09-18 13:17:36.796000,417.4146268486242,1004
2024-09-18 13:17:36.864000,417.39846532977305,6
2024-09-18 13:17:36.873000,417.4202132564309,996
2024-09-18 13:17:36.948000,417.42098297643486,995
2024-09-18 13:17:36.972000,417.43462457337,1005
2024-09-18 13:17:36.994000,417.42042831658057,99
2024-09-18 13:17:37.062000,417.4212651359134,99
2024-09-18 13:17:37.111000,417.38942766278825,1004
2024-09-18 13:17:37.126000,417.42207882744657,1000
2024-09-18 13:17:37.177000,417.3875542653017,14
2024-09-18 13:17:37.190000,417.40074473757113,1003
2024-09-18 13:17:37.213000,417.4008741699391,997
2024-09-18 13:17:37.246000,417.4064191246396,103
2024-09-18 13:17:37.264000,417.3826476708197,995
2024-09-18 13:17:37.636000,417.4097678347444,1002
2024-09-18 13:17:37.792000,417.3948225757097,997
2024-09-18 13:17:38.018000,417.36262182764295,1000
2024-09-18 13:17:38.060000,417.3481424931058,101
2024-09-18 13:17:38.149000,417.3706501531539,6
2024-09-18 13:17:38.198000,417.3201381349116,995
2024-09-18 13:17:38.268000,417.33459143117,102
2024-09-18 13:17:38.270000,417.3740598300099,1004
2024-09-18 13:17:38.274000,417.41602229480446,12
2024-09-18 13:17:38.287000,417.3819025628146,7
2024-09-18 13:17:38.385000,417.3801558915225,99
2024-09-18 13:17:38.385000,417.34375457478166,96
2024-09-18 13:17:38.449000,417.38735750492566,14
2024-09-18 13:17:38.474000,417.3748691464142,5
2024-09-18 13:17:38.514000,417.354566660236,5
2024-09-18 13:17:38.568000,417.3731976381092,1000
2024-09-18 13:17:38.571000,417.4187450550734,15
2024-09-18 13:17:38.635000,417.35676769003527,102
2024-09-18 13:17:38.647000,417.3191626587453,97
2024-09-18 13:17:38.693000,417.3907195977784,96
2024-09-18 13:17:38.702000,417.3868222087617,98
2024-09-18 13:17:38.784000,417.4075482216575,101
2024-09-18 13:17:38.882000,417.32590151446095,5
2024-09-18 13:17:38.893000,417.3932399939176,1003
2024-09-18 13:17:38.915000,417.32186536997074,12
2024-09-18 13:17:38.949000,417.354884955517,7
2024-09-18 13:17:38.956000,417.3943202541447,103
2024-09-18 13:17:39.086000,417.4127977967864,10
2024-09-18 13:17:39.220000,417.3878462967723,9
2024-09-18 13:17:39.535000,417.3752510870947,1002
2024-09-18 13:17:39.589000,417.4054565901347,1004
2024-09-18 13:17:39.599000,417.3896814914527,96
2024-09-18 13:17:39.671000,417.4109107183448,995
2024-09-18 13:17:39.793000,417.4124873874272,999
2024-09-18 13:17:39.793000,417.43875260523214,98
2024-09-18 13:17:40.011000,417.3704007130699,99
2024-09-18 13:17:40.056000,417.3542817859095,102
2024-09-18 13:17:40.159000,417.3218775776728,100
2024-09-18 13:17:40.160000,417.3234328108104,13
2024-09-18 13:17:40.225000,417.3425976654312,1004
2024-09-18 13:17:40.449000,417.35918796567375,998
2024-09-18 13:17:40.616000,417.3562940255737,12
2024-09-18 13:17:40.682000,417.36070751510033,97
2024-09-18 13:17:40.689000,417.3747070215584,15
2024-09-18 13:17:41.197000,417.3076217646607,10
2024-09-18 13:17:41.400000,417.3247270306616,8
2024-09-18 13:17:41.492000,417.3218108892264,1003
2024-09-18 13:17:41.518000,417.3222411188912,997
2024-09-18 13:17:41.545000,417.3137423492655,996
2024-09-18 13:17:41.546000,417.3161152819328,105
2024-09-18 13:17:41.739000,417.3194251232589,1001
2024-09-18 13:17:41.891000,417.323488237518,103
2024-09-18 13:17:42.040000,417.3529541639732,10
2024-09-18 13:17:42.054000,417.3250355857138,13
2024-09-18 13:17:42.068000,417.3234827574064,100
2024-09-18 13:17:42.181000,417.3289558585466,5
2024-09-18 13:17:42.343000,417.3069075658848,101
2024-09-18 13:17:42.382000,417.33640712278793,97
2024-09-18 13:17:42.498000,417.3417244223569,5
2024-09-18 13:17:42.660000,417.3374681704754,1004
2024-09-18 13:17:42.837000,417.30455788552246,100
2024-09-18 13:17:43.028000,417.2811853355021,1001
2024-09-18 13:17:43.154000,417.238645749472,1001
2024-09-18 13:17:43.187000,417.2380237008755,1001
2024-09-18 13:17:43.381000,417.2725750395538,102
2024-09-18 13:17:43.404000,417.2983502958163,104
2024-09-18 13:17:43.525000,417.2637999520168,1004
2024-09-18 13:17:43.822000,417.2633805030193,102
2024-09-18 13:17:43.943000,417.2577352485048,996
2024-09-18 13:17:45.100000,417.1777491989396,1005
2024-09-18 13:17:45.114000,417.1635349078323,1000
2024-09-18 13:17:45.165000,417.1528681429033,103
2024-09-18 13:17:45.185000,417.2461867338646,998
2024-09-18 13:17:45.370000,417.2274432778559,7
2024-09-18 13:17:45.390000,417.21867956234746,101
2024-09-18 13:17:45.484000,417.22696209661103,997
2024-09-18 13:17:45.528000,417.1681111979065,995
2024-09-18 13:17:45.571000,417.1558742265153,99
2024-09-18 13:17:45.662000,417.1632966292224,97
2024-09-18 13:17:45.684000,417.19923632474496,996
2024-09-18 13:17:45.702000,417.23540839284897,100
2024-09-18 13:17:45.734000,417.1928325588243,13
2024-09-18 13:17:45.743000,417.2019927348705,1003
2024-09-18 13:17:45.766000,417.2363862625711,95
2024-09-18 13:17:45.850000,417.1925091108822,1005
2024-09-18 13:17:45.881000,417.19358588073817,10
2024-09-18 13:17:45.882000,417.2171143097908,102
2024-09-18 13:17:45.936000,417.20460775563816,1004
2024-09-18 13:17:45.943000,417.2138595431657,95
2024-09-18 13:17:46.047000,417.18973152807297,97
2024-09-18 13:17:46.104000,417.17047856625646,98
2024-09-18 13:17:46.207000,417.1680910300813,100
2024-09-18 13:17:46.250000,417.1897052648296,95
2024-09-18 13:17:46.350000,417.169866748904,7
2024-09-18 13:17:46.377000,417.1970098118573,11
2024-09-18 13:17:46.405000,417.1785686908784,100
2024-09-18 13:17:46.439000,417.1887077548784,98
2024-09-18 13:17:46.469000,417.1827804849714,8
2024-09-18 13:17:46.722000,417.1718999894146,1001
2024-09-18 13:17:46.728000,417.1691426555943,14
2024-09-18 13:17:46.785000,417.1920727579378,1000
2024-09-18 13:17:46.799000,417.1739433583359,10
2024-09-18 13:17:46.956000,417.1710473280571,100
2024-09-18 13:17:47.012000,417.2243781007143,97
2024-09-18 13:17:47.046000,417.2353408639464,12
2024-09-18 13:17:47.057000,417.245687030402,996
2024-09-18 13:17:47.061000,417.2515515176496,997
2024-09-18 13:17:47.067000,417.2389711077034,98
2024-09-18 13:17:47.084000,417.19438018455634,1002
2024-09-18 13:17:47.103000,417.1745525685549,1004
2024-09-18 13:17:47.116000,417.22801180490086,13
2024-09-18 13:17:47.119000,417.2596599127244,96
2024-09-18 13:17:47.159000,417.2066442978905,10
2024-09-18 13:17:47.161000,417.2219755945002,96
2024-09-18 13:17:47.229000,417.2536614151155,5
2024-09-18 13:17:47.265000,417.2731634238008,11
2024-09-18 13:17:47.290000,417.2347554849802,100
2024-09-18 13:17:47.322000,417.2206450541024,7
2024-09-18 13:17:47.336000,417.1861078680941,1001
2024-09-18 13:17:47.420000,417.2450933385734,100
2024-09-18 13:17:47.518000,417.20637647034414,1003
2024-09-18 13:17:47.546000,417.228987479087,7
2024-09-18 13:17:47.631000,417.2578280516746,101
2024-09-18 13:17:47.650000,417.1951035841968,997
2024-09-18 13:17:47.660000,417.1990990105554,97
2024-09-18 13:17:47.664000,417.214531018161,1001
2024-09-18 13:17:47.743000,417.17780312732526,12
2024-09-18 13:17:47.958000,417.239410139281,14
2024-09-18 13:17:48.025000,417.214438231332,1001
2024-09-18 13:17:48.029000,417.2144691950553,104
2024-09-18 13:17:48.140000,417.20676522481625,998
2024-09-18 13:17:48.367000,417.2007110091604,102
2024-09-18 13:17:48.470000,417.205958680696,8
2024-09-18 13:17:48.552000,417.2184316997319,1002
2024-09-18 13:17:48.586000,417.1793410514501,6
2024-09-18 13:17:48.605000,417.20120255411695,1003
2024-09-18 13:17:48.633000,417.2060138534259,998
2024-09-18 13:17:48.641000,417.2288175464645,15
2024-09-18 13:17:48.880000,417.2034760097553,1005
2024-09-18 13:17:48.950000,417.2143181875941,98
2024-09-18 13:17:48.994000,417.18988694574233,98
2024-09-18 13:17:49.045000,417.227257182076,95
2024-09-18 13:17:49.130000,417.21656358396245,13
2024-09-18 13:17:49.199000,417.2323922738534,8
2024-09-18 13:17:49.245000,417.2061246252143,997
2024-09-18 13:17:49.261000,417.21284716150825,5
2024-09-18 13:17:49.308000,417.2188199700974,7
2024-09-18 13:17:49.410000,417.2088089529004,1004
2024-09-18 13:17:49.721000,417.2265767299119,5
2024-09-18 13:17:49.780000,417.2116847939383,11
2024-09-18 13:17:49.863000,417.2288679594652,8
2024-09-18 13:17:49.889000,417.2137919662789,5
2024-09-18 13:17:49.938000,417.2162660132165,96
2024-09-18 13:17:50.023000,417.2228342329261,97
2024-09-18 13:17:50.059000,417.2201835835148,98
2024-09-18 13:17:50.305000,417.223285347076,1000
2024-09-18 13:17:50.402000,417.2286913538092,9
2024-09-18 13:17:50.728000,417.21617891189953,1003
2024-09-18 13:17:51.075000,417.22842453639214,995
2024-09-18 13:17:51.156000,417.24627637048815,15
2024-09-18 13:17:51.158000,417.2724624801075,105
2024-09-18 13:17:51.159000,417.23495679411445,1004
2024-09-18 13:17:51.279000,417.2515548291329,1003
2024-09-18 13:17:51.332000,417.2657796124225,99
2024-09-18 13:17:51.376000,417.2313927152021,7
2024-09-18 13:17:51.394000,417.255592564482,9
2024-09-18 13:17:51.626000,417.2439603039404,104
2024-09-18 13:17:51.746000,417.2417569758401,8
2024-09-18 13:17:51.750000,417.2606983657603,97
2024-09-18 13:17:51.771000,417.2444234222182,99
2024-09-18 13:17:51.772000,417.2565781113906,1003
2024-09-18 13:17:52.226000,417.2518068529337,12
2024-09-18 13:17:52.302000,417.2787054951728,98
2024-09-18 13:17:52.328000,417.267763199372,97
2024-09-18 13:17:52.447000,417.2326972149632,1004
2024-09-18 13:17:52.822000,417.2604565749848,13
2024-09-18 13:17:52.906000,417.289154238468,1005
2024-09-18 13:17:52.947000,417.2802180455621,15
2024-09-18 13:17:53.038000,417.21488102216273,1002
2024-09-18 13:17:53.153000,417.1848230757725,1000
2024-09-18 13:17:53.229000,417.1594960002569,997
2024-09-18 13:17:53.312000,417.14375484136895,6
2024-09-18 13:17:53.321000,417.2006922975107,6
2024-09-18 13:17:53.325000,417.180784091274,1005
2024-09-18 13:17:53.423000,417.15967751787457,1003
2024-09-18 13:17:53.524000,417.1508703429525,996
2024-09-18 13:17:53.574000,417.1812549580221,1001
2024-09-18 13:17:53.584000,417.2178325323208,1005
2024-09-18 13:17:53.651000,417.12790836126567,15
2024-09-18 13:17:53.698000,417.1685939716165,12
2024-09-18 13:17:53.705000,417.157902899618,8
2024-09-18 13:17:53.727000,417.1788530140802,999
2024-09-18 13:17:53.728000,417.1481224096888,105
2024-09-18 13:17:53.733000,417.1881793789351,996
2024-09-18 13:17:53.802000,417.1647257117757,99
2024-09-18 13:17:53.809000,417.15487097843527,12
2024-09-18 13:17:53.827000,417.1350985657759,995
2024-09-18 13:17:53.903000,417.1622948348193,97
2024-09-18 13:17:54.045000,417.1650691044688,10
2024-09-18 13:17:54.097000,417.1952428966877,100
2024-09-18 13:17:54.173000,417.18729663380606,999
2024-09-18 13:17:54.234000,417.1610921978542,995
2024-09-18 13:17:54.245000,417.1383451914705,8
2024-09-18 13:17:54.265000,417.1533715613903,97
2024-09-18 13:17:54.272000,417.2047426409559,8
2024-09-18 13:17:54.307000,417.1590081340594,15
2024-09-18 13:17:54.421000,417.1967882555085,999
2024-09-18 13:17:54.684000,417.1247317314846,11
2024-09-18 13:17:54.697000,417.18826991923765,10
2024-09-18 13:17:54.723000,417.13165745652566,8
2024-09-18 13:17:54.738000,417.1477707134864,11
2024-09-18 13:17:54.761000,417.2073014762132,995
2024-09-18 13:17:54.817000,417.1492799566133,95
2024-09-18 13:17:54.851000,417.1968533451197,14
2024-09-18 13:17:54.867000,417.21038870725386,15
2024-09-18 13:17:54.903000,417.1689941359416,8
2024-09-18 13:17:54.919000,417.1734453321308,995
2024-09-18 13:17:54.981000,417.2083852795468,102
2024-09-18 13:17:55,417.0927989531613,5
2024-09-18 13:17:55.027000,417.13964764946905,1005
2024-09-18 13:17:55.050000,417.1022036192933,103
2024-09-18 13:17:55.063000,417.1409242225837,998
2024-09-18 13:17:55.070000,417.1228018545207,15
2024-09-18 13:17:55.072000,417.11252095935913,7
2024-09-18 13:17:55.192000,417.1196093913887,105
2024-09-18 13:17:55.238000,417.1664493452681,97
2024-09-18 13:17:55.243000,417.0997437358918,1000
2024-09-18 13:17:55.270000,417.1433121094723,11
2024-09-18 13:17:55.305000,417.0449029400094,14
2024-09-18 13:17:55.331000,417.1400467553162,5
2024-09-18 13:17:55.392000,417.1870546105741,13
2024-09-18 13:17:55.424000,417.1101475622297,1001
2024-09-18 13:17:55.425000,417.1170060449605,1004
2024-09-18 13:17:55.428000,417.05966452727375,97
2024-09-18 13:17:55.501000,417.0965835938975,6
2024-09-18 13:17:55.542000,417.1504749343037,998
2024-09-18 13:17:55.560000,417.0376689764545,13
2024-09-18 13:17:55.574000,417.0853017108613,995
2024-09-18 13:17:55.590000,417.1309516744639,10
2024-09-18 13:17:55.609000,417.0768337039632,102
2024-09-18 13:17:55.632000,417.1026389142624,103
2024-09-18 13:17:55.684000,417.09779736779046,998
2024-09-18 13:17:55.795000,417.13430622811927,97
2024-09-18 13:17:55.880000,417.1173166957023,996
2024-09-18 13:17:55.971000,417.13850157189273,104
2024-09-18 13:17:55.989000,417.0952004664637,101
2024-09-18 13:17:55.990000,417.1405695359613,101
2024-09-18 13:17:56.045000,417.0182126606852,98
2024-09-18 13:17:56.092000,417.03469292023743,13
2024-09-18 13:17:56.151000,417.0337209418986,100
2024-09-18 13:17:56.235000,417.0311424986053,15
2024-09-18 13:17:56.438000,417.0511140728592,996
2024-09-18 13:17:56.475000,417.0541013052268,105
2024-09-18 13:17:56.534000,417.03792230403104,13
2024-09-18 13:17:56.544000,417.03700189516206,999
2024-09-18 13:17:56.554000,417.0433527820716,105
2024-09-18 13:17:56.557000,417.0474461838062,6
2024-09-18 13:17:56.597000,417.0434341614277,102
2024-09-18 13:17:56.613000,417.0201579524725,1000
2024-09-18 13:17:56.668000,417.03712977926034,10
2024-09-18 13:17:56.681000,417.02649415859753,13
2024-09-18 13:17:56.696000,417.0555393669032,997
2024-09-18 13:17:56.767000,417.033544402764,6
2024-09-18 13:17:56.877000,417.0496120334988,998
2024-09-18 13:17:57.040000,417.1212619165148,8
2024-09-18 13:17:57.069000,417.0897335143867,1005
2024-09-18 13:17:57.177000,417.0391741544599,995
2024-09-18 13:17:57.183000,417.0819765653093,6
2024-09-18 13:17:57.228000,417.0359931857328,6
2024-09-18 13:17:57.264000,417.03115517613713,105
2024-09-18 13:17:57.331000,417.1262805056757,102
2024-09-18 13:17:57.387000,417.0920049062048,998
2024-09-18 13:17:57.389000,417.01591616316296,1003
2024-09-18 13:17:57.412000,417.0419382355562,1002
2024-09-18 13:17:57.431000,417.0829953794254,13
2024-09-18 13:17:57.453000,417.0716440551976,1002
2024-09-18 13:17:57.458000,417.1240038038336,999
2024-09-18 13:17:57.507000,417.1219025248088,102
2024-09-18 13:17:57.524000,417.0364085982729,1001
2024-09-18 13:17:57.574000,417.0826210573792,13
2024-09-18 13:17:57.586000,417.08210451129816,999
2024-09-18 13:17:57.646000,417.0720664565856,96
2024-09-18 13:17:57.792000,417.1217040605582,996
2024-09-18 13:17:57.809000,417.0956132401281,9
2024-09-18 13:17:57.853000,417.1101982064536,1002
2024-09-18 13:17:57.855000,417.0643835798117,100
2024-09-18 13:17:57.881000,417.1066750928561,6
2024-09-18 13:17:57.886000,417.01220648316513,99
2024-09-18 13:17:57.923000,417.0592168243045,10
2024-09-18 13:17:57.961000,417.0778567716385,1001
2024-09-18 13:17:57.995000,417.0578179289486,96
2024-09-18 13:17:58.044000,417.0779861110694,101
2024-09-18 13:17:58.054000,417.0839642937579,98
2024-09-18 13:17:58.122000,417.0727802639793,97
2024-09-18 13:17:58.145000,417.0614456821776,5
2024-09-18 13:17:58.166000,417.07957305724585,999
2024-09-18 13:17:58.178000,417.0897548659544,1000
2024-09-18 13:17:58.246000,417.05658211094106,98
2024-09-18 13:17:58.278000,417.09813394034137,101
2024-09-18 13:17:58.323000,417.07016825167545,999
2024-09-18 13:17:58.344000,417.0909428995766,998
2024-09-18 13:17:58.455000,417.0662453063825,96
2024-09-18 13:17:58.504000,417.06152872320206,15
2024-09-18 13:17:58.522000,417.0785118586516,5
2024-09-18 13:17:58.575000,417.0421796906172,99
2024-09-18 13:17:58.609000,417.0679424651885,995
2024-09-18 13:17:58.630000,417.07660875262223,15
2024-09-18 13:17:58.635000,417.1094725268685,14
2024-09-18 13:17:58.635000,417.0811803488867,13
2024-09-18 13:17:58.673000,417.07020721293406,999
2024-09-18 13:17:58.686000,417.0823730777618,102
2024-09-18 13:17:58.707000,417.0563106165874,997
2024-09-18 13:17:58.788000,417.0719936718264,6
2024-09-18 13:17:58.896000,417.061007517296,8
2024-09-18 13:17:58.949000,417.0812625030345,101
2024-09-18 13:17:58.983000,417.0785860997286,14
2024-09-18 13:17:59.002000,417.0916428236853,7
2024-09-18 13:17:59.003000,417.093038971166,5
2024-09-18 13:17:59.097000,417.0949918820111,997
2024-09-18 13:17:59.125000,417.1168894528805,1002
2024-09-18 13:17:59.139000,417.0906159108998,995
2024-09-18 13:17:59.158000,417.06747401088273,13
2024-09-18 13:17:59.166000,417.0795265056213,1005
2024-09-18 13:17:59.301000,417.088541642738,13
2024-09-18 13:17:59.307000,417.0703424000864,14
2024-09-18 13:17:59.340000,417.10421634870846,997
2024-09-18 13:17:59.436000,417.1272938522784,996
2024-09-18 13:17:59.439000,417.06262914214346,8
2024-09-18 13:17:59.441000,417.1198730406754,6
2024-09-18 13:17:59.525000,417.0809986320701,998
2024-09-18 13:17:59.567000,417.0857358025444,9
2024-09-18 13:17:59.571000,417.0864060075552,103
2024-09-18 13:17:59.597000,417.0939374554989,995
2024-09-18 13:17:59.716000,417.1041042986943,1003
2024-09-18 13:17:59.774000,417.0511099698717,96
2024-09-18 13:17:59.788000,417.100659738195,100
2024-09-18 13:17:59.801000,417.0739816128044,8
2024-09-18 13:17:59.879000,417.09369707464987,105
2024-09-18 13:17:59.915000,417.0895589952447,101
2024-09-18 13:17:59.920000,417.1179488620148,101
2024-09-18 13:17:59.947000,417.0839309527498,12
