Timestamp,Price,Size
2024-09-16 10:49:00.002000,416.9504869302789,9
2024-09-16 10:49:00.082000,416.9667042389819,1003
2024-09-16 10:49:00.119000,416.9479753207329,103
2024-09-16 10:49:00.122000,416.9469841584224,103
2024-09-16 10:49:00.172000,416.9559507023164,6
2024-09-16 10:49:00.174000,416.9366127564156,13
2024-09-16 10:49:00.252000,416.96098044763687,100
2024-09-16 10:49:00.423000,416.931574493616,97
2024-09-16 10:49:00.439000,416.95797084441705,103
2024-09-16 10:49:00.461000,416.9570206272591,96
2024-09-16 10:49:00.496000,416.924936568466,999
2024-09-16 10:49:00.603000,416.9109811864111,105
2024-09-16 10:49:00.649000,416.9448931912447,13
2024-09-16 10:49:00.730000,416.9358280779044,97
2024-09-16 10:49:00.767000,416.9600783439657,11
2024-09-16 10:49:00.773000,416.9401224897584,11
2024-09-16 10:49:00.798000,416.96723911593256,1003
2024-09-16 10:49:00.998000,416.9161443438748,1000
2024-09-16 10:49:01.001000,416.8928521210593,997
2024-09-16 10:49:01.128000,416.8947888036145,1000
2024-09-16 10:49:01.242000,416.9097784420109,1004
2024-09-16 10:49:01.302000,416.89162596178033,105
2024-09-16 10:49:01.331000,416.88843486605526,8
2024-09-16 10:49:01.335000,416.9014581948121,6
2024-09-16 10:49:01.367000,416.9271180386874,9
2024-09-16 10:49:01.407000,416.92960517314776,996
2024-09-16 10:49:01.481000,416.8855884208727,998
2024-09-16 10:49:01.542000,416.8831540271385,14
2024-09-16 10:49:01.567000,416.9009861107686,14
2024-09-16 10:49:01.589000,416.8812892563553,97
2024-09-16 10:49:01.636000,416.8461544401631,7
2024-09-16 10:49:01.650000,416.91894889500304,100
2024-09-16 10:49:01.704000,416.86595046128815,6
2024-09-16 10:49:01.773000,416.9044707498464,104
2024-09-16 10:49:01.778000,416.878996225561,996
2024-09-16 10:49:01.873000,416.89136240281766,105
2024-09-16 10:49:01.875000,416.903234424153,7
2024-09-16 10:49:01.936000,416.89549911870967,101
2024-09-16 10:49:01.968000,416.9088776580789,100
2024-09-16 10:49:01.996000,416.9242150556961,6
2024-09-16 10:49:02.065000,416.8534188361186,13
2024-09-16 10:49:02.105000,416.856541539733,999
2024-09-16 10:49:02.169000,416.8099292682308,997
2024-09-16 10:49:02.219000,416.8445331868334,101
2024-09-16 10:49:02.256000,416.8589875260175,100
2024-09-16 10:49:02.328000,416.8279601317453,105
2024-09-16 10:49:02.427000,416.8484230075612,995
2024-09-16 10:49:02.476000,416.81783913248864,97
2024-09-16 10:49:02.638000,416.84999834498905,102
2024-09-16 10:49:02.650000,416.83341707431066,97
2024-09-16 10:49:02.709000,416.8181432279754,999
2024-09-16 10:49:02.775000,416.8326306485032,1004
2024-09-16 10:49:02.800000,416.8581299684289,998
2024-09-16 10:49:02.883000,416.85084125232106,7
2024-09-16 10:49:02.898000,416.8450093199189,15
2024-09-16 10:49:03.031000,416.7966146175136,13
2024-09-16 10:49:03.096000,416.8073539045526,103
2024-09-16 10:49:03.106000,416.7894138893775,1003
2024-09-16 10:49:03.220000,416.818312079609,997
2024-09-16 10:49:03.261000,416.8022408378071,996
2024-09-16 10:49:03.290000,416.7958138319426,1003
2024-09-16 10:49:03.316000,416.82601501921374,9
2024-09-16 10:49:03.346000,416.7855743271659,7
2024-09-16 10:49:03.428000,416.80479258087456,104
2024-09-16 10:49:03.460000,416.8060073369572,15
2024-09-16 10:49:03.545000,416.8124731097592,7
2024-09-16 10:49:03.749000,416.794454821956,1004
2024-09-16 10:49:03.778000,416.7898794181447,103
2024-09-16 10:49:03.871000,416.81246222939865,997
2024-09-16 10:49:03.909000,416.7982990011227,1002
2024-09-16 10:49:03.957000,416.7873428213448,101
2024-09-16 10:49:03.973000,416.7934656246695,997
2024-09-16 10:49:03.973000,416.8168811669057,6
2024-09-16 10:49:03.982000,416.80055906874935,1002
2024-09-16 10:49:03.983000,416.7925407230922,996
2024-09-16 10:49:04.065000,416.88504146377096,104
2024-09-16 10:49:04.149000,416.8578874364009,103
2024-09-16 10:49:04.253000,416.8651074749639,102
2024-09-16 10:49:04.537000,416.84046875137966,8
2024-09-16 10:49:04.556000,416.81047445536313,15
2024-09-16 10:49:04.590000,416.853362748106,1005
2024-09-16 10:49:04.603000,416.8677259392176,6
2024-09-16 10:49:04.606000,416.85557618031055,95
2024-09-16 10:49:04.673000,416.8588526767093,997
2024-09-16 10:49:04.751000,416.8330342002302,1005
2024-09-16 10:49:04.876000,416.79989865347807,102
2024-09-16 10:49:04.985000,416.8387767777664,999
2024-09-16 10:49:05.013000,416.80097290169095,1001
2024-09-16 10:49:05.017000,416.8710383464656,101
2024-09-16 10:49:05.029000,416.8457425418863,999
2024-09-16 10:49:05.032000,416.8487371802808,997
2024-09-16 10:49:05.069000,416.8723743072669,997
2024-09-16 10:49:05.226000,416.88057884915526,102
2024-09-16 10:49:05.314000,416.8882886770718,95
2024-09-16 10:49:05.337000,416.8659584123076,99
2024-09-16 10:49:05.340000,416.80913554796376,99
2024-09-16 10:49:05.349000,416.8533101096784,5
2024-09-16 10:49:05.375000,416.8115325624096,97
2024-09-16 10:49:05.387000,416.863161736151,995
2024-09-16 10:49:05.424000,416.8659581483568,12
2024-09-16 10:49:05.519000,416.83043277544033,1005
2024-09-16 10:49:05.619000,416.810321891209,101
2024-09-16 10:49:05.622000,416.8468245762641,997
2024-09-16 10:49:05.653000,416.82582445806486,98
2024-09-16 10:49:05.655000,416.862763306611,7
2024-09-16 10:49:05.671000,416.8530123438729,105
2024-09-16 10:49:05.712000,416.84728041940303,1003
2024-09-16 10:49:05.747000,416.839852051389,101
2024-09-16 10:49:05.753000,416.85807785217565,101
2024-09-16 10:49:05.798000,416.79644806392434,95
2024-09-16 10:49:05.802000,416.8418708837237,96
2024-09-16 10:49:05.820000,416.8143563667799,98
2024-09-16 10:49:05.868000,416.8521787621444,99
2024-09-16 10:49:05.907000,416.78183694509113,6
2024-09-16 10:49:05.911000,416.85040245321824,7
2024-09-16 10:49:05.971000,416.8620686359359,103
2024-09-16 10:49:06.100000,416.7612184919233,98
2024-09-16 10:49:06.212000,416.7647215001333,996
2024-09-16 10:49:06.221000,416.770403763666,1001
2024-09-16 10:49:06.254000,416.7410214135584,95
2024-09-16 10:49:06.499000,416.7975098595554,13
2024-09-16 10:49:06.524000,416.7549885250535,11
2024-09-16 10:49:06.615000,416.784963153033,14
2024-09-16 10:49:06.645000,416.75045218776137,1002
2024-09-16 10:49:06.691000,416.7727328196664,96
2024-09-16 10:49:06.919000,416.75083407804135,15
2024-09-16 10:49:07.080000,416.77503027916487,95
2024-09-16 10:49:07.097000,416.78270317175554,1000
2024-09-16 10:49:07.126000,416.8350971656634,997
2024-09-16 10:49:07.205000,416.8615461250976,6
2024-09-16 10:49:07.212000,416.8592970326098,8
2024-09-16 10:49:07.219000,416.7843568176027,997
2024-09-16 10:49:07.224000,416.7795271601002,100
2024-09-16 10:49:07.380000,416.8119094632891,1004
2024-09-16 10:49:07.480000,416.7655737071893,9
2024-09-16 10:49:07.490000,416.7796578222244,98
2024-09-16 10:49:07.602000,416.85409469987536,1005
2024-09-16 10:49:07.612000,416.7721061635677,15
2024-09-16 10:49:07.754000,416.8255570461503,997
2024-09-16 10:49:07.763000,416.76704072102814,1001
2024-09-16 10:49:07.836000,416.7620227568303,15
2024-09-16 10:49:07.838000,416.7882675546342,15
2024-09-16 10:49:07.849000,416.867016943083,98
2024-09-16 10:49:07.909000,416.7989231997324,100
2024-09-16 10:49:07.969000,416.7880255801781,998
2024-09-16 10:49:08.341000,416.9221792231061,14
2024-09-16 10:49:08.422000,416.8498949246946,104
2024-09-16 10:49:08.431000,416.8318612059526,11
2024-09-16 10:49:08.631000,416.900073366342,1005
2024-09-16 10:49:08.741000,416.8488638382084,997
2024-09-16 10:49:08.759000,416.8390960750191,99
2024-09-16 10:49:08.780000,416.8715316855119,104
2024-09-16 10:49:08.793000,416.8416475756385,10
2024-09-16 10:49:08.795000,416.8416565481911,6
2024-09-16 10:49:08.866000,416.8898081573304,11
2024-09-16 10:49:09.051000,416.95358230904014,1002
2024-09-16 10:49:09.165000,416.9686246629667,96
2024-09-16 10:49:09.247000,416.9574064615457,7
2024-09-16 10:49:09.305000,416.90110659509935,995
2024-09-16 10:49:09.354000,416.9500130824904,12
2024-09-16 10:49:09.640000,416.9338484684414,11
2024-09-16 10:49:09.684000,416.9094741659532,14
2024-09-16 10:49:09.750000,416.91873758216224,7
2024-09-16 10:49:09.852000,416.91070022507193,7
2024-09-16 10:49:10.087000,416.94704046646456,1000
2024-09-16 10:49:10.238000,416.9315989788116,9
2024-09-16 10:49:10.307000,416.9121590396909,1001
2024-09-16 10:49:10.521000,416.95826987168505,1000
2024-09-16 10:49:10.757000,416.9262053417877,96
2024-09-16 10:49:10.958000,416.9365585538816,10
2024-09-16 10:49:11.263000,416.9259737278776,1002
2024-09-16 10:49:11.569000,416.9404007459833,9
2024-09-16 10:49:11.688000,416.9362884664926,7
2024-09-16 10:49:12.244000,416.9340874605008,1004
2024-09-16 10:49:12.249000,416.9459710736514,13
2024-09-16 10:49:12.289000,416.9172157412436,1002
2024-09-16 10:49:12.355000,416.9586657052668,5
2024-09-16 10:49:12.375000,416.95980951431176,1003
2024-09-16 10:49:12.387000,416.91777762103777,104
2024-09-16 10:49:12.393000,416.9150475653733,105
2024-09-16 10:49:12.415000,416.92949548739193,1000
2024-09-16 10:49:12.460000,416.9610734873594,997
2024-09-16 10:49:12.717000,416.9631404898828,5
2024-09-16 10:49:12.741000,416.9242317068424,12
2024-09-16 10:49:12.792000,416.9342660943592,95
2024-09-16 10:49:12.898000,416.9454812370233,95
2024-09-16 10:49:12.926000,416.9138363336967,12
2024-09-16 10:49:12.930000,416.9323221802781,14
2024-09-16 10:49:12.935000,416.94461794972926,8
2024-09-16 10:49:12.955000,416.9658021973414,101
2024-09-16 10:49:12.963000,416.96394655043,1003
2024-09-16 10:49:14.019000,416.9351767491132,1002
2024-09-16 10:49:14.114000,416.949162441132,12
2024-09-16 10:49:14.129000,416.97268302475385,1004
2024-09-16 10:49:14.174000,416.9172511899977,1003
2024-09-16 10:49:14.175000,416.9179147558869,9
2024-09-16 10:49:14.179000,416.9773311100487,999
2024-09-16 10:49:14.180000,416.90997448681946,96
2024-09-16 10:49:14.319000,416.9235159061487,997
2024-09-16 10:49:14.328000,416.94155603143207,104
2024-09-16 10:49:14.378000,416.8975004342139,7
2024-09-16 10:49:14.391000,416.9025993498714,98
2024-09-16 10:49:14.393000,416.9622628217077,1005
2024-09-16 10:49:14.506000,416.9214240810805,104
2024-09-16 10:49:14.538000,416.94128559304926,1003
2024-09-16 10:49:14.539000,416.965725360596,101
2024-09-16 10:49:14.572000,416.9115282615634,15
2024-09-16 10:49:14.627000,416.9367254255272,1005
2024-09-16 10:49:14.637000,416.94320236528216,7
2024-09-16 10:49:14.640000,416.9686167875788,10
2024-09-16 10:49:14.677000,416.97756948126334,14
2024-09-16 10:49:14.706000,416.91043985453285,96
2024-09-16 10:49:14.765000,416.90951562004193,13
2024-09-16 10:49:14.770000,416.913830827407,1003
2024-09-16 10:49:14.867000,416.9524907248753,1004
2024-09-16 10:49:14.938000,416.9624201591897,15
2024-09-16 10:49:14.963000,416.9788629284125,995
2024-09-16 10:49:14.965000,416.9358804744888,8
2024-09-16 10:49:15.032000,416.9182844954533,12
2024-09-16 10:49:15.042000,416.902116650752,6
2024-09-16 10:49:15.068000,416.91467247246266,997
2024-09-16 10:49:15.087000,416.90272171931525,1001
2024-09-16 10:49:15.117000,416.9012332793717,8
2024-09-16 10:49:15.171000,416.9025280689843,97
2024-09-16 10:49:15.174000,416.9153287863853,9
2024-09-16 10:49:15.185000,416.94010498231535,96
2024-09-16 10:49:15.219000,416.868733841589,10
2024-09-16 10:49:15.232000,416.9319331073801,13
2024-09-16 10:49:15.257000,416.91938141844855,11
2024-09-16 10:49:15.343000,416.9172502820696,9
2024-09-16 10:49:15.381000,416.8538072701206,98
2024-09-16 10:49:15.386000,416.9268815760528,1004
2024-09-16 10:49:15.411000,416.87677136448,1004
2024-09-16 10:49:15.431000,416.8702962009437,1002
2024-09-16 10:49:15.452000,416.8901085527196,1004
2024-09-16 10:49:15.467000,416.8845150730154,6
2024-09-16 10:49:15.553000,416.9088936581844,6
2024-09-16 10:49:15.587000,416.8825554723509,6
2024-09-16 10:49:15.613000,416.9130204353675,12
2024-09-16 10:49:15.622000,416.9092903934861,1002
2024-09-16 10:49:15.653000,416.884670403969,1001
2024-09-16 10:49:15.703000,416.9311607667055,103
2024-09-16 10:49:15.800000,416.8827048762648,9
2024-09-16 10:49:15.813000,416.909882859304,1004
2024-09-16 10:49:15.826000,416.87952712885385,105
2024-09-16 10:49:15.837000,416.93026353307386,98
2024-09-16 10:49:15.911000,416.85739891202365,998
2024-09-16 10:49:16.076000,416.86934338887926,105
2024-09-16 10:49:16.088000,416.8486778999473,1001
2024-09-16 10:49:16.102000,416.9154080244626,996
2024-09-16 10:49:16.147000,416.863475834235,1005
2024-09-16 10:49:16.179000,416.89421027305474,97
2024-09-16 10:49:16.224000,416.867774004983,995
2024-09-16 10:49:16.284000,416.88650618150217,7
2024-09-16 10:49:16.316000,416.8989450930412,105
2024-09-16 10:49:16.332000,416.8650186782625,104
2024-09-16 10:49:16.357000,416.88407791741264,8
2024-09-16 10:49:16.397000,416.93674894355365,14
2024-09-16 10:49:16.441000,416.85682643237936,103
2024-09-16 10:49:16.624000,416.8670471657535,996
2024-09-16 10:49:16.624000,416.8626866317718,100
2024-09-16 10:49:16.676000,416.8627539855927,13
2024-09-16 10:49:16.692000,416.8491646267506,998
2024-09-16 10:49:16.834000,416.8746428668814,7
2024-09-16 10:49:16.883000,416.8710682293776,102
2024-09-16 10:49:16.913000,416.8493736563987,10
2024-09-16 10:49:16.938000,416.883910741758,105
2024-09-16 10:49:16.953000,416.9070760963603,12
2024-09-16 10:49:16.959000,416.8711033094041,12
2024-09-16 10:49:16.975000,416.8776930094487,99
2024-09-16 10:49:17.011000,416.99233223279,96
2024-09-16 10:49:17.125000,416.9078099679853,1000
2024-09-16 10:49:17.184000,416.9008265959391,7
2024-09-16 10:49:17.281000,416.947140214708,105
2024-09-16 10:49:17.336000,416.9742800495386,102
2024-09-16 10:49:17.362000,416.9794882744562,998
2024-09-16 10:49:17.405000,416.8427587645593,9
2024-09-16 10:49:17.411000,416.8373183280141,10
2024-09-16 10:49:17.465000,416.9632718650353,6
2024-09-16 10:49:17.544000,416.964019203948,1005
2024-09-16 10:49:17.556000,416.8827960850624,13
2024-09-16 10:49:17.556000,416.9682879137292,103
2024-09-16 10:49:17.558000,416.8910594244105,1003
2024-09-16 10:49:17.612000,416.9433877202893,5
2024-09-16 10:49:17.643000,416.9117763335594,1005
2024-09-16 10:49:17.703000,416.86402332841215,1003
2024-09-16 10:49:17.716000,416.9462535937169,103
2024-09-16 10:49:17.754000,416.88692365403057,99
2024-09-16 10:49:17.824000,416.9315888695054,8
2024-09-16 10:49:17.870000,416.8588722912456,103
2024-09-16 10:49:17.907000,416.92946532652746,996
2024-09-16 10:49:17.923000,416.9430664789693,6
2024-09-16 10:49:17.979000,416.9083014356856,9
2024-09-16 10:49:18.596000,416.8750939607276,995
2024-09-16 10:49:18.940000,416.861142713942,103
2024-09-16 10:49:19.065000,416.83766079604425,11
2024-09-16 10:49:19.177000,416.8568886476714,14
2024-09-16 10:49:19.220000,416.9112582576727,98
2024-09-16 10:49:19.337000,416.8962554920161,103
2024-09-16 10:49:19.463000,416.8610785481762,1004
2024-09-16 10:49:19.526000,416.8699987001499,1001
2024-09-16 10:49:19.590000,416.86048347852255,996
2024-09-16 10:49:19.631000,416.8767630638926,98
2024-09-16 10:49:19.726000,416.865623445091,6
2024-09-16 10:49:19.959000,416.836370120422,103
2024-09-16 10:49:19.974000,416.8779128256115,996
2024-09-16 10:49:20.170000,416.9350620897752,101
2024-09-16 10:49:20.243000,416.93595905821655,9
2024-09-16 10:49:20.264000,416.92690713448206,6
2024-09-16 10:49:20.276000,416.9316169104234,13
2024-09-16 10:49:20.298000,416.91679833574,1000
2024-09-16 10:49:20.320000,416.92956407320384,1001
2024-09-16 10:49:20.400000,416.9311654906549,12
2024-09-16 10:49:20.409000,416.9094873686941,105
2024-09-16 10:49:20.506000,416.9260177398237,15
2024-09-16 10:49:20.825000,416.9212786587275,1001
2024-09-16 10:49:20.860000,416.9238381180496,99
2024-09-16 10:49:20.871000,416.92548977226056,102
2024-09-16 10:49:20.928000,416.9121420556638,96
2024-09-16 10:49:21.958000,416.927522987408,15
2024-09-16 10:49:22.072000,416.9240068640391,104
2024-09-16 10:49:22.205000,416.92337284044334,98
2024-09-16 10:49:22.350000,416.94044943342885,100
2024-09-16 10:49:22.410000,416.91074772169407,12
2024-09-16 10:49:22.429000,416.9347806985372,101
2024-09-16 10:49:22.442000,416.91752630542817,99
2024-09-16 10:49:22.482000,416.9512331805532,97
2024-09-16 10:49:22.493000,416.9265623620885,105
2024-09-16 10:49:22.547000,416.91946590050543,14
2024-09-16 10:49:23.209000,416.9619780718037,12
2024-09-16 10:49:23.272000,416.9621405343197,998
2024-09-16 10:49:23.360000,416.95950101364144,105
2024-09-16 10:49:24.113000,416.9648054805757,5
2024-09-16 10:49:24.162000,416.9405721919272,1004
2024-09-16 10:49:24.307000,416.9634989187193,1005
2024-09-16 10:49:24.347000,416.955584237266,98
2024-09-16 10:49:24.354000,416.9520704814677,10
2024-09-16 10:49:24.397000,416.9364696448271,13
2024-09-16 10:49:24.430000,416.96010444531385,15
2024-09-16 10:49:24.464000,416.9496850042439,1000
2024-09-16 10:49:24.506000,416.96455612824974,1004
2024-09-16 10:49:24.547000,416.94389185012153,1003
2024-09-16 10:49:24.569000,416.93089161842965,1004
2024-09-16 10:49:24.573000,416.9697692087273,103
2024-09-16 10:49:24.599000,416.9545211884472,997
2024-09-16 10:49:24.603000,416.94096411187286,9
2024-09-16 10:49:24.645000,416.9509757431295,104
2024-09-16 10:49:24.804000,416.9481577136811,995
2024-09-16 10:49:24.945000,416.93854932708905,105
2024-09-16 10:49:24.957000,416.97387800052354,15
2024-09-16 10:49:25.012000,416.9571253783735,103
2024-09-16 10:49:25.060000,416.9099265202414,13
2024-09-16 10:49:25.105000,416.8789325388228,10
2024-09-16 10:49:25.164000,416.8612482133497,5
2024-09-16 10:49:25.238000,416.9556911151912,13
2024-09-16 10:49:25.264000,416.97626516470086,9
2024-09-16 10:49:25.323000,416.8996392613133,14
2024-09-16 10:49:25.429000,416.8827631096855,995
2024-09-16 10:49:25.458000,416.86253980819646,97
2024-09-16 10:49:25.479000,416.9188541324637,98
2024-09-16 10:49:25.482000,416.8798297794879,1005
2024-09-16 10:49:25.534000,416.9244127254372,996
2024-09-16 10:49:25.544000,416.9019507784404,96
2024-09-16 10:49:25.549000,416.9653290796382,95
2024-09-16 10:49:25.556000,416.9278260662302,1005
2024-09-16 10:49:25.591000,416.9651339555616,997
2024-09-16 10:49:25.596000,416.9108902601579,100
2024-09-16 10:49:25.624000,416.9451669038435,6
2024-09-16 10:49:25.626000,416.9725575745586,995
2024-09-16 10:49:25.683000,416.8815174676202,997
2024-09-16 10:49:25.724000,416.9910437463563,1002
2024-09-16 10:49:25.731000,416.9849547243987,995
2024-09-16 10:49:25.749000,416.916192195979,103
2024-09-16 10:49:25.815000,416.9204717101001,12
2024-09-16 10:49:25.819000,416.885045675013,995
2024-09-16 10:49:25.821000,416.91992626238135,12
2024-09-16 10:49:25.878000,416.94921659773945,11
2024-09-16 10:49:25.944000,416.8704017262403,998
2024-09-16 10:49:26.040000,416.84166906850425,7
2024-09-16 10:49:26.048000,416.8970889199223,998
2024-09-16 10:49:26.052000,416.8884257462232,1005
2024-09-16 10:49:26.057000,416.8387926915078,999
2024-09-16 10:49:26.149000,416.8404538609482,996
2024-09-16 10:49:26.164000,416.9402087143922,1001
2024-09-16 10:49:26.189000,416.8956435617861,105
2024-09-16 10:49:26.547000,416.9181170851057,1002
2024-09-16 10:49:26.553000,416.83629186282514,1005
2024-09-16 10:49:26.743000,416.9396484647981,1005
2024-09-16 10:49:26.808000,416.9416122947085,96
2024-09-16 10:49:26.819000,416.8685923333333,102
2024-09-16 10:49:26.889000,416.9464654727906,13
2024-09-16 10:49:26.908000,416.9021528819329,100
2024-09-16 10:49:26.914000,416.94700988368334,12
2024-09-16 10:49:26.947000,416.92555763349145,1004
2024-09-16 10:49:27.489000,416.9276065460928,9
2024-09-16 10:49:27.953000,416.93339104096,8
2024-09-16 10:49:28.023000,416.9466760958935,9
2024-09-16 10:49:28.024000,416.9014091832218,5
2024-09-16 10:49:28.030000,416.9099949140462,102
2024-09-16 10:49:28.120000,416.8536835349766,1004
2024-09-16 10:49:28.131000,416.91391123839423,10
2024-09-16 10:49:28.252000,416.91753793181215,11
2024-09-16 10:49:28.318000,416.925375844932,12
2024-09-16 10:49:28.323000,416.9209021866201,100
2024-09-16 10:49:28.399000,416.9086255062025,99
2024-09-16 10:49:28.404000,416.92269087272126,10
2024-09-16 10:49:28.449000,416.84192444236623,98
2024-09-16 10:49:28.455000,416.8468581809624,1005
2024-09-16 10:49:28.479000,416.9403167421783,1005
2024-09-16 10:49:28.483000,416.915352513004,999
2024-09-16 10:49:28.566000,416.9048323146088,997
2024-09-16 10:49:28.605000,416.9224613846389,999
2024-09-16 10:49:28.634000,416.9129358406571,104
2024-09-16 10:49:28.644000,416.9456687792307,1004
2024-09-16 10:49:28.651000,416.8889870411279,102
2024-09-16 10:49:28.752000,416.94034241217577,95
2024-09-16 10:49:28.765000,416.9264326425327,8
2024-09-16 10:49:28.828000,416.9203129405235,1003
2024-09-16 10:49:28.858000,416.8894576707245,1005
2024-09-16 10:49:28.886000,416.9192377887771,12
2024-09-16 10:49:28.938000,416.84058930819975,1005
2024-09-16 10:49:29.108000,416.8132419981079,105
2024-09-16 10:49:29.152000,416.8186422636455,97
2024-09-16 10:49:29.173000,416.8186456212325,1003
2024-09-16 10:49:29.225000,416.8202396285527,1005
2024-09-16 10:49:29.324000,416.8165560675119,998
2024-09-16 10:49:29.349000,416.79905594977896,13
2024-09-16 10:49:29.353000,416.8121931456788,997
2024-09-16 10:49:29.375000,416.7833805503302,995
2024-09-16 10:49:29.412000,416.7765667018494,104
2024-09-16 10:49:29.444000,416.7890432548828,10
2024-09-16 10:49:29.559000,416.78081371805865,1001
2024-09-16 10:49:29.594000,416.7799585488944,1005
2024-09-16 10:49:29.751000,416.80717043771824,1003
2024-09-16 10:49:29.845000,416.812059785853,100
2024-09-16 10:49:29.896000,416.8113865247804,14
2024-09-16 10:49:29.927000,416.8031845054454,995
2024-09-16 10:49:30.070000,416.81681438367326,98
2024-09-16 10:49:30.119000,416.8351388912714,10
2024-09-16 10:49:30.354000,416.82403893789547,11
2024-09-16 10:49:30.470000,416.8251276765775,97
2024-09-16 10:49:30.478000,416.7886651830735,14
2024-09-16 10:49:30.511000,416.8252365303617,8
2024-09-16 10:49:30.948000,416.8156970764657,1003
2024-09-16 10:49:31.086000,416.7259484273451,100
2024-09-16 10:49:31.124000,416.80068563194015,999
2024-09-16 10:49:31.126000,416.7392737356411,996
2024-09-16 10:49:31.200000,416.82752211240063,98
2024-09-16 10:49:31.208000,416.7393047786021,6
2024-09-16 10:49:31.276000,416.7408285386839,1001
2024-09-16 10:49:31.310000,416.80816623052607,1000
2024-09-16 10:49:31.315000,416.7695887499544,1000
2024-09-16 10:49:31.362000,416.8062495609559,97
2024-09-16 10:49:31.363000,416.7363854825389,996
2024-09-16 10:49:31.383000,416.7154806290055,99
2024-09-16 10:49:31.409000,416.7369530059896,997
2024-09-16 10:49:31.497000,416.756713285282,995
2024-09-16 10:49:31.503000,416.8310261102968,997
2024-09-16 10:49:31.717000,416.7594803746473,15
2024-09-16 10:49:31.766000,416.77811769228407,95
2024-09-16 10:49:31.838000,416.7431707441697,13
2024-09-16 10:49:31.974000,416.82131453123657,102
2024-09-16 10:49:31.983000,416.7360165907939,8
2024-09-16 10:49:31.986000,416.77331696893503,1000
2024-09-16 10:49:31.999000,416.7444834548932,15
2024-09-16 10:49:32.008000,416.7965215677303,99
2024-09-16 10:49:32.016000,416.7695627521434,1001
2024-09-16 10:49:32.050000,416.7463048985653,1004
2024-09-16 10:49:32.051000,416.7214523719945,999
2024-09-16 10:49:32.093000,416.7092541026329,1000
2024-09-16 10:49:32.107000,416.7790635133152,998
2024-09-16 10:49:32.194000,416.7289641891369,9
2024-09-16 10:49:32.254000,416.7736494341205,95
2024-09-16 10:49:32.298000,416.7792265084176,13
2024-09-16 10:49:32.323000,416.8284854897757,997
2024-09-16 10:49:32.366000,416.81632992685473,102
2024-09-16 10:49:32.505000,416.789032107365,105
2024-09-16 10:49:32.509000,416.75907107730535,7
2024-09-16 10:49:32.523000,416.7218165418036,996
2024-09-16 10:49:32.528000,416.79206845506553,995
2024-09-16 10:49:32.647000,416.7808419311537,98
2024-09-16 10:49:32.655000,416.7639455507371,103
2024-09-16 10:49:32.779000,416.7889332726841,13
2024-09-16 10:49:32.802000,416.7351342936489,96
2024-09-16 10:49:32.844000,416.71771182579033,101
2024-09-16 10:49:32.855000,416.8227861100595,8
2024-09-16 10:49:32.862000,416.8103834223536,998
2024-09-16 10:49:32.882000,416.69934199170666,102
2024-09-16 10:49:32.964000,416.739137189722,1003
2024-09-16 10:49:33.081000,416.7624575739727,11
2024-09-16 10:49:33.111000,416.73632932673615,96
2024-09-16 10:49:33.120000,416.68704607958665,95
2024-09-16 10:49:33.124000,416.7610755016341,6
2024-09-16 10:49:33.155000,416.67867619587633,995
2024-09-16 10:49:33.253000,416.7795964373554,11
2024-09-16 10:49:33.291000,416.7438939045268,14
2024-09-16 10:49:33.302000,416.7034827609956,98
2024-09-16 10:49:33.380000,416.7310365078059,105
2024-09-16 10:49:33.403000,416.7313938590953,1000
2024-09-16 10:49:33.427000,416.7233939862846,98
2024-09-16 10:49:33.446000,416.7419471960284,101
2024-09-16 10:49:33.452000,416.7384415491938,1002
2024-09-16 10:49:33.556000,416.7251330081454,95
2024-09-16 10:49:33.641000,416.77472993474447,1000
2024-09-16 10:49:33.696000,416.79676416417215,1002
2024-09-16 10:49:33.740000,416.7424641353039,8
2024-09-16 10:49:33.854000,416.7836159229654,1005
2024-09-16 10:49:33.858000,416.78706592637775,100
2024-09-16 10:49:33.887000,416.7417558725018,96
2024-09-16 10:49:33.908000,416.7193143447964,11
2024-09-16 10:49:34.003000,416.8204325850777,998
2024-09-16 10:49:34.030000,416.781740675088,6
2024-09-16 10:49:34.041000,416.7739973848785,104
2024-09-16 10:49:34.079000,416.781265278443,101
2024-09-16 10:49:34.090000,416.80743116574,10
2024-09-16 10:49:34.103000,416.7880222851958,996
2024-09-16 10:49:34.110000,416.78694843306897,1005
2024-09-16 10:49:34.172000,416.794497272224,1000
2024-09-16 10:49:34.305000,416.7775187628556,104
2024-09-16 10:49:34.328000,416.7753531126098,1001
2024-09-16 10:49:34.534000,416.7921203966689,6
2024-09-16 10:49:34.585000,416.8094473465483,103
2024-09-16 10:49:34.665000,416.8074547355151,995
2024-09-16 10:49:34.725000,416.78682664587353,95
2024-09-16 10:49:34.726000,416.76911281571455,1000
2024-09-16 10:49:34.755000,416.775556104201,1000
2024-09-16 10:49:34.783000,416.83645424025855,104
2024-09-16 10:49:34.801000,416.7830033108376,1001
2024-09-16 10:49:34.849000,416.76976697718,1003
2024-09-16 10:49:34.873000,416.77969043284776,9
2024-09-16 10:49:34.943000,416.7848890950212,8
2024-09-16 10:49:34.996000,416.7770273806452,996
2024-09-16 10:49:35.110000,416.8600756529251,1001
2024-09-16 10:49:35.182000,416.8482337610945,102
2024-09-16 10:49:35.193000,416.8489307095535,1003
2024-09-16 10:49:35.194000,416.8697947060325,101
2024-09-16 10:49:35.350000,416.8149877162255,95
2024-09-16 10:49:35.377000,416.8765879248483,1001
2024-09-16 10:49:35.397000,416.85203520717727,97
2024-09-16 10:49:35.494000,416.8412251524029,5
2024-09-16 10:49:35.579000,416.8396407693152,98
2024-09-16 10:49:35.625000,416.8312204853669,104
2024-09-16 10:49:35.642000,416.8866948573656,9
2024-09-16 10:49:35.689000,416.865726614207,995
2024-09-16 10:49:35.693000,416.8032338305381,15
2024-09-16 10:49:35.787000,416.8620816306213,1005
2024-09-16 10:49:35.820000,416.8451022643844,7
2024-09-16 10:49:35.847000,416.8672320361611,997
2024-09-16 10:49:35.850000,416.84908130780417,13
2024-09-16 10:49:36.018000,416.9157769502451,8
2024-09-16 10:49:36.409000,416.9181327978673,102
2024-09-16 10:49:36.564000,416.8927620767114,5
2024-09-16 10:49:36.723000,416.8813374921856,96
2024-09-16 10:49:37.032000,416.93707692503455,1000
2024-09-16 10:49:37.372000,416.9257359576293,996
2024-09-16 10:49:37.881000,416.94711395547125,13
2024-09-16 10:49:37.884000,416.94973276018817,999
2024-09-16 10:49:37.891000,416.9252736534168,995
2024-09-16 10:49:37.958000,416.9347253413238,998
2024-09-16 10:49:38.110000,416.9374501274804,8
2024-09-16 10:49:38.141000,416.9119901639024,11
2024-09-16 10:49:38.156000,416.90536848797655,97
2024-09-16 10:49:38.303000,416.9134249866224,104
2024-09-16 10:49:38.308000,416.9219970664892,101
2024-09-16 10:49:38.378000,416.9207267491548,11
2024-09-16 10:49:38.432000,416.918854588215,6
2024-09-16 10:49:38.461000,416.9298655166638,14
2024-09-16 10:49:38.511000,416.9158337554109,101
2024-09-16 10:49:38.564000,416.9228505397704,6
2024-09-16 10:49:38.574000,416.9222894773975,1002
2024-09-16 10:49:38.617000,416.9174277430034,1004
2024-09-16 10:49:38.695000,416.9373836162439,12
2024-09-16 10:49:38.708000,416.9221805398983,1000
2024-09-16 10:49:38.793000,416.9201292750101,10
2024-09-16 10:49:38.795000,416.9239601922326,998
2024-09-16 10:49:38.865000,416.9258092010488,12
2024-09-16 10:49:38.882000,416.9118913647918,1001
2024-09-16 10:49:38.928000,416.9322337467376,14
2024-09-16 10:49:38.961000,416.9110255644019,105
2024-09-16 10:49:39.121000,416.9276222870843,998
2024-09-16 10:49:39.186000,416.93635839881017,10
2024-09-16 10:49:39.473000,416.9375507371933,997
2024-09-16 10:49:39.474000,416.8936554063252,105
2024-09-16 10:49:39.474000,416.9443788337276,998
2024-09-16 10:49:39.530000,416.9331712712436,14
2024-09-16 10:49:39.584000,416.9236615151907,100
2024-09-16 10:49:40.037000,416.90571147888585,104
2024-09-16 10:49:40.056000,416.9092444648831,15
2024-09-16 10:49:40.130000,416.9528321617114,7
2024-09-16 10:49:40.228000,416.93161287930513,12
2024-09-16 10:49:40.329000,416.9348194217756,1001
2024-09-16 10:49:40.374000,416.9076836488264,13
2024-09-16 10:49:40.423000,416.9037833545283,95
2024-09-16 10:49:40.449000,416.9194716465016,998
2024-09-16 10:49:40.458000,416.9206873256887,1004
2024-09-16 10:49:40.483000,416.8969919120802,7
2024-09-16 10:49:40.563000,416.9371700162621,103
2024-09-16 10:49:40.580000,416.9322480304848,7
2024-09-16 10:49:40.581000,416.89765469749824,102
2024-09-16 10:49:40.582000,416.9050008074573,99
2024-09-16 10:49:40.589000,416.9282503705129,1004
2024-09-16 10:49:40.612000,416.9069888936791,10
2024-09-16 10:49:40.622000,416.9301015267502,995
2024-09-16 10:49:40.645000,416.92830271521,11
2024-09-16 10:49:40.697000,416.9490551197364,10
2024-09-16 10:49:40.698000,416.90873820322514,100
2024-09-16 10:49:40.711000,416.9005838607166,12
2024-09-16 10:49:40.740000,416.9428868249352,1003
2024-09-16 10:49:40.806000,416.9089762032219,12
2024-09-16 10:49:40.813000,416.925444150927,96
2024-09-16 10:49:40.870000,416.9207697819917,101
2024-09-16 10:49:40.916000,416.9388529043407,10
2024-09-16 10:49:41.184000,416.8905526295175,96
2024-09-16 10:49:41.366000,416.9080998131228,97
2024-09-16 10:49:41.585000,416.9160769672284,11
2024-09-16 10:49:41.977000,416.9300652171136,102
2024-09-16 10:49:42.001000,416.9262401285334,98
2024-09-16 10:49:42.019000,416.9093746772107,95
2024-09-16 10:49:42.039000,416.8803374827723,998
2024-09-16 10:49:42.219000,416.8767668500096,15
2024-09-16 10:49:42.251000,416.938766174122,999
2024-09-16 10:49:42.295000,416.8499611198355,997
2024-09-16 10:49:42.305000,416.84002320728814,105
2024-09-16 10:49:42.601000,416.9008713190466,995
2024-09-16 10:49:42.646000,416.8902991386348,995
2024-09-16 10:49:42.818000,416.8702410432147,10
2024-09-16 10:49:42.839000,416.83562635918673,997
2024-09-16 10:49:42.877000,416.92830373933066,1001
2024-09-16 10:49:42.969000,416.8673431727029,104
2024-09-16 10:49:42.982000,416.91214273587457,14
2024-09-16 10:49:42.990000,416.8690177900563,1003
2024-09-16 10:49:43.168000,416.9673562231066,97
2024-09-16 10:49:43.184000,416.96788467119313,10
2024-09-16 10:49:43.406000,416.9332623782271,13
2024-09-16 10:49:43.592000,416.953985485204,998
2024-09-16 10:49:44.038000,416.980645086154,997
2024-09-16 10:49:44.404000,416.98252126812537,12
2024-09-16 10:49:44.665000,416.9946592377752,98
2024-09-16 10:49:45.057000,416.9765892145195,15
2024-09-16 10:49:45.094000,417.0024075541846,15
2024-09-16 10:49:45.095000,417.0486231047181,1002
2024-09-16 10:49:45.147000,417.0541594984752,8
2024-09-16 10:49:45.169000,417.0514770925941,7
2024-09-16 10:49:45.297000,417.0084487967184,102
2024-09-16 10:49:45.297000,417.0127517564915,101
2024-09-16 10:49:45.306000,416.9994367841357,1003
2024-09-16 10:49:45.382000,417.0712508123387,999
2024-09-16 10:49:45.410000,417.051918379156,995
2024-09-16 10:49:45.532000,417.00452996121794,1004
2024-09-16 10:49:45.582000,417.0118663505352,101
2024-09-16 10:49:45.630000,416.9971784855304,96
2024-09-16 10:49:45.701000,417.0308692670288,99
2024-09-16 10:49:45.780000,417.030015020864,1002
2024-09-16 10:49:45.839000,416.9924114318575,10
2024-09-16 10:49:45.844000,416.9982297754134,995
2024-09-16 10:49:45.859000,417.01541262663096,100
2024-09-16 10:49:45.935000,417.015447769732,9
2024-09-16 10:49:45.945000,416.9780458198705,96
2024-09-16 10:49:46.039000,417.12372626997046,1005
2024-09-16 10:49:46.091000,417.1583345751914,6
2024-09-16 10:49:46.131000,417.1697747758444,13
2024-09-16 10:49:46.245000,417.1159951658668,1005
2024-09-16 10:49:46.346000,417.0981449100216,97
2024-09-16 10:49:46.451000,417.169175866812,997
2024-09-16 10:49:46.457000,417.1226058979173,11
2024-09-16 10:49:46.507000,417.131586294798,97
2024-09-16 10:49:46.553000,417.1610899504716,15
2024-09-16 10:49:46.560000,417.0837119859995,1004
2024-09-16 10:49:46.577000,417.0589689582875,6
2024-09-16 10:49:46.631000,417.1473498016357,13
2024-09-16 10:49:46.651000,417.1145694893828,100
2024-09-16 10:49:46.722000,417.0833971296212,98
2024-09-16 10:49:46.859000,417.1430497629068,1004
2024-09-16 10:49:46.891000,417.1214876165826,13
2024-09-16 10:49:46.974000,417.102671823046,9
2024-09-16 10:49:47.059000,417.2330309158234,1000
2024-09-16 10:49:47.067000,417.2279212440997,13
2024-09-16 10:49:47.070000,417.20653917112327,12
2024-09-16 10:49:47.088000,417.2211722514626,102
2024-09-16 10:49:47.112000,417.2345527696276,97
2024-09-16 10:49:47.145000,417.21031002461,15
2024-09-16 10:49:47.167000,417.1985338658108,10
2024-09-16 10:49:47.201000,417.2071955216522,105
2024-09-16 10:49:47.220000,417.1848492084707,996
2024-09-16 10:49:47.220000,417.2072798145522,104
2024-09-16 10:49:47.277000,417.2086893171419,998
2024-09-16 10:49:47.309000,417.1982872376496,1000
2024-09-16 10:49:47.369000,417.2192632452874,95
2024-09-16 10:49:47.391000,417.22216605140216,98
2024-09-16 10:49:47.395000,417.1754425930473,15
2024-09-16 10:49:47.444000,417.22267315851263,1000
2024-09-16 10:49:47.456000,417.223769295577,1003
2024-09-16 10:49:47.462000,417.2158991407582,1005
2024-09-16 10:49:47.517000,417.2277177253853,999
2024-09-16 10:49:47.529000,417.219918299343,1003
2024-09-16 10:49:47.542000,417.2334218535432,99
2024-09-16 10:49:47.583000,417.2220125765432,995
2024-09-16 10:49:47.601000,417.2110989446304,1005
2024-09-16 10:49:47.739000,417.2345641552769,100
2024-09-16 10:49:47.739000,417.2269595483959,8
2024-09-16 10:49:47.747000,417.2096009566709,998
2024-09-16 10:49:47.747000,417.1906504518438,104
2024-09-16 10:49:47.752000,417.1840673770833,13
2024-09-16 10:49:47.880000,417.19443761268974,12
2024-09-16 10:49:47.946000,417.1944465374949,995
2024-09-16 10:49:48.005000,417.1493189170465,97
2024-09-16 10:49:48.020000,417.00158573724303,14
2024-09-16 10:49:48.041000,416.9796478665879,96
2024-09-16 10:49:48.047000,417.11480976419085,10
2024-09-16 10:49:48.086000,417.0888275536451,104
2024-09-16 10:49:48.229000,416.9681383675879,104
2024-09-16 10:49:48.284000,416.98016248464967,1004
2024-09-16 10:49:48.291000,417.0831326237448,1002
2024-09-16 10:49:48.300000,417.06266343044297,1000
2024-09-16 10:49:48.341000,417.04167340696256,14
2024-09-16 10:49:48.342000,417.0084171485455,101
2024-09-16 10:49:48.365000,417.08717332488254,104
2024-09-16 10:49:48.403000,417.1176015918596,996
2024-09-16 10:49:48.420000,416.9601620228718,1003
2024-09-16 10:49:48.438000,417.1045195270797,1002
2024-09-16 10:49:48.445000,416.9444751132498,99
2024-09-16 10:49:48.455000,417.2071472261811,13
2024-09-16 10:49:48.481000,417.1848542656497,6
2024-09-16 10:49:48.534000,417.137430337722,95
2024-09-16 10:49:48.600000,417.1882231006526,1003
2024-09-16 10:49:48.611000,417.11792472138575,9
2024-09-16 10:49:48.628000,417.10241842300616,1002
2024-09-16 10:49:48.675000,417.1660812233919,997
2024-09-16 10:49:48.840000,416.9812984692954,15
2024-09-16 10:49:48.854000,417.0894191610348,996
2024-09-16 10:49:48.956000,417.10564008559794,995
2024-09-16 10:49:49.007000,416.9734376837061,1004
2024-09-16 10:49:49.019000,416.9150521906573,999
2024-09-16 10:49:49.073000,416.9023095624154,99
2024-09-16 10:49:49.079000,416.92442020435385,8
2024-09-16 10:49:49.102000,416.9678712411349,1000
2024-09-16 10:49:49.164000,416.94465912701577,103
2024-09-16 10:49:49.194000,416.9462752245542,97
2024-09-16 10:49:49.242000,416.9222270991301,13
2024-09-16 10:49:49.288000,416.9285828054543,98
2024-09-16 10:49:49.303000,416.97594416471327,8
2024-09-16 10:49:49.364000,416.9236695335553,995
2024-09-16 10:49:49.426000,416.96612784933575,14
2024-09-16 10:49:49.554000,416.89246030999135,95
2024-09-16 10:49:49.611000,416.9367789242576,9
2024-09-16 10:49:49.667000,416.92676853009175,96
2024-09-16 10:49:49.753000,416.9381358623481,5
2024-09-16 10:49:49.795000,416.8937107068941,5
2024-09-16 10:49:49.828000,416.94507866827246,100
2024-09-16 10:49:49.925000,416.95292401303664,1000
2024-09-16 10:49:49.998000,416.9710785105152,1002
2024-09-16 10:49:50.855000,416.96989175499766,999
2024-09-16 10:49:51.232000,416.9640059737993,998
2024-09-16 10:49:51.320000,416.9652762138152,13
2024-09-16 10:49:51.396000,416.9551930666339,998
2024-09-16 10:49:51.400000,416.9741832899944,10
2024-09-16 10:49:51.533000,416.9714067620501,14
2024-09-16 10:49:51.652000,416.96369110642496,103
2024-09-16 10:49:51.782000,416.9779507904559,5
2024-09-16 10:49:51.827000,416.9668457683346,100
2024-09-16 10:49:51.915000,416.96989724484257,8
2024-09-16 10:49:51.926000,416.9746028762312,6
2024-09-16 10:49:52.028000,416.9514869918971,995
2024-09-16 10:49:52.035000,416.989480269106,99
2024-09-16 10:49:52.046000,416.97781060010215,95
2024-09-16 10:49:52.052000,416.9902840220037,13
2024-09-16 10:49:52.085000,416.97202197770577,104
2024-09-16 10:49:52.167000,416.94677611846487,99
2024-09-16 10:49:52.194000,416.9711508059569,999
2024-09-16 10:49:52.254000,417.00246155044334,14
2024-09-16 10:49:52.334000,416.987014590753,15
2024-09-16 10:49:52.509000,416.9856817835481,995
2024-09-16 10:49:52.579000,416.9607026289709,14
2024-09-16 10:49:52.680000,416.946658889262,11
2024-09-16 10:49:52.737000,416.97310291789273,1003
2024-09-16 10:49:52.780000,417.0083199510295,1003
2024-09-16 10:49:52.821000,416.93690094577823,995
2024-09-16 10:49:52.863000,416.9914447863203,14
2024-09-16 10:49:52.883000,416.9433577510694,999
2024-09-16 10:49:52.936000,416.9760496896997,99
2024-09-16 10:49:52.979000,416.9853046671359,95
2024-09-16 10:49:53.059000,416.86781953885645,996
2024-09-16 10:49:53.144000,416.9045410659895,103
2024-09-16 10:49:53.344000,416.8743391158433,14
2024-09-16 10:49:53.350000,416.9199732214826,15
2024-09-16 10:49:53.358000,416.8824139074105,1000
2024-09-16 10:49:53.372000,416.9075854182221,999
2024-09-16 10:49:53.404000,416.9417860946032,997
2024-09-16 10:49:53.515000,416.88137230426986,1003
2024-09-16 10:49:53.755000,416.8937332203504,14
2024-09-16 10:49:53.763000,416.8892405997307,14
2024-09-16 10:49:53.857000,416.8924419601978,997
2024-09-16 10:49:53.865000,416.9128713313421,995
2024-09-16 10:49:54.205000,416.8540450694287,1000
2024-09-16 10:49:54.293000,416.8430874304926,1003
2024-09-16 10:49:54.421000,416.8867424588791,12
2024-09-16 10:49:54.450000,416.8479227269535,103
2024-09-16 10:49:54.563000,416.86307975704034,14
2024-09-16 10:49:54.602000,416.84991348010647,7
2024-09-16 10:49:54.613000,416.8597765982076,10
2024-09-16 10:49:54.668000,416.84695818726505,12
2024-09-16 10:49:54.774000,416.85530320591903,12
2024-09-16 10:49:54.923000,416.85361280018566,11
2024-09-16 10:49:54.955000,416.8650076921744,14
2024-09-16 10:49:54.961000,416.8827477806996,8
2024-09-16 10:49:54.987000,416.9046945685892,104
2024-09-16 10:49:55.043000,416.8373953772762,1001
2024-09-16 10:49:55.068000,416.9174865713693,5
2024-09-16 10:49:55.115000,416.84360438711946,1003
2024-09-16 10:49:55.214000,416.83328159051496,13
2024-09-16 10:49:55.221000,416.8445592752,101
2024-09-16 10:49:55.456000,416.883902792871,99
2024-09-16 10:49:55.563000,416.81935982156784,1005
2024-09-16 10:49:55.604000,416.8733681117317,1004
2024-09-16 10:49:55.610000,416.84183053063975,1003
2024-09-16 10:49:55.818000,416.89948256985616,995
2024-09-16 10:49:55.918000,416.9029019437351,9
2024-09-16 10:49:56.010000,416.8961685331195,97
2024-09-16 10:49:56.044000,416.8828162914571,6
2024-09-16 10:49:56.123000,416.9235533162544,97
2024-09-16 10:49:56.125000,416.935232384001,995
2024-09-16 10:49:56.162000,416.8950740126925,1002
2024-09-16 10:49:56.238000,416.87865641166223,15
2024-09-16 10:49:56.369000,416.869994673618,1002
2024-09-16 10:49:56.398000,416.9440007824358,96
2024-09-16 10:49:56.404000,416.8741837959682,5
2024-09-16 10:49:56.519000,416.8613082599616,12
2024-09-16 10:49:56.543000,416.87810980838594,10
2024-09-16 10:49:56.583000,416.8851445071706,95
2024-09-16 10:49:56.587000,416.8743051876253,1000
2024-09-16 10:49:56.654000,416.8813795936456,9
2024-09-16 10:49:56.732000,416.8859248063656,102
2024-09-16 10:49:56.742000,416.867322226837,995
2024-09-16 10:49:56.781000,416.9194974904529,1001
2024-09-16 10:49:56.782000,416.9493169140683,999
2024-09-16 10:49:56.791000,416.8710872362224,11
2024-09-16 10:49:56.804000,416.90388072366426,14
2024-09-16 10:49:56.992000,416.8815094966231,99
2024-09-16 10:49:57.070000,416.8720879116031,99
2024-09-16 10:49:57.105000,416.8346882994306,999
2024-09-16 10:49:57.126000,416.84494916951206,8
2024-09-16 10:49:57.228000,416.8735064341652,12
2024-09-16 10:49:57.241000,416.8364871602749,1005
2024-09-16 10:49:57.246000,416.8496543370251,1000
2024-09-16 10:49:57.264000,416.84931913211096,995
2024-09-16 10:49:57.303000,416.85081080676144,9
2024-09-16 10:49:57.350000,416.8710482149901,999
2024-09-16 10:49:57.433000,416.83254824872574,99
2024-09-16 10:49:57.512000,416.85829460343217,97
2024-09-16 10:49:57.695000,416.8543808824609,998
2024-09-16 10:49:57.792000,416.8472025409082,14
2024-09-16 10:49:57.880000,416.86205372370966,100
2024-09-16 10:49:57.893000,416.87772952441736,11
2024-09-16 10:49:57.905000,416.8444037229799,102
2024-09-16 10:49:57.941000,416.86265526733865,11
2024-09-16 10:49:57.967000,416.8648613482478,5
2024-09-16 10:49:58.044000,416.8884887864188,104
2024-09-16 10:49:58.140000,416.85913971438606,102
2024-09-16 10:49:58.162000,416.8456893696037,997
2024-09-16 10:49:58.273000,416.8717208540853,103
2024-09-16 10:49:58.341000,416.8489210314122,1005
2024-09-16 10:49:58.354000,416.85070633898863,1005
2024-09-16 10:49:58.408000,416.8494587568538,999
2024-09-16 10:49:58.425000,416.8435440607389,9
2024-09-16 10:49:58.440000,416.8846996284325,14
2024-09-16 10:49:58.526000,416.8430972992124,99
2024-09-16 10:49:58.568000,416.8529928100425,99
2024-09-16 10:49:58.697000,416.87735905884927,95
2024-09-16 10:49:58.706000,416.8741359057775,5
2024-09-16 10:49:58.729000,416.86609684986286,13
2024-09-16 10:49:58.826000,416.8876913235838,100
2024-09-16 10:49:58.828000,416.856262445513,6
2024-09-16 10:49:58.833000,416.8495033877162,995
2024-09-16 10:49:58.848000,416.8568449908236,95
2024-09-16 10:49:58.905000,416.86361832548727,1002
2024-09-16 10:49:58.921000,416.8575356073568,999
2024-09-16 10:49:58.923000,416.8654218825598,104
2024-09-16 10:49:59.116000,416.8483462559199,995
2024-09-16 10:49:59.209000,416.8560125083719,995
2024-09-16 10:49:59.340000,416.8538336614751,1004
2024-09-16 10:49:59.426000,416.878235976356,1004
2024-09-16 10:49:59.568000,416.857254655978,100
2024-09-16 10:49:59.624000,416.8587316403288,95
2024-09-16 10:49:59.624000,416.8626096117623,96
2024-09-16 10:49:59.686000,416.86140791074456,6
2024-09-16 10:49:59.761000,416.8717258265922,97
2024-09-16 10:49:59.906000,416.8594147886132,104
