Timestamp,Price,Size
2024-09-18 15:33:00.002000,416.78222228747575,997
2024-09-18 15:33:00.027000,416.856128627595,103
2024-09-18 15:33:00.160000,416.8781007381911,1000
2024-09-18 15:33:00.170000,416.8561121394324,12
2024-09-18 15:33:00.191000,416.9124880698693,15
2024-09-18 15:33:00.217000,416.7873069594351,9
2024-09-18 15:33:00.329000,416.8868679256395,1002
2024-09-18 15:33:00.344000,416.8458424841374,95
2024-09-18 15:33:00.471000,416.9410735235096,15
2024-09-18 15:33:00.474000,416.9332277716677,1001
2024-09-18 15:33:00.497000,416.7840507375747,8
2024-09-18 15:33:00.537000,416.8590853412821,1003
2024-09-18 15:33:00.566000,416.8495323367774,100
2024-09-18 15:33:00.590000,416.874116447896,98
2024-09-18 15:33:00.610000,416.8314105379228,5
2024-09-18 15:33:00.611000,416.778814196476,997
2024-09-18 15:33:00.629000,416.8654137600947,14
2024-09-18 15:33:00.663000,416.8858357449678,5
2024-09-18 15:33:00.714000,416.7839274438271,1003
2024-09-18 15:33:00.786000,416.8866666278948,1004
2024-09-18 15:33:00.864000,416.786579187618,15
2024-09-18 15:33:00.880000,416.89116467018255,5
2024-09-18 15:33:00.916000,416.8701352295356,103
2024-09-18 15:33:00.934000,416.88397282547976,13
2024-09-18 15:33:00.978000,416.8138077812661,9
2024-09-18 15:33:01.066000,416.9613957935436,996
2024-09-18 15:33:01.122000,416.9624434170204,8
2024-09-18 15:33:01.319000,416.93174608099935,999
2024-09-18 15:33:01.404000,416.9815563445841,999
2024-09-18 15:33:01.691000,416.9566442098214,1003
2024-09-18 15:33:01.715000,416.9645225672325,10
2024-09-18 15:33:02.016000,416.96654559694457,996
2024-09-18 15:33:02.311000,416.9367378101607,105
2024-09-18 15:33:02.343000,416.9628254896117,96
2024-09-18 15:33:02.355000,416.9687919797685,12
2024-09-18 15:33:02.386000,416.9454573758404,997
2024-09-18 15:33:02.536000,416.9604804128644,98
2024-09-18 15:33:02.561000,416.9705605517593,102
2024-09-18 15:33:02.581000,416.9553575358933,8
2024-09-18 15:33:02.625000,416.9328190664302,12
2024-09-18 15:33:02.767000,416.953406676851,101
2024-09-18 15:33:02.882000,416.9454927185501,12
2024-09-18 15:33:02.888000,416.95641082409855,12
2024-09-18 15:33:02.948000,416.96502560081535,99
2024-09-18 15:33:02.976000,416.9504395613429,99
2024-09-18 15:33:03.218000,416.9656377701048,1005
2024-09-18 15:33:03.289000,416.9650247967917,5
2024-09-18 15:33:03.384000,416.9534556749735,11
2024-09-18 15:33:03.453000,416.9753514366024,104
2024-09-18 15:33:03.555000,416.9711036165888,95
2024-09-18 15:33:03.577000,416.9559436831429,997
2024-09-18 15:33:03.622000,416.9614561882197,998
2024-09-18 15:33:03.626000,416.9649256232803,98
2024-09-18 15:33:03.628000,416.9840617556876,6
2024-09-18 15:33:03.799000,417.0122559023415,1004
2024-09-18 15:33:03.808000,416.9454264633616,1002
2024-09-18 15:33:03.868000,416.9493946123803,98
2024-09-18 15:33:03.903000,417.0114338424044,9
2024-09-18 15:33:03.916000,417.02739054873,7
2024-09-18 15:33:03.971000,417.01089659593583,7
2024-09-18 15:33:04.026000,417.0193192311278,1005
2024-09-18 15:33:04.031000,416.98192875846047,12
2024-09-18 15:33:04.068000,417.0069956430724,995
2024-09-18 15:33:04.071000,417.00789663464417,102
2024-09-18 15:33:04.096000,417.0251046331802,103
2024-09-18 15:33:04.125000,410.6123390872824,97
2024-09-18 15:33:04.189000,416.9917929187712,1003
2024-09-18 15:33:04.192000,417.0063026842872,104
2024-09-18 15:33:04.198000,416.989811340354,1004
2024-09-18 15:33:04.264000,416.9851832211333,7
2024-09-18 15:33:04.310000,417.0364210837853,998
2024-09-18 15:33:04.321000,417.0243295957197,5
2024-09-18 15:33:04.333000,417.0299482236328,104
2024-09-18 15:33:04.342000,416.9918070124299,1002
2024-09-18 15:33:04.402000,416.97900413327176,104
2024-09-18 15:33:04.412000,417.0201905013116,99
2024-09-18 15:33:04.413000,417.030207571155,102
2024-09-18 15:33:04.435000,417.0491146120361,998
2024-09-18 15:33:04.443000,417.00347912125113,8
2024-09-18 15:33:04.478000,416.9856948481187,15
2024-09-18 15:33:04.481000,417.0372089107087,96
2024-09-18 15:33:04.525000,417.0242471778285,100
2024-09-18 15:33:04.573000,417.0044583159048,105
2024-09-18 15:33:04.670000,417.0376671033917,1003
2024-09-18 15:33:04.716000,417.0184586562362,1002
2024-09-18 15:33:04.867000,416.9921291348761,1001
2024-09-18 15:33:04.918000,417.03886226890273,101
2024-09-18 15:33:04.946000,417.04380990505,995
2024-09-18 15:33:05.439000,417.0236519994965,15
2024-09-18 15:33:05.456000,417.027540197783,10
2024-09-18 15:33:05.476000,416.9994556008364,1005
2024-09-18 15:33:06.452000,417.0143358984684,7
2024-09-18 15:33:06.482000,417.0222967197108,101
2024-09-18 15:33:06.487000,416.9951241069776,1002
2024-09-18 15:33:06.902000,417.0091640434646,1005
2024-09-18 15:33:07.076000,417.0322787357931,1003
2024-09-18 15:33:07.173000,416.9941757798588,15
2024-09-18 15:33:07.219000,416.9948171163135,13
2024-09-18 15:33:07.232000,416.98529899511215,12
2024-09-18 15:33:07.244000,416.97016868223375,5
2024-09-18 15:33:07.383000,416.9675345936448,995
2024-09-18 15:33:07.403000,416.9897918479493,1000
2024-09-18 15:33:07.404000,417.0028526782408,15
2024-09-18 15:33:07.599000,416.95684218103554,9
2024-09-18 15:33:07.618000,416.9982920598957,996
2024-09-18 15:33:07.705000,416.98539144611215,1002
2024-09-18 15:33:07.707000,417.02371357840354,1005
2024-09-18 15:33:07.727000,417.0020792831194,1004
2024-09-18 15:33:07.806000,417.0000337304188,100
2024-09-18 15:33:07.969000,417.0030530954751,95
2024-09-18 15:33:08.054000,417.0467431459311,101
2024-09-18 15:33:08.087000,417.034200501591,101
2024-09-18 15:33:08.188000,417.0318055575363,1002
2024-09-18 15:33:08.239000,417.0474665271381,6
2024-09-18 15:33:08.302000,417.0263874512908,14
2024-09-18 15:33:08.316000,417.0569874848284,1004
2024-09-18 15:33:08.364000,417.04788115854944,105
2024-09-18 15:33:08.395000,417.0503771926057,1005
2024-09-18 15:33:08.431000,417.0521739145805,5
2024-09-18 15:33:08.495000,417.0450802813244,99
2024-09-18 15:33:08.667000,417.0344586665403,102
2024-09-18 15:33:08.705000,417.0389551501607,999
2024-09-18 15:33:08.861000,417.0523576599716,999
2024-09-18 15:33:08.922000,417.0597427408793,1004
2024-09-18 15:33:09.843000,410.9453753067456,998
2024-09-18 15:33:10.053000,417.0043824583351,103
2024-09-18 15:33:10.057000,417.0067580191121,14
2024-09-18 15:33:10.059000,416.9825506636013,1003
2024-09-18 15:33:10.062000,417.0277326743059,1002
2024-09-18 15:33:10.186000,417.00665679644027,105
2024-09-18 15:33:10.229000,417.0307429419726,101
2024-09-18 15:33:10.255000,417.0278888717293,98
2024-09-18 15:33:10.277000,417.0276717296585,101
2024-09-18 15:33:10.277000,417.0331979963665,1003
2024-09-18 15:33:10.320000,416.9991708701274,105
2024-09-18 15:33:10.403000,417.0081794100441,103
2024-09-18 15:33:10.435000,417.0188196751546,95
2024-09-18 15:33:10.482000,417.0405005233266,1001
2024-09-18 15:33:10.522000,417.0190271407469,14
2024-09-18 15:33:10.539000,416.9984993755815,13
2024-09-18 15:33:10.582000,417.0263865844382,98
2024-09-18 15:33:10.591000,417.00885604405227,101
2024-09-18 15:33:10.620000,417.0332418465106,1003
2024-09-18 15:33:10.680000,417.0062477289124,104
2024-09-18 15:33:10.710000,417.0340074381494,7
2024-09-18 15:33:10.724000,417.0049397087112,9
2024-09-18 15:33:10.752000,417.0669780439048,1003
2024-09-18 15:33:10.776000,417.0456024268191,13
2024-09-18 15:33:10.778000,417.021605529318,1005
2024-09-18 15:33:10.796000,417.0457421088621,7
2024-09-18 15:33:10.828000,417.0419326839459,13
2024-09-18 15:33:10.862000,417.0117151048312,99
2024-09-18 15:33:10.938000,417.0364883572459,99
2024-09-18 15:33:10.976000,417.0428012865462,10
2024-09-18 15:33:11.041000,416.9820602636421,99
2024-09-18 15:33:11.051000,416.9245254032447,1005
2024-09-18 15:33:11.101000,416.90892762616073,99
2024-09-18 15:33:11.154000,416.99436122626537,103
2024-09-18 15:33:11.158000,417.01132828487465,998
2024-09-18 15:33:11.172000,416.95689569996034,9
2024-09-18 15:33:11.205000,416.9344906591434,10
2024-09-18 15:33:11.218000,416.9547470249392,5
2024-09-18 15:33:11.297000,416.9324159560164,997
2024-09-18 15:33:11.361000,417.0030464285314,103
2024-09-18 15:33:11.361000,416.9816721620508,99
2024-09-18 15:33:11.508000,417.0041623916593,105
2024-09-18 15:33:11.586000,416.916578581437,9
2024-09-18 15:33:11.589000,417.0037860723347,1004
2024-09-18 15:33:11.590000,416.9849328881164,13
2024-09-18 15:33:11.619000,417.0090106770337,14
2024-09-18 15:33:11.651000,417.0078691715121,996
2024-09-18 15:33:11.800000,416.9653021203671,6
2024-09-18 15:33:11.841000,416.9544247268915,1001
2024-09-18 15:33:11.916000,416.9794891236915,96
2024-09-18 15:33:11.934000,416.9399485167679,8
2024-09-18 15:33:11.984000,416.93060060819664,5
2024-09-18 15:33:12.104000,416.89159553190655,98
2024-09-18 15:33:12.237000,416.9183203108337,10
2024-09-18 15:33:13.040000,416.836137234644,997
2024-09-18 15:33:13.093000,416.8787101082328,96
2024-09-18 15:33:13.114000,416.8697720658088,8
2024-09-18 15:33:13.135000,416.8686739542261,10
2024-09-18 15:33:13.194000,416.8741482396317,99
2024-09-18 15:33:13.302000,416.9059718874539,1005
2024-09-18 15:33:13.344000,416.8544216799024,104
2024-09-18 15:33:13.371000,416.8757498939083,999
2024-09-18 15:33:13.589000,416.8672617798346,1002
2024-09-18 15:33:13.653000,416.8933234348991,9
2024-09-18 15:33:13.723000,416.8561419981247,995
2024-09-18 15:33:13.741000,416.8748045878033,997
2024-09-18 15:33:13.820000,416.8808558327967,997
2024-09-18 15:33:13.936000,416.8923491622883,15
2024-09-18 15:33:14.033000,416.8976807779318,1002
2024-09-18 15:33:14.105000,416.9008717723405,1001
2024-09-18 15:33:14.107000,416.89929322378345,1003
2024-09-18 15:33:14.126000,416.9191300786933,12
2024-09-18 15:33:14.136000,416.8887056959405,9
2024-09-18 15:33:14.163000,416.9072668601114,97
2024-09-18 15:33:14.220000,416.918439091784,9
2024-09-18 15:33:14.224000,416.9264407423231,97
2024-09-18 15:33:14.250000,416.8552988860516,1001
2024-09-18 15:33:14.364000,416.8397683390178,98
2024-09-18 15:33:14.407000,416.9345527143975,13
2024-09-18 15:33:14.447000,416.8491691746604,998
2024-09-18 15:33:14.465000,416.92526605923854,102
2024-09-18 15:33:14.631000,416.86248850067926,1005
2024-09-18 15:33:14.659000,416.90689457575536,95
2024-09-18 15:33:14.691000,416.9568664662521,1001
2024-09-18 15:33:14.752000,416.86127834686937,97
2024-09-18 15:33:14.768000,416.9333647556618,7
2024-09-18 15:33:14.772000,416.8943926967882,105
2024-09-18 15:33:14.789000,416.95380259416265,1004
2024-09-18 15:33:14.848000,416.8828669806453,101
2024-09-18 15:33:14.897000,416.8753370807177,8
2024-09-18 15:33:14.912000,416.9457231092486,101
2024-09-18 15:33:14.947000,416.8668189553027,997
2024-09-18 15:33:14.992000,416.8868483979535,101
2024-09-18 15:33:14.992000,416.9422967246905,1001
2024-09-18 15:33:15.004000,416.8907326160533,6
2024-09-18 15:33:15.048000,416.8451842568096,101
2024-09-18 15:33:15.074000,416.8455103135111,1004
2024-09-18 15:33:15.152000,416.76604782217385,97
2024-09-18 15:33:15.202000,416.7421438089672,14
2024-09-18 15:33:15.435000,416.8536962463306,1004
2024-09-18 15:33:15.477000,416.8068788112222,6
2024-09-18 15:33:15.514000,416.8573196616355,997
2024-09-18 15:33:15.557000,416.7788809280278,102
2024-09-18 15:33:15.575000,416.86011163352447,15
2024-09-18 15:33:15.581000,416.7485978150423,12
2024-09-18 15:33:15.662000,416.7596717795003,1000
2024-09-18 15:33:15.662000,416.811014642246,14
2024-09-18 15:33:15.676000,416.8425309189242,104
2024-09-18 15:33:15.743000,416.7419762331895,1004
2024-09-18 15:33:15.744000,416.7548557460535,996
2024-09-18 15:33:15.744000,416.8635711665397,6
2024-09-18 15:33:15.770000,416.8164948596224,11
2024-09-18 15:33:15.827000,416.8567655745309,9
2024-09-18 15:33:15.853000,416.7665704627499,15
2024-09-18 15:33:15.903000,416.8907602343832,1003
2024-09-18 15:33:15.997000,416.8510777110978,997
2024-09-18 15:33:15.998000,416.8298630150957,6
2024-09-18 15:33:15.998000,416.8581890748889,7
2024-09-18 15:33:16.533000,416.7717627621652,14
2024-09-18 15:33:16.589000,416.8161682571251,103
2024-09-18 15:33:16.605000,416.7844924390014,98
2024-09-18 15:33:16.684000,416.8205101999381,100
2024-09-18 15:33:16.916000,416.82353735023344,101
2024-09-18 15:33:16.939000,416.826322713168,999
2024-09-18 15:33:16.992000,416.7519813182816,95
2024-09-18 15:33:17.049000,416.8202023445154,100
2024-09-18 15:33:17.266000,416.8378854528269,105
2024-09-18 15:33:17.272000,416.8098768528818,102
2024-09-18 15:33:17.305000,416.8053147235741,6
2024-09-18 15:33:17.320000,416.8342268117499,995
2024-09-18 15:33:17.504000,416.8057057242637,5
2024-09-18 15:33:17.523000,416.8223091402328,998
2024-09-18 15:33:17.595000,416.8292995729752,97
2024-09-18 15:33:17.889000,416.8572906623067,100
2024-09-18 15:33:17.940000,416.82002892576,104
2024-09-18 15:33:17.974000,416.8174370809402,100
2024-09-18 15:33:18.013000,416.8306340294381,13
2024-09-18 15:33:18.087000,416.78439928528496,999
2024-09-18 15:33:18.105000,416.8175308614434,103
2024-09-18 15:33:18.144000,416.8130875066696,104
2024-09-18 15:33:18.171000,416.7909579472234,13
2024-09-18 15:33:18.180000,416.8192543820405,995
2024-09-18 15:33:18.181000,416.81792789532847,95
2024-09-18 15:33:18.392000,416.8089583024234,15
2024-09-18 15:33:18.398000,416.8071052611211,997
2024-09-18 15:33:18.400000,416.79292836293087,996
2024-09-18 15:33:18.483000,416.8204699040502,95
2024-09-18 15:33:18.662000,416.8181257724352,997
2024-09-18 15:33:18.700000,416.7800143211869,1002
2024-09-18 15:33:18.703000,416.805161089764,102
2024-09-18 15:33:18.733000,416.8203310532015,997
2024-09-18 15:33:18.746000,416.8553208165405,97
2024-09-18 15:33:18.749000,416.8026886452332,1000
2024-09-18 15:33:18.750000,416.785960379966,996
2024-09-18 15:33:18.817000,416.7967232683372,1001
2024-09-18 15:33:18.843000,416.7922939569093,103
2024-09-18 15:33:18.992000,416.8487496075695,15
2024-09-18 15:33:19.001000,416.7776760297429,97
2024-09-18 15:33:19.012000,416.79829024141776,1000
2024-09-18 15:33:19.116000,416.7700258264568,12
2024-09-18 15:33:19.171000,416.80449620367466,100
2024-09-18 15:33:19.174000,416.7980622996025,1003
2024-09-18 15:33:19.196000,416.80213989612525,995
2024-09-18 15:33:19.288000,416.8048883512052,95
2024-09-18 15:33:19.408000,416.7977901277628,999
2024-09-18 15:33:19.430000,416.7925382076014,15
2024-09-18 15:33:19.484000,416.796709962931,5
2024-09-18 15:33:19.507000,416.7893927152791,7
2024-09-18 15:33:19.558000,416.8071405376658,1002
2024-09-18 15:33:19.565000,416.7798440656662,103
2024-09-18 15:33:19.587000,416.7843290476028,98
2024-09-18 15:33:19.634000,416.7956100763655,104
2024-09-18 15:33:19.738000,416.7737598785328,8
2024-09-18 15:33:19.740000,416.7857062999535,105
2024-09-18 15:33:19.760000,416.78194996497234,1000
2024-09-18 15:33:19.797000,416.7980268727406,1000
2024-09-18 15:33:19.864000,416.7692135610649,1003
2024-09-18 15:33:19.902000,416.7858479029762,1004
2024-09-18 15:33:19.903000,416.8095697083253,5
2024-09-18 15:33:19.921000,416.7919694134514,103
2024-09-18 15:33:19.977000,416.80508373170943,995
2024-09-18 15:33:19.997000,416.7917126650568,1003
2024-09-18 15:33:20.792000,416.8073267223868,6
2024-09-18 15:33:21.008000,416.7981827011192,999
2024-09-18 15:33:21.147000,416.8069420042631,13
2024-09-18 15:33:21.147000,416.8044024112635,11
2024-09-18 15:33:21.211000,416.8086788578734,100
2024-09-18 15:33:21.379000,416.8107822597304,7
2024-09-18 15:33:21.424000,416.84601115715503,1004
2024-09-18 15:33:21.437000,416.82151891580526,104
2024-09-18 15:33:21.494000,416.8369716143099,101
2024-09-18 15:33:21.797000,416.8343711768744,8
2024-09-18 15:33:21.814000,416.804724173369,995
2024-09-18 15:33:21.836000,416.80352796379816,997
2024-09-18 15:33:21.894000,416.8320781016199,95
2024-09-18 15:33:21.982000,416.8197125249936,13
2024-09-18 15:33:21.986000,416.8265784984805,1001
2024-09-18 15:33:22.040000,416.8448178805616,15
2024-09-18 15:33:22.075000,416.8110819001335,8
2024-09-18 15:33:22.272000,416.8298039883784,1004
2024-09-18 15:33:22.527000,416.8081005786652,95
2024-09-18 15:33:22.595000,416.83413156404464,1005
2024-09-18 15:33:22.636000,416.8130533294011,1003
2024-09-18 15:33:22.948000,416.8173676140047,1004
2024-09-18 15:33:23.009000,416.8560833647861,13
2024-09-18 15:33:23.021000,416.7952468278984,100
2024-09-18 15:33:23.029000,416.8099716501068,97
2024-09-18 15:33:23.040000,416.81299695471273,103
2024-09-18 15:33:23.144000,416.86460709278697,101
2024-09-18 15:33:23.232000,416.8003266904086,15
2024-09-18 15:33:23.251000,416.8548934026223,7
2024-09-18 15:33:23.273000,416.8681754832384,6
2024-09-18 15:33:23.294000,416.8676545698977,1003
2024-09-18 15:33:23.325000,416.8311283218379,1003
2024-09-18 15:33:23.370000,416.7989977406909,98
2024-09-18 15:33:23.475000,416.81956853236414,12
2024-09-18 15:33:23.482000,416.80024596354144,99
2024-09-18 15:33:23.552000,416.8185205853336,1005
2024-09-18 15:33:23.606000,416.85805636247,1004
2024-09-18 15:33:23.615000,416.8170242477565,998
2024-09-18 15:33:23.622000,416.81792006427634,1005
2024-09-18 15:33:23.628000,416.80766453805626,11
2024-09-18 15:33:23.655000,416.8607865272411,1005
2024-09-18 15:33:23.662000,416.8528759960831,1004
2024-09-18 15:33:23.690000,416.78668528102446,101
2024-09-18 15:33:23.734000,416.80530316004086,995
2024-09-18 15:33:23.930000,416.82924448910416,10
2024-09-18 15:33:23.946000,416.8188037536285,1004
2024-09-18 15:33:23.953000,416.8138742540009,997
2024-09-18 15:33:23.953000,416.8004309959832,11
2024-09-18 15:33:24.005000,416.8267797749074,1002
2024-09-18 15:33:24.026000,416.91601482648593,1001
2024-09-18 15:33:24.108000,416.8388550214314,996
2024-09-18 15:33:24.128000,416.83452433047177,14
2024-09-18 15:33:24.161000,416.9101907068775,6
2024-09-18 15:33:24.162000,416.834342553237,7
2024-09-18 15:33:24.175000,416.8231466762608,102
2024-09-18 15:33:24.190000,416.8281960970029,1004
2024-09-18 15:33:24.290000,416.873680010906,101
2024-09-18 15:33:24.359000,416.8197238432015,100
2024-09-18 15:33:24.383000,416.9151319406868,103
2024-09-18 15:33:24.387000,416.8956385804773,7
2024-09-18 15:33:24.434000,416.9143945460861,996
2024-09-18 15:33:24.447000,416.9185262053937,101
2024-09-18 15:33:24.540000,416.8189486521376,105
2024-09-18 15:33:24.578000,416.8162438754539,100
2024-09-18 15:33:24.582000,416.8413175282573,102
2024-09-18 15:33:24.594000,416.8199416365176,11
2024-09-18 15:33:24.617000,416.8093905225268,13
2024-09-18 15:33:24.626000,416.898066724553,995
2024-09-18 15:33:24.629000,416.8450992559286,5
2024-09-18 15:33:24.631000,416.847734856667,95
2024-09-18 15:33:24.690000,416.8613177344432,13
2024-09-18 15:33:24.762000,416.8575069320764,996
2024-09-18 15:33:24.787000,416.8952262860073,996
2024-09-18 15:33:24.836000,416.9364517354035,997
2024-09-18 15:33:24.869000,416.8942094477912,15
2024-09-18 15:33:24.896000,416.8609975275949,998
2024-09-18 15:33:24.926000,416.8701256622907,15
2024-09-18 15:33:24.978000,411.1162713998721,995
2024-09-18 15:33:24.988000,416.8915221422464,14
2024-09-18 15:33:25.067000,416.8642680852255,97
2024-09-18 15:33:25.075000,416.7741117696886,96
2024-09-18 15:33:25.129000,416.90232276259337,1005
2024-09-18 15:33:25.173000,416.8797773863224,1004
2024-09-18 15:33:25.318000,416.8300934842205,14
2024-09-18 15:33:25.329000,416.9100307275788,10
2024-09-18 15:33:25.392000,416.78260010086814,1004
2024-09-18 15:33:25.488000,416.78825003081255,13
2024-09-18 15:33:25.510000,416.7687735002364,7
2024-09-18 15:33:25.580000,416.8769869937268,1005
2024-09-18 15:33:25.593000,416.8234689497265,1002
2024-09-18 15:33:25.611000,416.7717712559584,11
2024-09-18 15:33:25.617000,416.8895136643338,1002
2024-09-18 15:33:25.750000,416.8020234901237,995
2024-09-18 15:33:25.805000,416.87991688652727,95
2024-09-18 15:33:25.894000,416.77680708478096,104
2024-09-18 15:33:25.922000,416.8045016460496,999
2024-09-18 15:33:25.945000,416.8395196047068,5
2024-09-18 15:33:25.995000,416.77618324572296,105
2024-09-18 15:33:26.138000,416.8550342120337,101
2024-09-18 15:33:26.146000,416.8365679378565,14
2024-09-18 15:33:26.476000,416.7942982365317,8
2024-09-18 15:33:26.480000,416.8718636071932,100
2024-09-18 15:33:26.507000,416.7625619121572,13
2024-09-18 15:33:26.611000,416.81930438360126,6
2024-09-18 15:33:26.627000,416.7620791403033,103
2024-09-18 15:33:26.809000,416.7758798310107,104
2024-09-18 15:33:26.962000,416.8412326278743,7
2024-09-18 15:33:27.025000,416.8303451938986,14
2024-09-18 15:33:27.107000,416.8671904641219,101
2024-09-18 15:33:27.157000,416.8225852012917,998
2024-09-18 15:33:27.240000,416.8347508314412,100
2024-09-18 15:33:27.329000,416.8454930926424,6
2024-09-18 15:33:27.351000,416.8111044382033,997
2024-09-18 15:33:27.383000,416.8226245800261,8
2024-09-18 15:33:27.411000,416.8455142880982,100
2024-09-18 15:33:27.442000,416.8470192241776,10
2024-09-18 15:33:27.493000,416.8000547956311,7
2024-09-18 15:33:27.529000,416.8396143787992,998
2024-09-18 15:33:27.533000,416.8075171829183,103
2024-09-18 15:33:27.716000,416.85166746441513,13
2024-09-18 15:33:27.897000,416.8224390236194,103
2024-09-18 15:33:27.974000,416.8103402181672,6
2024-09-18 15:33:28.055000,416.7333989831683,100
2024-09-18 15:33:28.118000,416.8460072721937,996
2024-09-18 15:33:28.194000,416.7358682819071,95
2024-09-18 15:33:28.207000,416.84892606567263,104
2024-09-18 15:33:28.209000,416.8316882947875,997
2024-09-18 15:33:28.237000,416.844533391939,12
2024-09-18 15:33:28.306000,416.8342136130256,101
2024-09-18 15:33:28.340000,416.84275533164015,5
2024-09-18 15:33:28.393000,416.8238800873978,14
2024-09-18 15:33:28.431000,416.7464235312961,13
2024-09-18 15:33:28.442000,416.7763075095752,13
2024-09-18 15:33:28.511000,416.7468573872508,102
2024-09-18 15:33:28.588000,416.8070866351049,1004
2024-09-18 15:33:28.635000,416.83778492023583,100
2024-09-18 15:33:28.675000,416.8486817367482,6
2024-09-18 15:33:28.677000,416.8647042786014,998
2024-09-18 15:33:28.813000,416.74903180150073,997
2024-09-18 15:33:28.840000,416.7417164006943,996
2024-09-18 15:33:28.851000,416.8344190241647,996
2024-09-18 15:33:28.910000,416.7758860029182,104
2024-09-18 15:33:28.968000,416.8605518576261,15
2024-09-18 15:33:29.033000,416.73285773276496,8
2024-09-18 15:33:29.052000,416.6763370610242,7
2024-09-18 15:33:29.055000,416.7442118051735,15
2024-09-18 15:33:29.074000,416.69478794594943,105
2024-09-18 15:33:29.082000,416.6894071370229,7
2024-09-18 15:33:29.095000,416.7153271604791,7
2024-09-18 15:33:29.114000,416.7359245719577,104
2024-09-18 15:33:29.147000,416.6773717555631,996
2024-09-18 15:33:29.218000,416.6762537017722,1005
2024-09-18 15:33:29.352000,416.6862318445863,998
2024-09-18 15:33:29.400000,416.72067029993417,5
2024-09-18 15:33:29.463000,416.7035048626714,999
2024-09-18 15:33:29.464000,416.6689854259609,15
2024-09-18 15:33:29.487000,416.7127132429772,1001
2024-09-18 15:33:29.500000,416.7431923200321,1003
2024-09-18 15:33:29.553000,416.6889179328476,998
2024-09-18 15:33:29.567000,416.7389247009284,1000
2024-09-18 15:33:29.576000,416.7474192263716,997
2024-09-18 15:33:29.600000,416.6946910123384,99
2024-09-18 15:33:29.634000,416.7475366295129,15
2024-09-18 15:33:29.721000,416.69118314655617,99
2024-09-18 15:33:29.760000,416.7309400855657,101
2024-09-18 15:33:29.792000,416.7311929553544,99
2024-09-18 15:33:29.812000,416.7291595943743,99
2024-09-18 15:33:29.855000,416.6824819705624,1000
2024-09-18 15:33:29.898000,416.6633538237488,5
2024-09-18 15:33:30.090000,416.6257363625721,6
2024-09-18 15:33:30.172000,416.6683798479512,102
2024-09-18 15:33:30.194000,416.59654209287055,10
2024-09-18 15:33:30.302000,416.67859425587903,104
2024-09-18 15:33:30.320000,416.6410923895642,1003
2024-09-18 15:33:30.334000,416.5879165471599,104
2024-09-18 15:33:30.361000,416.6348196662988,14
2024-09-18 15:33:30.496000,416.65190982146606,101
2024-09-18 15:33:30.559000,416.6057795052391,999
2024-09-18 15:33:30.586000,416.60779228312,6
2024-09-18 15:33:30.722000,416.5937030873655,102
2024-09-18 15:33:30.724000,416.6231330277488,998
2024-09-18 15:33:30.814000,416.6547854143591,996
2024-09-18 15:33:30.856000,416.6266641054583,5
2024-09-18 15:33:30.857000,416.6136817950721,103
2024-09-18 15:33:30.860000,416.6816260831944,105
2024-09-18 15:33:30.865000,416.6734244052722,5
2024-09-18 15:33:30.884000,416.6554564062629,12
2024-09-18 15:33:30.893000,416.621496412471,1005
2024-09-18 15:33:31.013000,416.5409355287336,10
2024-09-18 15:33:31.030000,416.62079943764826,997
2024-09-18 15:33:31.045000,416.5217386013446,103
2024-09-18 15:33:31.065000,416.5200784532417,7
2024-09-18 15:33:31.069000,416.5564592371864,105
2024-09-18 15:33:31.137000,416.5309664660587,10
2024-09-18 15:33:31.164000,416.5412415230805,1000
2024-09-18 15:33:31.263000,416.6401018560272,9
2024-09-18 15:33:31.263000,416.5119093814128,999
2024-09-18 15:33:31.276000,416.5842015470232,105
2024-09-18 15:33:31.340000,416.5885054571363,10
2024-09-18 15:33:31.368000,411.17299365193,11
2024-09-18 15:33:31.378000,416.6057126513211,9
2024-09-18 15:33:31.404000,416.5554246595801,95
2024-09-18 15:33:31.412000,416.5221105898324,95
2024-09-18 15:33:31.438000,416.5251074981709,104
2024-09-18 15:33:31.586000,416.54714020667785,1003
2024-09-18 15:33:31.626000,416.5388577231183,12
2024-09-18 15:33:31.762000,416.5441985903881,97
2024-09-18 15:33:31.790000,416.5278114009921,1001
2024-09-18 15:33:31.929000,416.5623960563269,103
2024-09-18 15:33:31.990000,416.61586798945183,6
2024-09-18 15:33:32.021000,416.576728695245,6
2024-09-18 15:33:32.050000,416.5517929602482,1003
2024-09-18 15:33:32.094000,416.5782566684368,97
2024-09-18 15:33:32.114000,416.5727019322448,6
2024-09-18 15:33:32.171000,416.5857528075304,1005
2024-09-18 15:33:32.261000,416.5638944529264,98
2024-09-18 15:33:32.278000,416.5605737607682,1003
2024-09-18 15:33:32.287000,416.5666465889563,103
2024-09-18 15:33:32.351000,416.53105558461743,14
2024-09-18 15:33:32.402000,416.5918485339831,95
2024-09-18 15:33:32.407000,416.57771129508126,102
2024-09-18 15:33:32.503000,416.5813762950772,102
2024-09-18 15:33:32.569000,416.5895045721158,97
2024-09-18 15:33:32.590000,416.58814134781846,995
2024-09-18 15:33:32.607000,416.5801548233695,15
2024-09-18 15:33:32.661000,416.567216292182,996
2024-09-18 15:33:32.674000,416.5849725070357,6
2024-09-18 15:33:32.681000,416.5753027951104,102
2024-09-18 15:33:32.694000,416.5737842568523,1005
2024-09-18 15:33:32.723000,416.5801235662941,103
2024-09-18 15:33:32.778000,416.5607055008791,1001
2024-09-18 15:33:32.827000,416.5788506224212,997
2024-09-18 15:33:32.859000,416.59462490834886,1001
2024-09-18 15:33:32.898000,416.5746123233933,102
2024-09-18 15:33:32.939000,416.5695527007154,1004
2024-09-18 15:33:32.998000,416.563309108942,7
2024-09-18 15:33:34.111000,416.6002919255541,5
2024-09-18 15:33:34.121000,416.6117240986545,12
2024-09-18 15:33:34.180000,416.61917368611125,997
2024-09-18 15:33:34.217000,416.6215745474405,101
2024-09-18 15:33:34.272000,416.6317867228431,13
2024-09-18 15:33:34.343000,416.5966307198536,997
2024-09-18 15:33:34.357000,416.6267416431373,97
2024-09-18 15:33:34.398000,416.6352209042252,101
2024-09-18 15:33:34.410000,416.5948046571688,104
2024-09-18 15:33:34.518000,416.6261622352189,98
2024-09-18 15:33:34.541000,416.62342086486046,98
2024-09-18 15:33:34.549000,416.6188151973847,6
2024-09-18 15:33:34.599000,416.6140758935261,103
2024-09-18 15:33:34.712000,416.59992634003856,995
2024-09-18 15:33:34.786000,416.6099084599691,100
2024-09-18 15:33:34.832000,416.58894385348594,100
2024-09-18 15:33:34.912000,416.62670587955694,101
2024-09-18 15:33:35.053000,416.5823337198953,96
2024-09-18 15:33:35.055000,416.5934416219969,12
2024-09-18 15:33:35.086000,416.6284017309166,7
2024-09-18 15:33:35.133000,416.5759255017176,998
2024-09-18 15:33:35.202000,416.618479557905,102
2024-09-18 15:33:35.289000,416.6091775664109,995
2024-09-18 15:33:35.289000,416.6197515582082,8
2024-09-18 15:33:35.318000,416.6019355373805,1000
2024-09-18 15:33:35.338000,416.6142181487618,998
2024-09-18 15:33:35.396000,416.6144883042381,998
2024-09-18 15:33:35.468000,416.5883158357563,103
2024-09-18 15:33:35.494000,416.6051741559633,998
2024-09-18 15:33:35.497000,416.6292427316821,99
2024-09-18 15:33:35.518000,416.5975508030074,99
2024-09-18 15:33:35.519000,416.5759296754122,105
2024-09-18 15:33:35.725000,416.6298274271265,1005
2024-09-18 15:33:35.794000,416.594851867917,999
2024-09-18 15:33:35.828000,416.633869038932,98
2024-09-18 15:33:35.848000,416.6013679267308,12
2024-09-18 15:33:35.946000,416.60191032181456,9
2024-09-18 15:33:35.961000,416.6093243085819,15
2024-09-18 15:33:36.010000,416.5892912515443,100
2024-09-18 15:33:36.048000,416.7056684674492,96
2024-09-18 15:33:36.049000,416.6940837434334,100
2024-09-18 15:33:36.063000,416.6116831203845,1003
2024-09-18 15:33:36.074000,416.658738202016,1001
2024-09-18 15:33:36.133000,416.6774606088372,101
2024-09-18 15:33:36.205000,416.7083832789981,1000
2024-09-18 15:33:36.229000,416.61948496656834,997
2024-09-18 15:33:36.286000,416.686946475679,12
2024-09-18 15:33:36.389000,416.6248589246785,9
2024-09-18 15:33:36.483000,416.6014186635003,1000
2024-09-18 15:33:36.541000,416.6665433231558,1001
2024-09-18 15:33:36.597000,416.65701533892457,11
2024-09-18 15:33:36.633000,416.6660813995336,99
2024-09-18 15:33:36.637000,416.6413631464898,1004
2024-09-18 15:33:36.639000,416.7031934417421,15
2024-09-18 15:33:36.686000,416.6353632234118,1002
2024-09-18 15:33:36.709000,416.6154296027635,999
2024-09-18 15:33:36.732000,416.643698573625,11
2024-09-18 15:33:36.854000,416.70190959865175,104
2024-09-18 15:33:36.870000,416.65443050971743,104
2024-09-18 15:33:36.913000,416.63421804019526,8
2024-09-18 15:33:36.949000,416.6155726166673,1005
2024-09-18 15:33:36.949000,416.6854086674408,1001
2024-09-18 15:33:36.969000,416.6588697751116,1002
2024-09-18 15:33:36.976000,416.6211510833948,14
2024-09-18 15:33:37.008000,416.69478973773977,1005
2024-09-18 15:33:37.075000,416.6664760253069,99
2024-09-18 15:33:37.117000,416.6739018162933,98
2024-09-18 15:33:37.120000,416.6848291391664,98
2024-09-18 15:33:37.294000,416.65276819736926,8
2024-09-18 15:33:37.337000,416.6461132518583,14
2024-09-18 15:33:37.385000,416.6622826021861,996
2024-09-18 15:33:37.484000,416.68708510009736,1002
2024-09-18 15:33:37.645000,416.7032420638948,1002
2024-09-18 15:33:37.694000,416.6771716416188,98
2024-09-18 15:33:37.761000,416.6260896051493,6
2024-09-18 15:33:37.875000,416.7068211061706,1001
2024-09-18 15:33:37.983000,416.7044825248991,99
2024-09-18 15:33:37.995000,416.63288454424605,103
2024-09-18 15:33:38.007000,416.6833028909041,12
2024-09-18 15:33:38.132000,416.6899760471762,100
2024-09-18 15:33:38.149000,416.690495107781,105
2024-09-18 15:33:38.217000,416.6605262139001,7
2024-09-18 15:33:38.248000,416.7101523742378,999
2024-09-18 15:33:38.392000,416.6767850148748,1002
2024-09-18 15:33:38.396000,416.6912642950052,10
2024-09-18 15:33:38.401000,416.7223219733083,1004
2024-09-18 15:33:38.539000,416.6937147489256,8
2024-09-18 15:33:38.605000,416.73014704668657,105
2024-09-18 15:33:38.656000,416.6797259863158,6
2024-09-18 15:33:38.658000,416.6576622130173,105
2024-09-18 15:33:38.675000,416.6911450327321,1005
2024-09-18 15:33:38.690000,416.7077070851987,998
2024-09-18 15:33:38.719000,416.683643591936,1003
2024-09-18 15:33:38.726000,416.7177173312459,998
2024-09-18 15:33:38.742000,416.6712835159896,103
2024-09-18 15:33:38.814000,416.71275553910925,1004
2024-09-18 15:33:38.863000,416.69887828055874,10
2024-09-18 15:33:38.961000,416.7019048176728,1005
2024-09-18 15:33:39.022000,416.6026283721342,7
2024-09-18 15:33:39.101000,416.6489146156525,9
2024-09-18 15:33:39.141000,416.5817442822935,100
2024-09-18 15:33:39.169000,416.66263071841166,8
2024-09-18 15:33:39.169000,416.59529363443744,102
2024-09-18 15:33:39.350000,416.6113768603193,1004
2024-09-18 15:33:39.377000,416.5887757417241,996
2024-09-18 15:33:39.406000,416.62375299593936,995
2024-09-18 15:33:39.418000,416.6212668686612,15
2024-09-18 15:33:39.422000,416.6229196295458,95
2024-09-18 15:33:39.466000,416.6189513102806,105
2024-09-18 15:33:39.476000,416.657467718192,10
2024-09-18 15:33:39.502000,416.6201025757682,1005
2024-09-18 15:33:39.513000,416.6182687364925,995
2024-09-18 15:33:39.647000,416.6205649961941,995
2024-09-18 15:33:39.753000,416.6075975328016,995
2024-09-18 15:33:39.774000,416.6329514645782,99
2024-09-18 15:33:39.795000,416.56604263571,9
2024-09-18 15:33:39.829000,416.6715493836644,98
2024-09-18 15:33:39.842000,416.5845803896237,14
2024-09-18 15:33:39.951000,416.604138323256,97
2024-09-18 15:33:40.209000,416.5722629303342,10
2024-09-18 15:33:40.859000,411.3112433090482,1000
2024-09-18 15:33:41.071000,416.6038041143388,6
2024-09-18 15:33:41.141000,416.6016403847042,5
2024-09-18 15:33:41.171000,416.6412248543043,12
2024-09-18 15:33:41.247000,416.6416917187423,12
2024-09-18 15:33:41.256000,416.60797933716015,8
2024-09-18 15:33:41.301000,416.6113648720678,9
2024-09-18 15:33:41.322000,416.6090338777419,96
2024-09-18 15:33:41.387000,416.62074025192425,102
2024-09-18 15:33:41.493000,416.63155267265824,1002
2024-09-18 15:33:41.516000,416.62871486460057,98
2024-09-18 15:33:41.563000,416.6179185589455,96
2024-09-18 15:33:41.577000,416.61541254551287,1002
2024-09-18 15:33:41.579000,416.59145857342014,1000
2024-09-18 15:33:41.584000,416.6217872560424,8
2024-09-18 15:33:41.700000,416.63293647309183,11
2024-09-18 15:33:41.739000,416.6052332091935,104
2024-09-18 15:33:41.764000,416.6136077810074,995
2024-09-18 15:33:41.817000,416.6169877769238,5
2024-09-18 15:33:41.847000,416.62564095313553,1003
2024-09-18 15:33:41.913000,416.61494479851007,95
2024-09-18 15:33:41.940000,416.63448175352926,1001
2024-09-18 15:33:42.039000,416.6483612741016,1003
2024-09-18 15:33:42.393000,416.6581156104668,8
2024-09-18 15:33:42.440000,416.6586102338829,7
2024-09-18 15:33:42.460000,416.6607712071324,15
2024-09-18 15:33:42.555000,416.6522974644528,998
2024-09-18 15:33:42.621000,416.6828990369334,11
2024-09-18 15:33:42.655000,416.6415453431228,102
2024-09-18 15:33:42.718000,416.6402201043809,97
2024-09-18 15:33:42.791000,416.64990935515743,102
2024-09-18 15:33:43.009000,416.6146285733328,8
2024-09-18 15:33:43.042000,416.5546419402616,999
2024-09-18 15:33:43.206000,416.6393661818042,13
2024-09-18 15:33:43.287000,411.18861207108495,1003
2024-09-18 15:33:43.296000,416.6702515444711,102
2024-09-18 15:33:43.310000,416.5978099987957,12
2024-09-18 15:33:43.362000,416.662893985292,1003
2024-09-18 15:33:43.372000,416.62523491646846,96
2024-09-18 15:33:43.382000,416.6633899762559,995
2024-09-18 15:33:43.386000,416.6130195994278,5
2024-09-18 15:33:43.448000,416.616019424654,5
2024-09-18 15:33:43.466000,416.6376941676624,996
2024-09-18 15:33:43.488000,416.638193756104,99
2024-09-18 15:33:43.566000,416.595972119072,8
2024-09-18 15:33:43.683000,416.6021581454522,996
2024-09-18 15:33:43.727000,416.6524207320771,102
2024-09-18 15:33:43.785000,416.5787024676544,98
2024-09-18 15:33:43.787000,416.6031569004251,98
2024-09-18 15:33:43.787000,416.5794044149592,15
2024-09-18 15:33:43.798000,416.6348554456182,98
2024-09-18 15:33:44.077000,416.6048025899088,10
2024-09-18 15:33:44.128000,416.6010002923384,1005
2024-09-18 15:33:44.418000,411.22994927384246,14
2024-09-18 15:33:44.521000,416.6088304164867,997
2024-09-18 15:33:44.758000,416.6029055911488,1002
2024-09-18 15:33:44.845000,416.5650188513159,103
2024-09-18 15:33:45.822000,416.5891871961263,104
2024-09-18 15:33:45.869000,411.2155173509297,998
2024-09-18 15:33:45.881000,416.5933580914856,103
2024-09-18 15:33:46,416.6291791687971,100
2024-09-18 15:33:46.015000,416.6466412493006,1004
2024-09-18 15:33:46.087000,416.59974052657947,105
2024-09-18 15:33:46.119000,416.6206009013473,998
2024-09-18 15:33:46.134000,416.67748280699647,104
2024-09-18 15:33:46.139000,416.6924718999383,98
2024-09-18 15:33:46.219000,416.5829195524423,97
2024-09-18 15:33:46.220000,416.5658745351568,11
2024-09-18 15:33:46.298000,416.6424156272092,999
2024-09-18 15:33:46.325000,416.6246693560348,997
2024-09-18 15:33:46.337000,416.6074788937428,6
2024-09-18 15:33:46.345000,416.57572212493096,995
2024-09-18 15:33:46.383000,416.66365296629147,102
2024-09-18 15:33:46.392000,416.59083253583657,996
2024-09-18 15:33:46.442000,416.61839076244433,105
2024-09-18 15:33:46.452000,416.6662222525664,99
2024-09-18 15:33:46.479000,416.5891053350135,1003
2024-09-18 15:33:46.534000,416.5968125969291,96
2024-09-18 15:33:46.761000,416.6610750766798,1005
2024-09-18 15:33:46.765000,416.6753328359908,13
2024-09-18 15:33:46.775000,416.63328471483067,995
2024-09-18 15:33:46.855000,416.6717061378643,995
2024-09-18 15:33:46.935000,416.65612411484494,105
2024-09-18 15:33:46.975000,416.63720026676594,95
2024-09-18 15:33:47.050000,416.65829972288776,101
2024-09-18 15:33:47.069000,416.6574195330784,104
2024-09-18 15:33:47.078000,416.64717620503086,1005
2024-09-18 15:33:47.138000,411.2679282696257,1000
2024-09-18 15:33:47.167000,416.6449290881218,998
2024-09-18 15:33:47.177000,416.6249648551471,1000
2024-09-18 15:33:47.394000,411.3288696982368,997
2024-09-18 15:33:47.467000,416.6368670961292,1005
2024-09-18 15:33:47.643000,416.6298182594969,14
2024-09-18 15:33:47.667000,416.6237373862471,1003
2024-09-18 15:33:47.682000,416.6442397829322,13
2024-09-18 15:33:47.778000,416.6353359554121,8
2024-09-18 15:33:47.984000,416.6233712335808,6
2024-09-18 15:33:48.028000,416.5671945123128,11
2024-09-18 15:33:48.063000,416.584833097188,95
2024-09-18 15:33:48.064000,416.5901986367368,995
2024-09-18 15:33:48.077000,416.6096018060184,1003
2024-09-18 15:33:48.152000,416.581762140405,14
2024-09-18 15:33:48.218000,416.5749797880526,15
2024-09-18 15:33:48.241000,416.5653803216553,103
2024-09-18 15:33:48.247000,416.5861182606296,1001
2024-09-18 15:33:48.315000,416.5538334047424,9
2024-09-18 15:33:48.472000,416.5577373182221,12
2024-09-18 15:33:48.568000,416.5464065618143,1003
2024-09-18 15:33:48.607000,416.636355016649,9
2024-09-18 15:33:48.620000,416.59213698722056,5
2024-09-18 15:33:48.631000,416.5849054383934,1000
2024-09-18 15:33:48.702000,416.5952164692348,10
2024-09-18 15:33:48.736000,416.6072622614459,1001
2024-09-18 15:33:48.747000,416.6177161363855,7
2024-09-18 15:33:48.773000,416.5726588902773,1000
2024-09-18 15:33:48.835000,416.60965623225366,1001
2024-09-18 15:33:48.844000,416.58752993877215,1003
2024-09-18 15:33:48.887000,416.5797032716839,1000
2024-09-18 15:33:48.922000,416.5716062849197,1005
2024-09-18 15:33:48.971000,416.5390691350914,100
2024-09-18 15:33:49.004000,416.5551142795211,95
2024-09-18 15:33:49.061000,416.5874267694115,13
2024-09-18 15:33:49.131000,416.62098657858826,999
2024-09-18 15:33:49.216000,416.6014085481779,11
2024-09-18 15:33:49.240000,416.6129742237052,100
2024-09-18 15:33:49.375000,416.542183333026,14
2024-09-18 15:33:49.383000,416.6307560078832,14
2024-09-18 15:33:49.474000,416.6380765465833,5
2024-09-18 15:33:49.531000,416.5994690573672,7
2024-09-18 15:33:49.593000,416.5280403667398,95
2024-09-18 15:33:49.688000,416.5403831518212,1000
2024-09-18 15:33:49.700000,416.5237434577152,11
2024-09-18 15:33:49.708000,416.5722313926047,98
2024-09-18 15:33:49.723000,416.573490092386,12
2024-09-18 15:33:49.729000,416.5986597068219,101
2024-09-18 15:33:49.730000,416.5946837499471,998
2024-09-18 15:33:49.738000,416.6315584042332,999
2024-09-18 15:33:49.743000,416.5366218125207,96
2024-09-18 15:33:49.747000,416.5799481588992,99
2024-09-18 15:33:49.755000,416.5300111008984,1003
2024-09-18 15:33:49.780000,416.542398905003,105
2024-09-18 15:33:49.795000,416.5420937953458,99
2024-09-18 15:33:49.795000,416.6405586038625,1001
2024-09-18 15:33:49.811000,416.638764849126,105
2024-09-18 15:33:49.829000,416.6141381743778,10
2024-09-18 15:33:49.834000,416.596721615196,7
2024-09-18 15:33:49.853000,416.5993471456752,102
2024-09-18 15:33:49.881000,416.6034830202435,95
2024-09-18 15:33:50.013000,416.567050400594,95
2024-09-18 15:33:50.060000,416.5562790423693,97
2024-09-18 15:33:50.072000,416.5868003552177,1002
2024-09-18 15:33:50.073000,416.5647723123327,9
2024-09-18 15:33:50.102000,416.5777984074488,95
2024-09-18 15:33:50.192000,416.5538910625767,103
2024-09-18 15:33:50.267000,416.5714354558697,12
2024-09-18 15:33:50.268000,416.552315591576,998
2024-09-18 15:33:50.290000,416.5816500589905,997
2024-09-18 15:33:50.329000,416.5690103438216,6
2024-09-18 15:33:50.341000,416.57590900029226,10
2024-09-18 15:33:50.405000,416.6191250560758,15
2024-09-18 15:33:50.407000,416.62081252223805,1001
2024-09-18 15:33:50.495000,416.5484065507121,1000
2024-09-18 15:33:50.499000,416.5294227365571,102
2024-09-18 15:33:50.507000,416.5939148857936,104
2024-09-18 15:33:50.512000,416.5446079904879,11
2024-09-18 15:33:50.541000,416.554107992157,5
2024-09-18 15:33:50.584000,416.5440676452444,999
2024-09-18 15:33:50.622000,416.590135764555,12
2024-09-18 15:33:50.633000,416.5341786816687,13
2024-09-18 15:33:50.679000,416.56248676808536,995
2024-09-18 15:33:50.696000,416.60603123219,1001
2024-09-18 15:33:50.778000,416.5560204838636,1001
2024-09-18 15:33:50.783000,416.5810564464724,12
2024-09-18 15:33:50.820000,416.5834905484804,99
2024-09-18 15:33:50.832000,416.5992812203765,1004
2024-09-18 15:33:50.842000,416.52734702998725,101
2024-09-18 15:33:50.965000,416.5755477146311,5
2024-09-18 15:33:51.031000,416.5795866683952,104
2024-09-18 15:33:51.087000,416.6653260242092,997
2024-09-18 15:33:51.097000,416.547503097848,103
2024-09-18 15:33:51.126000,416.626324988264,104
2024-09-18 15:33:51.151000,416.5474158800322,100
2024-09-18 15:33:51.186000,416.6033784712317,5
2024-09-18 15:33:51.380000,416.5967135748327,8
2024-09-18 15:33:51.540000,416.6051437895629,5
2024-09-18 15:33:51.568000,416.6468216234862,7
2024-09-18 15:33:51.655000,416.5678830366109,5
2024-09-18 15:33:51.668000,416.6626576857741,999
2024-09-18 15:33:51.669000,411.3390036959484,8
2024-09-18 15:33:51.693000,416.5794061788752,102
2024-09-18 15:33:51.796000,416.665579268334,6
2024-09-18 15:33:51.940000,416.6139025386211,102
2024-09-18 15:33:52.160000,416.6791715783157,997
2024-09-18 15:33:52.229000,416.6928009478018,13
2024-09-18 15:33:52.279000,416.6748643125308,1002
2024-09-18 15:33:52.709000,416.6791846395517,1000
2024-09-18 15:33:52.957000,416.68263314248463,1002
2024-09-18 15:33:53.269000,416.7338099709834,14
2024-09-18 15:33:53.379000,416.71030859507135,99
2024-09-18 15:33:53.493000,416.6991373576781,1004
2024-09-18 15:33:53.502000,416.73851456541126,13
2024-09-18 15:33:53.798000,416.718302185164,104
2024-09-18 15:33:53.938000,416.70087564393583,1004
2024-09-18 15:33:53.997000,416.72346005806463,995
2024-09-18 15:33:54.030000,416.72441199712887,12
2024-09-18 15:33:54.161000,416.723581805977,1004
2024-09-18 15:33:54.167000,416.71847105320165,997
2024-09-18 15:33:54.273000,416.7008991960899,100
2024-09-18 15:33:54.423000,411.4702392835137,9
2024-09-18 15:33:54.478000,416.6959701024381,15
2024-09-18 15:33:54.584000,416.72181695211145,12
2024-09-18 15:33:54.688000,416.7201953386777,999
2024-09-18 15:33:54.932000,416.734698212996,9
2024-09-18 15:33:55.058000,416.7396185091476,1002
2024-09-18 15:33:55.274000,416.7330737127916,102
2024-09-18 15:33:55.325000,416.7318815438173,97
2024-09-18 15:33:55.404000,416.7309943800387,996
2024-09-18 15:33:55.597000,416.7426769020068,103
2024-09-18 15:33:55.614000,416.7543680467503,6
2024-09-18 15:33:55.688000,416.7306530455025,11
2024-09-18 15:33:55.961000,416.73345299863456,9
2024-09-18 15:33:56.045000,416.7680925488893,99
2024-09-18 15:33:56.073000,416.7734717864869,95
2024-09-18 15:33:56.251000,416.7579377862663,6
2024-09-18 15:33:56.309000,416.73192146795685,997
2024-09-18 15:33:56.310000,416.8158848813746,8
2024-09-18 15:33:56.314000,416.7511458049731,104
2024-09-18 15:33:56.316000,416.80936224275047,95
2024-09-18 15:33:56.410000,416.8006774096152,8
2024-09-18 15:33:56.429000,416.7537996026039,13
2024-09-18 15:33:56.623000,416.7812677283921,1001
2024-09-18 15:33:56.644000,416.71995940954446,102
2024-09-18 15:33:56.681000,416.79080973852274,1001
2024-09-18 15:33:56.759000,416.71754182755535,9
2024-09-18 15:33:56.768000,416.7589266112546,7
2024-09-18 15:33:56.884000,416.8015014323626,6
2024-09-18 15:33:56.972000,416.7552283308768,95
2024-09-18 15:33:56.999000,416.7421320436087,997
2024-09-18 15:33:57.032000,416.8180215954691,97
2024-09-18 15:33:57.096000,416.8610152190688,1001
2024-09-18 15:33:57.226000,416.8297447074288,5
2024-09-18 15:33:57.457000,416.8550124779472,98
2024-09-18 15:33:57.490000,416.8190467341632,7
2024-09-18 15:33:57.663000,416.8452854780237,104
2024-09-18 15:33:57.708000,416.8375044421788,1003
2024-09-18 15:33:57.750000,416.8507213224023,100
2024-09-18 15:33:58.021000,416.8390692036044,14
2024-09-18 15:33:58.066000,416.83548081445343,105
2024-09-18 15:33:58.074000,416.8510077567649,999
2024-09-18 15:33:58.077000,416.84166907270713,9
2024-09-18 15:33:58.104000,416.8877586689746,1004
2024-09-18 15:33:58.148000,416.8629234138761,105
2024-09-18 15:33:58.176000,416.8263101121186,102
2024-09-18 15:33:58.231000,416.8638186687173,999
2024-09-18 15:33:58.271000,416.88851693537015,11
2024-09-18 15:33:58.291000,416.81927093106,12
2024-09-18 15:33:58.301000,416.8847671675604,12
2024-09-18 15:33:58.393000,416.85371495226553,13
2024-09-18 15:33:58.546000,416.8503757608312,10
2024-09-18 15:33:58.577000,416.8374064529562,103
2024-09-18 15:33:58.607000,416.8616133455922,995
2024-09-18 15:33:58.618000,416.84107269271976,105
2024-09-18 15:33:58.621000,416.8400347435432,1001
2024-09-18 15:33:58.648000,416.85494899608585,996
2024-09-18 15:33:58.785000,416.8406367023715,12
2024-09-18 15:33:58.812000,416.8621871511241,5
2024-09-18 15:33:58.818000,416.8788172650521,12
2024-09-18 15:33:58.967000,416.85720512500336,14
2024-09-18 15:33:58.996000,416.835159946607,5
2024-09-18 15:33:59.034000,416.9103321956347,14
2024-09-18 15:33:59.056000,416.866864792192,7
2024-09-18 15:33:59.123000,416.8348298270707,101
2024-09-18 15:33:59.194000,416.8927762494333,105
2024-09-18 15:33:59.218000,416.8458394896826,6
2024-09-18 15:33:59.220000,416.845600177638,102
2024-09-18 15:33:59.238000,416.8206683527779,9
2024-09-18 15:33:59.269000,416.8918860023087,998
2024-09-18 15:33:59.295000,416.832765248654,1002
2024-09-18 15:33:59.326000,416.8546465797812,7
2024-09-18 15:33:59.330000,416.8805439556917,998
2024-09-18 15:33:59.371000,416.799279451502,11
2024-09-18 15:33:59.399000,416.7977801884491,999
2024-09-18 15:33:59.464000,416.85082236214777,7
2024-09-18 15:33:59.494000,416.850305723208,103
2024-09-18 15:33:59.510000,416.8414307603891,103
2024-09-18 15:33:59.585000,416.85743710107977,102
2024-09-18 15:33:59.651000,416.8250197535072,95
2024-09-18 15:33:59.706000,416.886893100192,104
2024-09-18 15:33:59.737000,416.8207052709032,95
2024-09-18 15:33:59.763000,416.8635078120936,1002
2024-09-18 15:33:59.797000,416.852478785972,1005
2024-09-18 15:33:59.861000,416.8489279381455,101
2024-09-18 15:33:59.876000,416.83829897260654,1000
2024-09-18 15:33:59.930000,416.8770978559222,1001
2024-09-18 15:33:59.933000,416.8290690506753,7
2024-09-18 15:33:59.945000,416.8535102133043,105
2024-09-18 15:33:59.957000,416.8284439631111,995
