Timestamp,Price,Size
2024-09-20 14:11:00.053000,429.3514803835941,9
2024-09-20 14:11:00.090000,429.3442163466736,96
2024-09-20 14:11:00.203000,429.34501483237824,104
2024-09-20 14:11:00.246000,429.3175916940297,6
2024-09-20 14:11:00.254000,429.3162653370526,1003
2024-09-20 14:11:00.271000,429.30361637635866,1002
2024-09-20 14:11:00.272000,429.3513040664659,104
2024-09-20 14:11:00.334000,429.344018841249,105
2024-09-20 14:11:00.359000,429.3358467886495,105
2024-09-20 14:11:00.362000,429.3221651061344,7
2024-09-20 14:11:00.369000,429.3829050815908,101
2024-09-20 14:11:00.370000,429.3361562126337,1001
2024-09-20 14:11:00.379000,429.3949478235872,103
2024-09-20 14:11:00.402000,429.3114212070837,96
2024-09-20 14:11:00.426000,429.3393908556991,15
2024-09-20 14:11:00.447000,429.3212138865224,996
2024-09-20 14:11:00.487000,429.3704443013697,1001
2024-09-20 14:11:00.535000,429.3308910101409,8
2024-09-20 14:11:00.633000,429.353027694104,1003
2024-09-20 14:11:00.656000,429.3051243378645,101
2024-09-20 14:11:00.701000,429.3946603367277,12
2024-09-20 14:11:00.716000,429.3511166308745,102
2024-09-20 14:11:00.763000,429.321227512691,99
2024-09-20 14:11:00.852000,429.3163164330605,8
2024-09-20 14:11:00.853000,429.3328424027708,8
2024-09-20 14:11:00.859000,429.3793231518333,95
2024-09-20 14:11:00.952000,429.3069367106352,5
2024-09-20 14:11:01.120000,429.3204871415156,1005
2024-09-20 14:11:01.127000,429.37502084651,15
2024-09-20 14:11:01.164000,429.3116117555372,1001
2024-09-20 14:11:01.245000,429.3442720166201,13
2024-09-20 14:11:01.333000,429.3434746691935,1003
2024-09-20 14:11:01.556000,429.3430568544552,1002
2024-09-20 14:11:01.580000,429.2966523950097,100
2024-09-20 14:11:01.642000,429.32587589511616,5
2024-09-20 14:11:01.703000,429.35790883145006,995
2024-09-20 14:11:01.729000,429.3338048113301,5
2024-09-20 14:11:01.730000,429.3340398759369,1002
2024-09-20 14:11:01.817000,429.3099578840077,7
2024-09-20 14:11:01.915000,429.34720868717056,7
2024-09-20 14:11:01.919000,429.3427464671328,1005
2024-09-20 14:11:01.937000,429.3412242518594,996
2024-09-20 14:11:01.951000,429.36714968108487,14
2024-09-20 14:11:01.993000,429.3798423126131,995
2024-09-20 14:11:02.099000,429.3609843420911,10
2024-09-20 14:11:02.137000,429.39298461106125,998
2024-09-20 14:11:02.320000,429.3856556670881,12
2024-09-20 14:11:02.383000,429.347861985647,99
2024-09-20 14:11:02.429000,429.364447684676,102
2024-09-20 14:11:02.437000,429.3804823031205,15
2024-09-20 14:11:02.469000,429.34921850560175,103
2024-09-20 14:11:02.548000,429.36123942486046,101
2024-09-20 14:11:02.612000,429.3814978626274,11
2024-09-20 14:11:02.703000,429.3685266530552,1005
2024-09-20 14:11:02.751000,429.3347370632476,99
2024-09-20 14:11:02.808000,429.39753533920725,97
2024-09-20 14:11:03.229000,429.340418589923,101
2024-09-20 14:11:03.333000,429.3390204701125,1002
2024-09-20 14:11:03.382000,429.3299793553211,14
2024-09-20 14:11:03.535000,429.3259745808834,97
2024-09-20 14:11:03.537000,429.3403526314273,998
2024-09-20 14:11:03.689000,429.33162502866986,11
2024-09-20 14:11:03.725000,429.3472072224801,6
2024-09-20 14:11:03.771000,429.33532119117126,96
2024-09-20 14:11:03.798000,429.31311491167,13
2024-09-20 14:11:04.018000,429.3463643445363,5
2024-09-20 14:11:04.108000,429.291725686716,7
2024-09-20 14:11:04.312000,429.3408906442115,102
2024-09-20 14:11:04.510000,429.3088776804444,99
2024-09-20 14:11:04.515000,429.31201024209497,1002
2024-09-20 14:11:04.683000,429.32662567608577,7
2024-09-20 14:11:04.688000,429.3470786657244,9
2024-09-20 14:11:04.778000,429.2979305270557,8
2024-09-20 14:11:04.927000,429.3420846687919,101
2024-09-20 14:11:05.149000,429.34520649329744,1003
2024-09-20 14:11:05.668000,429.3239554578813,98
2024-09-20 14:11:05.874000,429.3367970527359,13
2024-09-20 14:11:06.012000,429.362084757154,97
2024-09-20 14:11:06.033000,429.3809844316352,1003
2024-09-20 14:11:06.046000,429.4213184047732,12
2024-09-20 14:11:06.058000,429.4295213130825,15
2024-09-20 14:11:06.063000,429.3727847128926,5
2024-09-20 14:11:06.069000,429.4212025547069,1001
2024-09-20 14:11:06.077000,429.3872681337264,97
2024-09-20 14:11:06.090000,429.3786991280828,98
2024-09-20 14:11:06.136000,429.35868016295154,104
2024-09-20 14:11:06.153000,429.39230077492704,998
2024-09-20 14:11:06.199000,429.3489143168179,1003
2024-09-20 14:11:06.213000,429.3521326135669,97
2024-09-20 14:11:06.324000,429.3684375880481,104
2024-09-20 14:11:06.375000,429.36027862041817,997
2024-09-20 14:11:06.389000,429.35214586532544,102
2024-09-20 14:11:06.433000,429.4210187839379,999
2024-09-20 14:11:06.453000,429.3711866534256,97
2024-09-20 14:11:06.544000,429.36875270793104,999
2024-09-20 14:11:06.559000,429.3308370017834,996
2024-09-20 14:11:06.569000,429.38074217191735,9
2024-09-20 14:11:06.590000,429.4113372985913,1002
2024-09-20 14:11:06.713000,429.43282427120994,102
2024-09-20 14:11:06.743000,429.3352312690995,99
2024-09-20 14:11:06.794000,429.3979614332946,10
2024-09-20 14:11:06.895000,429.37242157613406,10
2024-09-20 14:11:06.986000,429.4330423859586,6
2024-09-20 14:11:06.997000,429.3846303603734,11
2024-09-20 14:11:07.072000,429.38410840875616,100
2024-09-20 14:11:07.191000,429.34986251171046,97
2024-09-20 14:11:07.194000,429.3950764985567,14
2024-09-20 14:11:07.196000,429.3419045164777,95
2024-09-20 14:11:07.205000,429.37866537309776,996
2024-09-20 14:11:07.281000,429.3501790972201,101
2024-09-20 14:11:07.331000,429.3912061983357,101
2024-09-20 14:11:07.400000,429.3377830411745,1001
2024-09-20 14:11:07.440000,429.37767574443615,10
2024-09-20 14:11:07.466000,429.3632999544904,101
2024-09-20 14:11:07.650000,429.3296160679664,9
2024-09-20 14:11:07.655000,429.34658735481537,1004
2024-09-20 14:11:07.678000,429.32665926775576,97
2024-09-20 14:11:07.681000,429.3253267946828,12
2024-09-20 14:11:07.695000,429.3318912357344,996
2024-09-20 14:11:07.824000,429.3356648124698,11
2024-09-20 14:11:07.860000,429.3767686005462,104
2024-09-20 14:11:07.938000,429.3731832383976,5
2024-09-20 14:11:07.978000,429.400386860662,104
2024-09-20 14:11:08.584000,429.3489477579277,1002
2024-09-20 14:11:08.722000,429.3452694104352,99
2024-09-20 14:11:08.819000,429.3327012792584,99
2024-09-20 14:11:08.992000,429.3537781536661,8
2024-09-20 14:11:09.079000,429.4705286462887,103
2024-09-20 14:11:09.092000,429.3658033160917,7
2024-09-20 14:11:09.101000,429.3250869835275,12
2024-09-20 14:11:09.172000,429.50353351106185,999
2024-09-20 14:11:09.207000,429.36561501136816,101
2024-09-20 14:11:09.222000,429.4263361373422,13
2024-09-20 14:11:09.238000,429.3321640180631,14
2024-09-20 14:11:09.245000,429.3617524546559,996
2024-09-20 14:11:09.265000,429.4196347231036,1004
2024-09-20 14:11:09.286000,429.3437145100378,1000
2024-09-20 14:11:09.294000,429.4944832470081,1002
2024-09-20 14:11:09.324000,429.3310296253218,101
2024-09-20 14:11:09.380000,429.331569426044,1003
2024-09-20 14:11:09.387000,429.5120443849993,1003
2024-09-20 14:11:09.397000,429.3829525189013,13
2024-09-20 14:11:09.409000,429.3908151956023,103
2024-09-20 14:11:09.435000,429.4800061496199,995
2024-09-20 14:11:09.436000,429.3309647058626,13
2024-09-20 14:11:09.485000,429.4653187121508,95
2024-09-20 14:11:09.553000,429.46002924809954,97
2024-09-20 14:11:09.571000,429.4154998400441,998
2024-09-20 14:11:09.571000,429.3750787405496,103
2024-09-20 14:11:09.614000,429.3953876313471,1003
2024-09-20 14:11:09.809000,429.4595453871682,5
2024-09-20 14:11:09.847000,429.3863645096063,13
2024-09-20 14:11:09.922000,429.37333733980887,7
2024-09-20 14:11:09.947000,429.3687519400531,14
2024-09-20 14:11:09.956000,429.4214849860659,1004
2024-09-20 14:11:09.966000,429.4713255345349,995
2024-09-20 14:11:09.982000,429.51542411001935,11
2024-09-20 14:11:10.010000,429.5196733221696,1001
2024-09-20 14:11:10.052000,429.4975519647396,95
2024-09-20 14:11:10.068000,429.48995166587815,103
2024-09-20 14:11:10.072000,429.5019530525759,103
2024-09-20 14:11:10.148000,429.4855298559837,5
2024-09-20 14:11:10.153000,429.4671044522032,13
2024-09-20 14:11:10.201000,429.510583601438,999
2024-09-20 14:11:10.323000,429.5280086202452,7
2024-09-20 14:11:10.356000,429.5158526934361,104
2024-09-20 14:11:10.372000,429.475497577363,13
2024-09-20 14:11:10.474000,429.4952137303886,1000
2024-09-20 14:11:10.500000,429.53096987549054,1005
2024-09-20 14:11:10.508000,429.46289132061753,1001
2024-09-20 14:11:10.545000,429.512303980644,8
2024-09-20 14:11:10.628000,429.4824531771356,102
2024-09-20 14:11:10.650000,429.49580011043406,97
2024-09-20 14:11:10.675000,429.51530599860615,99
2024-09-20 14:11:10.842000,429.4951142735934,1003
2024-09-20 14:11:10.848000,429.5237933054564,1001
2024-09-20 14:11:10.937000,429.510263739636,99
2024-09-20 14:11:10.979000,429.49409691815504,1005
2024-09-20 14:11:12.007000,429.4961540444081,9
2024-09-20 14:11:12.046000,429.5000671821995,996
2024-09-20 14:11:12.174000,429.5045322441454,99
2024-09-20 14:11:12.287000,429.5132886286789,1000
2024-09-20 14:11:12.595000,429.50196776780297,999
2024-09-20 14:11:12.616000,429.5299814232045,996
2024-09-20 14:11:12.686000,429.5298137825076,95
2024-09-20 14:11:12.713000,429.5173741359376,5
2024-09-20 14:11:12.759000,429.50992402501873,104
2024-09-20 14:11:12.818000,429.49856900309857,1000
2024-09-20 14:11:12.990000,429.5021008678667,995
2024-09-20 14:11:13.005000,429.5204053476945,7
2024-09-20 14:11:13.073000,429.5484395435953,9
2024-09-20 14:11:13.079000,429.5792605650073,10
2024-09-20 14:11:13.118000,429.5820451012421,9
2024-09-20 14:11:13.392000,429.542820463968,96
2024-09-20 14:11:13.397000,429.5724518375655,998
2024-09-20 14:11:13.489000,429.5591377384719,101
2024-09-20 14:11:13.791000,429.5335670258761,102
2024-09-20 14:11:13.859000,429.56545483937407,1001
2024-09-20 14:11:13.914000,429.58172404987295,999
2024-09-20 14:11:13.982000,429.5566587530179,11
2024-09-20 14:11:13.990000,429.5519496270472,95
2024-09-20 14:11:13.994000,429.5771597799935,1004
2024-09-20 14:11:14.016000,429.566641688551,100
2024-09-20 14:11:14.081000,429.60728119859925,996
2024-09-20 14:11:14.084000,429.6283531792002,999
2024-09-20 14:11:14.089000,429.5833116513156,1000
2024-09-20 14:11:14.105000,429.5646456230978,96
2024-09-20 14:11:14.127000,429.5626143127926,15
2024-09-20 14:11:14.151000,429.603178513328,996
2024-09-20 14:11:14.192000,429.59688902549175,998
2024-09-20 14:11:14.215000,429.5981190178062,11
2024-09-20 14:11:14.301000,429.5838407129602,99
2024-09-20 14:11:14.335000,429.5981321474953,1000
2024-09-20 14:11:14.341000,429.5736569747122,6
2024-09-20 14:11:14.437000,429.5666316893802,996
2024-09-20 14:11:14.488000,429.6104734321607,6
2024-09-20 14:11:14.553000,429.6168618434396,996
2024-09-20 14:11:14.594000,429.5979097582035,105
2024-09-20 14:11:14.640000,429.6018516454106,999
2024-09-20 14:11:14.806000,429.593493302616,998
2024-09-20 14:11:14.842000,429.5827153319978,12
2024-09-20 14:11:14.918000,429.60062123585055,104
2024-09-20 14:11:15.085000,429.55417266921495,999
2024-09-20 14:11:15.091000,429.5587748512928,101
2024-09-20 14:11:15.102000,429.5066875961131,95
2024-09-20 14:11:15.180000,429.58191644540807,98
2024-09-20 14:11:15.379000,429.5859206058065,10
2024-09-20 14:11:15.502000,429.58934903104233,7
2024-09-20 14:11:15.590000,429.5435903477502,1005
2024-09-20 14:11:15.592000,429.5815914474917,95
2024-09-20 14:11:15.658000,429.50677608763226,5
2024-09-20 14:11:15.768000,429.5213095558378,13
2024-09-20 14:11:15.779000,429.5487414006203,998
2024-09-20 14:11:15.896000,429.50135265850014,105
2024-09-20 14:11:15.924000,429.56327287367736,105
2024-09-20 14:11:15.937000,429.56967668409146,12
2024-09-20 14:11:16.031000,429.4625104210984,103
2024-09-20 14:11:16.289000,429.4661356145602,105
2024-09-20 14:11:16.478000,429.4740469411733,97
2024-09-20 14:11:16.495000,429.46743266073696,105
2024-09-20 14:11:16.673000,429.501736993865,99
2024-09-20 14:11:16.678000,429.4772350628649,99
2024-09-20 14:11:16.781000,429.4777915585671,103
2024-09-20 14:11:16.785000,429.48674511187625,7
2024-09-20 14:11:16.789000,429.5022720231723,97
2024-09-20 14:11:16.801000,429.4593417593807,98
2024-09-20 14:11:16.865000,429.4568311886607,9
2024-09-20 14:11:16.892000,429.45649037674025,102
2024-09-20 14:11:17.059000,429.4609007782434,101
2024-09-20 14:11:17.082000,429.4741007445464,100
2024-09-20 14:11:17.090000,429.46210364255217,96
2024-09-20 14:11:17.181000,429.4699306492117,995
2024-09-20 14:11:17.191000,429.4550209185471,103
2024-09-20 14:11:17.229000,429.4587957809312,11
2024-09-20 14:11:17.231000,429.4742037342705,12
2024-09-20 14:11:17.287000,429.4660568746572,998
2024-09-20 14:11:17.332000,429.4706076998176,103
2024-09-20 14:11:17.554000,429.46784573977385,1001
2024-09-20 14:11:17.583000,429.461885515416,96
2024-09-20 14:11:17.584000,429.4750253378535,1004
2024-09-20 14:11:17.665000,429.4732329283526,5
2024-09-20 14:11:17.687000,429.4655162349514,6
2024-09-20 14:11:18.014000,429.4774126236358,10
2024-09-20 14:11:18.138000,429.5008130659873,11
2024-09-20 14:11:18.410000,429.4969937991924,999
2024-09-20 14:11:18.602000,429.4666652992428,1000
2024-09-20 14:11:18.640000,429.4699793650677,9
2024-09-20 14:11:18.653000,429.4620528933159,13
2024-09-20 14:11:18.733000,429.5089380399942,997
2024-09-20 14:11:18.758000,429.512909297588,13
2024-09-20 14:11:19.508000,429.4879531561318,101
2024-09-20 14:11:19.838000,429.49998743326296,95
2024-09-20 14:11:20.471000,429.4808800928335,1002
2024-09-20 14:11:21.054000,429.4859256739714,999
2024-09-20 14:11:21.097000,429.4931702573464,1001
2024-09-20 14:11:21.177000,429.4542426259879,995
2024-09-20 14:11:21.396000,429.43985732822864,11
2024-09-20 14:11:21.434000,429.4817673634114,13
2024-09-20 14:11:21.452000,429.448913503677,13
2024-09-20 14:11:21.589000,429.4899460560447,10
2024-09-20 14:11:21.644000,429.4744673763423,1003
2024-09-20 14:11:21.744000,429.4558874892585,104
2024-09-20 14:11:21.930000,429.44613575692927,100
2024-09-20 14:11:22.023000,429.5269678140372,1004
2024-09-20 14:11:22.126000,429.53530996607526,999
2024-09-20 14:11:22.147000,429.51629769006735,99
2024-09-20 14:11:22.156000,429.51113265874193,6
2024-09-20 14:11:22.208000,429.5358132284282,103
2024-09-20 14:11:22.300000,429.5215448732832,11
2024-09-20 14:11:22.304000,429.49962913873446,8
2024-09-20 14:11:22.427000,429.5109561393117,99
2024-09-20 14:11:22.471000,429.53622629546777,15
2024-09-20 14:11:22.476000,429.5262866723734,96
2024-09-20 14:11:22.481000,429.5191393768058,5
2024-09-20 14:11:22.500000,429.52764440981576,998
2024-09-20 14:11:22.505000,429.5017824433913,1002
2024-09-20 14:11:22.559000,429.5023623999076,12
2024-09-20 14:11:22.562000,429.52172484107183,99
2024-09-20 14:11:22.596000,429.5378739969369,95
2024-09-20 14:11:22.690000,429.5033742566941,13
2024-09-20 14:11:22.881000,429.52257748498215,104
2024-09-20 14:11:22.890000,429.5313634314887,10
2024-09-20 14:11:22.962000,429.507048142451,995
2024-09-20 14:11:22.967000,429.528259992238,99
2024-09-20 14:11:22.968000,429.49150654041296,99
2024-09-20 14:11:22.998000,429.51343956564097,1000
2024-09-20 14:11:23.106000,429.53235960575125,1001
2024-09-20 14:11:23.163000,429.5929509129068,98
2024-09-20 14:11:23.249000,429.6063270664867,11
2024-09-20 14:11:23.537000,429.5870292081081,98
2024-09-20 14:11:23.603000,429.53517495894994,1003
2024-09-20 14:11:23.605000,429.57252654980607,12
2024-09-20 14:11:23.615000,429.6133034642342,101
2024-09-20 14:11:23.626000,429.60817658235527,101
2024-09-20 14:11:23.699000,429.5174087540422,1000
2024-09-20 14:11:23.700000,429.574458325399,102
2024-09-20 14:11:23.723000,429.53527177673095,103
2024-09-20 14:11:23.730000,429.51091148806313,1004
2024-09-20 14:11:23.734000,429.5792611051229,104
2024-09-20 14:11:23.789000,429.5982131545373,96
2024-09-20 14:11:23.834000,429.5666181562922,12
2024-09-20 14:11:23.839000,429.5713279382463,1001
2024-09-20 14:11:23.969000,429.5359376122424,5
2024-09-20 14:11:24.006000,429.60820092276657,995
2024-09-20 14:11:24.008000,429.6187693213954,999
2024-09-20 14:11:24.024000,429.62485579587855,101
2024-09-20 14:11:24.044000,429.6257067371802,97
2024-09-20 14:11:24.126000,429.6132070707535,11
2024-09-20 14:11:24.203000,429.6156856553181,103
2024-09-20 14:11:24.260000,429.62796952723977,998
2024-09-20 14:11:24.275000,429.6316011774025,95
2024-09-20 14:11:24.315000,429.6348398519743,104
2024-09-20 14:11:24.461000,429.626806635603,1001
2024-09-20 14:11:24.472000,429.6337622381354,1001
2024-09-20 14:11:24.481000,429.6323122805297,5
2024-09-20 14:11:24.506000,429.6127093800328,1002
2024-09-20 14:11:24.520000,429.6088377844648,100
2024-09-20 14:11:24.588000,429.6019440584462,5
2024-09-20 14:11:24.604000,429.6081055234284,7
2024-09-20 14:11:24.699000,429.6144931172627,10
2024-09-20 14:11:24.764000,429.6364013696653,98
2024-09-20 14:11:24.867000,429.62517129088593,6
2024-09-20 14:11:24.960000,429.6267660618996,95
2024-09-20 14:11:24.983000,429.62202940448674,12
2024-09-20 14:11:24.999000,429.5919152731102,101
2024-09-20 14:11:25.032000,429.5444820292454,996
2024-09-20 14:11:25.073000,429.55436548322166,10
2024-09-20 14:11:25.175000,429.5851312330544,999
2024-09-20 14:11:25.211000,429.4593696332401,100
2024-09-20 14:11:25.247000,429.5033411419547,10
2024-09-20 14:11:25.265000,429.5787354028582,1001
2024-09-20 14:11:25.291000,429.4989436332354,5
2024-09-20 14:11:25.304000,429.61340335313656,1001
2024-09-20 14:11:25.344000,429.5014155640257,95
2024-09-20 14:11:25.349000,429.59386871378257,105
2024-09-20 14:11:25.361000,429.5000364559774,96
2024-09-20 14:11:25.487000,429.50849034114646,1003
2024-09-20 14:11:25.548000,429.5102002886912,12
2024-09-20 14:11:25.571000,429.5004858751719,98
2024-09-20 14:11:25.623000,429.4523912400976,104
2024-09-20 14:11:25.645000,429.5138356643192,9
2024-09-20 14:11:25.741000,429.46507913608485,15
2024-09-20 14:11:25.754000,429.48138142275,95
2024-09-20 14:11:25.767000,429.5310912868738,998
2024-09-20 14:11:25.777000,429.53417828270887,1003
2024-09-20 14:11:25.788000,429.5520454670121,999
2024-09-20 14:11:25.808000,429.5183907530379,9
2024-09-20 14:11:25.924000,429.5656593057548,996
2024-09-20 14:11:25.948000,429.5738625953013,97
2024-09-20 14:11:26.667000,429.4813000343191,14
2024-09-20 14:11:26.694000,429.4692401881424,98
2024-09-20 14:11:27.010000,429.47420903244506,995
2024-09-20 14:11:27.093000,429.4895386747068,11
2024-09-20 14:11:27.126000,429.4781992327552,96
2024-09-20 14:11:27.185000,429.4892809800341,12
2024-09-20 14:11:27.189000,429.4621234297465,997
2024-09-20 14:11:27.226000,429.4864323747499,5
2024-09-20 14:11:27.251000,429.49106856021655,998
2024-09-20 14:11:27.253000,429.4687567114793,8
2024-09-20 14:11:27.264000,429.4777443912128,105
2024-09-20 14:11:27.303000,429.4996669104061,998
2024-09-20 14:11:27.331000,429.47273693161975,1003
2024-09-20 14:11:27.365000,429.4623351517937,1004
2024-09-20 14:11:27.421000,429.47709175507146,998
2024-09-20 14:11:27.441000,429.4927724620727,13
2024-09-20 14:11:27.526000,429.4590460741492,995
2024-09-20 14:11:27.537000,429.4812295893847,101
2024-09-20 14:11:27.562000,429.4743331066429,97
2024-09-20 14:11:27.664000,429.47167792648656,96
2024-09-20 14:11:27.686000,429.4960392960714,9
2024-09-20 14:11:27.727000,429.4840760793979,15
2024-09-20 14:11:27.729000,429.4789000317842,998
2024-09-20 14:11:27.776000,429.4886751464313,1005
2024-09-20 14:11:27.783000,429.47665142164,995
2024-09-20 14:11:27.956000,429.4633174270243,1000
2024-09-20 14:11:28.048000,429.600469231625,1004
2024-09-20 14:11:28.174000,429.611293999126,101
2024-09-20 14:11:28.207000,429.5985999263115,1002
2024-09-20 14:11:28.254000,429.6127227014852,995
2024-09-20 14:11:28.269000,429.6238238325676,999
2024-09-20 14:11:28.283000,429.6067290988729,1000
2024-09-20 14:11:28.333000,429.6034082653333,13
2024-09-20 14:11:28.357000,429.5615505556811,995
2024-09-20 14:11:28.379000,429.4826306089881,10
2024-09-20 14:11:28.435000,429.4788574082042,5
2024-09-20 14:11:28.436000,429.5254586138928,95
2024-09-20 14:11:28.481000,429.6042040155602,97
2024-09-20 14:11:28.586000,429.606629388891,105
2024-09-20 14:11:28.648000,429.57957595120905,1004
2024-09-20 14:11:28.767000,429.5483590929213,105
2024-09-20 14:11:28.781000,429.6016044960288,5
2024-09-20 14:11:28.808000,429.4815514105251,14
2024-09-20 14:11:28.896000,429.5471221281135,1004
2024-09-20 14:11:28.980000,429.51317654303193,103
2024-09-20 14:11:29.224000,429.682416548492,12
2024-09-20 14:11:29.272000,429.6308075402628,998
2024-09-20 14:11:29.279000,429.7236840791344,1005
2024-09-20 14:11:29.315000,429.70203634101097,104
2024-09-20 14:11:29.325000,429.6299517242281,998
2024-09-20 14:11:29.362000,429.6625066358382,13
2024-09-20 14:11:29.387000,429.73782786854673,105
2024-09-20 14:11:29.390000,429.7020178540938,105
2024-09-20 14:11:29.438000,429.6604540593744,14
2024-09-20 14:11:29.554000,429.6186992457336,5
2024-09-20 14:11:29.641000,429.7159390712361,15
2024-09-20 14:11:29.667000,429.73793332271663,995
2024-09-20 14:11:29.672000,429.6329236601121,100
2024-09-20 14:11:29.980000,429.707648517342,10
2024-09-20 14:11:31.006000,429.733182094978,103
2024-09-20 14:11:31.064000,429.7352796968729,11
2024-09-20 14:11:31.165000,429.7052450736729,9
2024-09-20 14:11:31.181000,429.7347161928485,13
2024-09-20 14:11:31.190000,429.70489668782193,105
2024-09-20 14:11:31.474000,429.7068427826999,1002
2024-09-20 14:11:31.637000,429.7292919168693,96
2024-09-20 14:11:32.077000,429.83977750025576,995
2024-09-20 14:11:32.089000,429.8472135716503,1000
2024-09-20 14:11:32.156000,429.7550902872433,14
2024-09-20 14:11:32.247000,429.78681621774746,1000
2024-09-20 14:11:32.252000,429.7237979038616,9
2024-09-20 14:11:32.285000,429.7990710985444,1002
2024-09-20 14:11:32.308000,429.837836260334,1001
2024-09-20 14:11:32.378000,429.8429401667758,12
2024-09-20 14:11:32.458000,429.8384099683973,1003
2024-09-20 14:11:32.482000,429.7639932749758,95
2024-09-20 14:11:32.494000,429.75846787508647,8
2024-09-20 14:11:32.550000,429.8097890070821,13
2024-09-20 14:11:32.591000,429.824605819423,1004
2024-09-20 14:11:32.799000,429.73709189727606,8
2024-09-20 14:11:32.960000,429.72381434658473,999
2024-09-20 14:11:32.997000,429.829898883783,10
2024-09-20 14:11:33.261000,429.8191361172802,999
2024-09-20 14:11:33.648000,429.8351009910564,1001
2024-09-20 14:11:33.724000,429.8271415282643,14
2024-09-20 14:11:34.279000,429.7892481272932,102
2024-09-20 14:11:34.339000,429.7935565589173,14
2024-09-20 14:11:34.418000,429.7914697167871,1000
2024-09-20 14:11:34.477000,429.8238162085528,12
2024-09-20 14:11:35.475000,429.7876247029565,999
2024-09-20 14:11:35.488000,429.7663858540224,97
2024-09-20 14:11:36.006000,429.8251833743244,103
2024-09-20 14:11:36.040000,429.838083632098,5
2024-09-20 14:11:36.281000,429.80927890015965,15
2024-09-20 14:11:36.451000,429.7932342274471,7
2024-09-20 14:11:36.518000,429.8387490634176,1004
2024-09-20 14:11:37.061000,429.8806157254247,1002
2024-09-20 14:11:37.119000,429.8214148364148,95
2024-09-20 14:11:37.256000,429.8140848802723,98
2024-09-20 14:11:37.370000,429.8360982332006,105
2024-09-20 14:11:37.411000,429.8629321309334,999
2024-09-20 14:11:37.562000,429.80522384128994,999
2024-09-20 14:11:37.620000,429.81828853722845,1000
2024-09-20 14:11:37.663000,429.7973473852661,104
2024-09-20 14:11:37.694000,429.7890738503877,13
2024-09-20 14:11:37.750000,429.8076966106819,997
2024-09-20 14:11:37.922000,429.8043017390434,103
2024-09-20 14:11:37.999000,429.82001691070815,1005
2024-09-20 14:11:38.004000,429.88337824127296,6
2024-09-20 14:11:38.015000,429.9066150434511,12
2024-09-20 14:11:38.040000,429.8829038412144,14
2024-09-20 14:11:38.077000,429.906292705801,1005
2024-09-20 14:11:38.135000,429.9105968160806,95
2024-09-20 14:11:38.172000,429.8747719472736,7
2024-09-20 14:11:38.267000,429.8912526496049,104
2024-09-20 14:11:38.302000,429.9287559662623,104
2024-09-20 14:11:38.580000,429.9112297862403,103
2024-09-20 14:11:38.625000,429.88887152414594,99
2024-09-20 14:11:38.671000,429.8828539481518,10
2024-09-20 14:11:38.737000,429.9066319719717,999
2024-09-20 14:11:38.778000,429.9126272355907,103
2024-09-20 14:11:38.827000,429.91338568051424,103
2024-09-20 14:11:38.830000,429.9207971003044,101
2024-09-20 14:11:39.006000,429.8494176802321,1004
2024-09-20 14:11:39.016000,429.84483654741337,96
2024-09-20 14:11:39.035000,429.8780812208887,5
2024-09-20 14:11:39.085000,429.8618697574888,1000
2024-09-20 14:11:39.119000,429.8774878031526,995
2024-09-20 14:11:39.149000,429.86415676333536,13
2024-09-20 14:11:39.181000,429.8925987983288,96
2024-09-20 14:11:39.212000,429.8299232367335,10
2024-09-20 14:11:39.265000,429.8813914561785,1004
2024-09-20 14:11:39.313000,429.8766827357677,6
2024-09-20 14:11:39.338000,429.8868982109655,1005
2024-09-20 14:11:39.384000,429.8709252961372,99
2024-09-20 14:11:39.397000,429.86954862806766,9
2024-09-20 14:11:39.457000,429.89496838695976,1002
2024-09-20 14:11:39.544000,429.8856299955383,995
2024-09-20 14:11:39.683000,429.8917845254775,12
2024-09-20 14:11:39.685000,429.8745099906443,12
2024-09-20 14:11:39.757000,429.8798594733453,7
2024-09-20 14:11:39.799000,429.8902852935934,14
2024-09-20 14:11:39.870000,429.8514106066047,1000
2024-09-20 14:11:39.891000,429.8745429237297,6
2024-09-20 14:11:39.964000,429.8518538694453,997
2024-09-20 14:11:39.967000,429.8818635693675,1002
2024-09-20 14:11:39.997000,429.8544595006825,1004
2024-09-20 14:11:40.096000,429.896083771153,12
2024-09-20 14:11:40.116000,429.8866683403915,101
2024-09-20 14:11:40.203000,429.8872994830128,7
2024-09-20 14:11:40.299000,429.9131112160305,96
2024-09-20 14:11:40.311000,429.87499041865306,100
2024-09-20 14:11:40.484000,429.9154879872231,95
2024-09-20 14:11:40.570000,429.9066571270238,8
2024-09-20 14:11:40.576000,429.90074517434505,13
2024-09-20 14:11:40.594000,429.9021202245589,1003
2024-09-20 14:11:40.654000,429.8970351466297,995
2024-09-20 14:11:40.750000,429.8837982065868,103
2024-09-20 14:11:40.754000,429.909269981492,12
2024-09-20 14:11:40.810000,429.9165884894168,96
2024-09-20 14:11:40.857000,429.8990109776323,99
2024-09-20 14:11:40.885000,429.9158060049361,995
2024-09-20 14:11:40.968000,429.8928617623412,1003
2024-09-20 14:11:41,429.9134022106608,105
2024-09-20 14:11:41.215000,429.8944599983393,11
2024-09-20 14:11:41.251000,429.8941441090684,997
2024-09-20 14:11:41.624000,429.9236735286652,99
2024-09-20 14:11:41.774000,429.899682989877,98
2024-09-20 14:11:42.048000,429.9555086392064,101
2024-09-20 14:11:42.109000,429.98598097204007,7
2024-09-20 14:11:42.172000,429.9746936406282,13
2024-09-20 14:11:42.179000,429.9373081712237,104
2024-09-20 14:11:42.183000,429.933476144282,1004
2024-09-20 14:11:42.228000,429.9459207102572,98
2024-09-20 14:11:42.264000,429.9637819549037,13
2024-09-20 14:11:42.284000,429.91557340357247,104
2024-09-20 14:11:42.310000,429.9709066207227,15
2024-09-20 14:11:42.376000,429.9481596623346,1005
2024-09-20 14:11:42.410000,429.9625474757176,1004
2024-09-20 14:11:42.436000,429.96140722136863,11
2024-09-20 14:11:42.560000,429.9374890411273,9
2024-09-20 14:11:42.590000,429.94379479875937,98
2024-09-20 14:11:42.626000,429.9717545214887,1001
2024-09-20 14:11:42.668000,429.9503280079752,995
2024-09-20 14:11:42.675000,429.94205605741934,98
2024-09-20 14:11:42.690000,429.9475110267588,100
2024-09-20 14:11:42.691000,429.9371994959283,6
2024-09-20 14:11:42.733000,429.92003782630974,8
2024-09-20 14:11:42.757000,429.9321195092494,10
2024-09-20 14:11:42.758000,429.93599139677735,997
2024-09-20 14:11:42.763000,429.98182101537583,1000
2024-09-20 14:11:42.787000,429.9093196599605,999
2024-09-20 14:11:42.834000,429.931875879207,11
2024-09-20 14:11:42.884000,429.9152745087724,13
2024-09-20 14:11:42.904000,429.9470977056977,96
2024-09-20 14:11:42.932000,429.9503898602628,7
2024-09-20 14:11:42.969000,429.9738550744733,995
2024-09-20 14:11:43.060000,429.9512208140005,96
2024-09-20 14:11:43.150000,429.962863638102,95
2024-09-20 14:11:43.193000,429.9630672256321,1005
2024-09-20 14:11:43.535000,429.9957051244573,1005
2024-09-20 14:11:44.296000,429.9864108284748,100
2024-09-20 14:11:44.381000,430.0106510688428,8
2024-09-20 14:11:44.435000,429.9421350235773,11
2024-09-20 14:11:44.440000,429.9999156238076,99
2024-09-20 14:11:44.447000,430.010768775288,10
2024-09-20 14:11:44.489000,429.9809383349687,103
2024-09-20 14:11:44.493000,430.0073972944511,1002
2024-09-20 14:11:44.497000,429.9674323041869,101
2024-09-20 14:11:44.549000,430.0015251638973,10
2024-09-20 14:11:44.640000,429.9309576147389,12
2024-09-20 14:11:44.709000,429.9576822126115,99
2024-09-20 14:11:44.843000,430.00298162110175,996
2024-09-20 14:11:44.852000,430.032875420228,1005
2024-09-20 14:11:44.897000,429.986870429464,1005
2024-09-20 14:11:44.905000,429.9739801758512,103
2024-09-20 14:11:44.922000,429.9695139505165,97
2024-09-20 14:11:45.080000,430.0077673928894,8
2024-09-20 14:11:45.528000,430.009179084052,102
2024-09-20 14:11:45.656000,430.0220142884824,5
2024-09-20 14:11:46.193000,430.0163225993461,97
2024-09-20 14:11:46.207000,429.956622915225,1000
2024-09-20 14:11:46.223000,430.0186485172912,12
2024-09-20 14:11:46.373000,430.0041669883207,101
2024-09-20 14:11:46.612000,429.9843310940223,1004
2024-09-20 14:11:46.636000,429.9797819225761,102
2024-09-20 14:11:46.683000,429.9544188749312,105
2024-09-20 14:11:46.747000,429.9853966249547,99
2024-09-20 14:11:46.769000,429.9698467573735,1000
2024-09-20 14:11:46.965000,430.0057018116215,7
2024-09-20 14:11:47.012000,430.0094422953458,1001
2024-09-20 14:11:47.047000,430.02689724366417,96
2024-09-20 14:11:47.048000,430.01713522016,999
2024-09-20 14:11:47.110000,429.9988878375714,13
2024-09-20 14:11:47.136000,429.98746143384335,101
2024-09-20 14:11:47.203000,429.967226129593,15
2024-09-20 14:11:47.204000,429.9997092608847,102
2024-09-20 14:11:47.245000,430.0068622004092,1003
2024-09-20 14:11:47.301000,429.9645887706818,96
2024-09-20 14:11:47.322000,429.99902186875227,1005
2024-09-20 14:11:47.461000,430.0248829474756,6
2024-09-20 14:11:47.485000,429.954696022375,101
2024-09-20 14:11:47.516000,429.96470541789085,7
2024-09-20 14:11:47.563000,429.9996407481675,95
2024-09-20 14:11:47.568000,429.96055928087264,1005
2024-09-20 14:11:47.625000,429.951040524099,996
2024-09-20 14:11:47.649000,430.017004893063,1005
2024-09-20 14:11:47.676000,429.9974723990096,14
2024-09-20 14:11:47.738000,429.9781206672095,103
2024-09-20 14:11:47.739000,430.0226428313709,1000
2024-09-20 14:11:47.797000,430.0007784752221,99
2024-09-20 14:11:47.824000,429.99695829056105,9
2024-09-20 14:11:47.839000,429.9937372265096,9
2024-09-20 14:11:47.850000,429.97096741177256,10
2024-09-20 14:11:47.851000,429.99610585674577,1000
2024-09-20 14:11:47.906000,430.0009433005745,96
2024-09-20 14:11:47.912000,430.00092502240966,995
2024-09-20 14:11:48.032000,430.0389813855054,1003
2024-09-20 14:11:48.225000,430.0691470925714,1000
2024-09-20 14:11:48.230000,430.0186752269639,996
2024-09-20 14:11:48.254000,430.0381486210812,1001
2024-09-20 14:11:48.266000,430.06894852554,14
2024-09-20 14:11:48.318000,430.0425247798759,997
2024-09-20 14:11:48.354000,430.03032971163503,12
2024-09-20 14:11:48.407000,430.0372040007488,1000
2024-09-20 14:11:48.546000,430.0524177356913,13
2024-09-20 14:11:48.581000,430.0351407435176,5
2024-09-20 14:11:48.628000,430.05372557512857,998
2024-09-20 14:11:48.647000,430.0435865337946,100
2024-09-20 14:11:48.659000,430.028612314765,98
2024-09-20 14:11:48.854000,430.0357671079143,104
2024-09-20 14:11:48.981000,430.0665583930803,997
2024-09-20 14:11:49.275000,430.0424569567188,998
2024-09-20 14:11:49.463000,430.04119133659145,96
2024-09-20 14:11:49.513000,429.9885206486807,1003
2024-09-20 14:11:49.591000,430.01949689716616,1003
2024-09-20 14:11:49.715000,429.9925216196463,101
2024-09-20 14:11:49.758000,430.025617470371,995
2024-09-20 14:11:49.816000,430.0250093108507,105
2024-09-20 14:11:49.846000,430.0353296843045,999
2024-09-20 14:11:49.981000,430.04395670238944,997
2024-09-20 14:11:50.038000,429.9611049583593,95
2024-09-20 14:11:50.047000,430.00757435065583,104
2024-09-20 14:11:50.114000,430.0127926805825,997
2024-09-20 14:11:50.139000,430.00090515644473,998
2024-09-20 14:11:50.214000,429.9459181203749,6
2024-09-20 14:11:50.249000,429.9417312079764,98
2024-09-20 14:11:50.254000,430.0173461773432,1000
2024-09-20 14:11:50.320000,429.9277727919842,996
2024-09-20 14:11:50.335000,429.97143259577393,1004
2024-09-20 14:11:50.345000,429.9334886840421,996
2024-09-20 14:11:50.397000,430.01249725229,995
2024-09-20 14:11:50.413000,429.95584617233175,9
2024-09-20 14:11:50.505000,429.9224718459929,99
2024-09-20 14:11:50.508000,430.01216725043975,1003
2024-09-20 14:11:50.524000,429.9987689791061,995
2024-09-20 14:11:50.577000,430.00549108383376,1003
2024-09-20 14:11:50.580000,429.9442929137966,13
2024-09-20 14:11:50.675000,429.9958091009074,7
2024-09-20 14:11:50.703000,429.9357160946575,12
2024-09-20 14:11:50.727000,429.9575156837244,104
2024-09-20 14:11:50.743000,429.93348271145794,1000
2024-09-20 14:11:50.753000,429.9208491380441,998
2024-09-20 14:11:50.774000,429.9999318213908,13
2024-09-20 14:11:50.790000,429.9383576637318,12
2024-09-20 14:11:50.817000,429.9560677947842,101
2024-09-20 14:11:50.925000,429.9834941031804,96
2024-09-20 14:11:51.070000,430.0268616336447,15
2024-09-20 14:11:51.169000,430.00901432463473,1003
2024-09-20 14:11:51.252000,429.991721655234,15
2024-09-20 14:11:51.292000,430.0029249076956,10
2024-09-20 14:11:51.333000,430.0222991221219,997
2024-09-20 14:11:51.376000,430.0142007570786,11
2024-09-20 14:11:51.418000,430.0155781563987,6
2024-09-20 14:11:51.420000,430.011769294958,104
2024-09-20 14:11:51.445000,429.999456379658,1004
2024-09-20 14:11:51.445000,430.00153298079954,15
2024-09-20 14:11:51.472000,430.0045302259422,996
2024-09-20 14:11:51.506000,430.0187616603069,998
2024-09-20 14:11:51.541000,430.0013637715426,14
2024-09-20 14:11:51.546000,430.0032178815296,15
2024-09-20 14:11:51.553000,429.9991702339163,997
2024-09-20 14:11:51.569000,430.0171057867898,1003
2024-09-20 14:11:51.648000,430.0224029154646,98
2024-09-20 14:11:51.722000,430.01817529925614,5
2024-09-20 14:11:51.802000,430.01925345099227,104
2024-09-20 14:11:51.836000,429.98893365210057,104
2024-09-20 14:11:51.840000,430.01487031111856,15
2024-09-20 14:11:51.849000,430.00171401109,1000
2024-09-20 14:11:51.910000,429.9953611337651,13
2024-09-20 14:11:51.917000,430.03147391658496,7
2024-09-20 14:11:51.968000,430.0175654763854,999
2024-09-20 14:11:51.995000,429.9893440553673,99
2024-09-20 14:11:52.124000,430.043341419137,6
2024-09-20 14:11:52.144000,430.053414840373,6
2024-09-20 14:11:52.195000,430.0323844126368,9
2024-09-20 14:11:52.205000,430.0179481425472,998
2024-09-20 14:11:52.360000,430.0394351354528,1000
2024-09-20 14:11:52.512000,430.03337378134313,12
2024-09-20 14:11:52.615000,430.0236421774549,998
2024-09-20 14:11:52.632000,430.0323992028912,1002
2024-09-20 14:11:52.703000,430.0407844575913,97
2024-09-20 14:11:52.914000,430.0447885650457,1005
2024-09-20 14:11:53.077000,429.9968956883968,105
2024-09-20 14:11:53.157000,430.0000575535776,1004
2024-09-20 14:11:53.243000,430.0113657900951,1004
2024-09-20 14:11:53.340000,430.0018938923085,95
2024-09-20 14:11:53.390000,430.0540562830727,15
2024-09-20 14:11:53.449000,429.99912850396623,1005
2024-09-20 14:11:53.456000,430.0079144607393,13
2024-09-20 14:11:53.497000,429.987017308617,995
2024-09-20 14:11:53.600000,430.0107827996865,100
2024-09-20 14:11:53.605000,430.016575725666,99
2024-09-20 14:11:53.712000,430.010351480877,102
2024-09-20 14:11:53.755000,430.0320387116451,15
2024-09-20 14:11:53.770000,430.0501975247328,103
2024-09-20 14:11:53.793000,430.0474288601179,997
2024-09-20 14:11:53.819000,430.01056293278737,11
2024-09-20 14:11:53.830000,430.0166322603458,103
2024-09-20 14:11:53.835000,429.9874643255363,998
2024-09-20 14:11:53.879000,430.0355977190849,10
2024-09-20 14:11:53.921000,430.02851930795146,997
2024-09-20 14:11:53.923000,430.02295475245165,102
2024-09-20 14:11:53.954000,430.0083041909012,996
2024-09-20 14:11:54.303000,430.0126319207514,97
2024-09-20 14:11:54.383000,429.9968429497608,12
2024-09-20 14:11:54.549000,430.0060721827452,11
2024-09-20 14:11:54.702000,429.9995760089864,13
2024-09-20 14:11:54.717000,429.9985882903391,995
2024-09-20 14:11:55.021000,429.9071362025622,99
2024-09-20 14:11:55.035000,430.00189811178666,96
2024-09-20 14:11:55.042000,429.9902382283115,105
2024-09-20 14:11:55.148000,430.0020260228447,95
2024-09-20 14:11:55.153000,429.88024147952376,998
2024-09-20 14:11:55.271000,429.84923588279497,15
2024-09-20 14:11:55.324000,429.9476664036975,102
2024-09-20 14:11:55.328000,429.9856351481744,6
2024-09-20 14:11:55.394000,429.92102674357983,998
2024-09-20 14:11:55.398000,429.99219414560656,8
2024-09-20 14:11:55.421000,429.88763487992856,15
2024-09-20 14:11:55.441000,429.9986364635277,995
2024-09-20 14:11:55.504000,429.8649143276183,1003
2024-09-20 14:11:55.525000,429.9585098264764,1003
2024-09-20 14:11:55.546000,429.89152325767895,103
2024-09-20 14:11:55.550000,430.0070434105415,999
2024-09-20 14:11:55.560000,429.954329097779,1000
2024-09-20 14:11:55.617000,429.9920642345401,9
2024-09-20 14:11:55.706000,429.8611593117183,8
2024-09-20 14:11:55.774000,429.92582835565935,996
2024-09-20 14:11:55.877000,429.9261944329807,9
2024-09-20 14:11:55.904000,429.8999294653684,97
2024-09-20 14:11:55.932000,429.8398873126797,7
2024-09-20 14:11:55.942000,429.99750820327375,1003
2024-09-20 14:11:55.966000,430.0123346552007,105
2024-09-20 14:11:56.003000,429.86349365602246,7
2024-09-20 14:11:56.114000,429.8860883906244,995
2024-09-20 14:11:56.160000,429.8436839590816,99
2024-09-20 14:11:56.161000,429.9030064584773,97
2024-09-20 14:11:56.171000,429.9157789809928,8
2024-09-20 14:11:56.173000,429.8658084608777,98
2024-09-20 14:11:56.229000,429.8725833810503,99
2024-09-20 14:11:56.291000,429.908245841745,97
2024-09-20 14:11:56.300000,429.9048689958398,1001
2024-09-20 14:11:56.365000,429.8355767771377,995
2024-09-20 14:11:56.450000,429.9009140763288,96
2024-09-20 14:11:56.457000,429.9087644569523,6
2024-09-20 14:11:56.522000,429.91403910987566,104
2024-09-20 14:11:56.530000,429.8588575301504,6
2024-09-20 14:11:56.560000,429.9392761493618,996
2024-09-20 14:11:56.585000,429.8979720551728,998
2024-09-20 14:11:56.590000,429.88896219837017,5
2024-09-20 14:11:56.598000,429.8857763391413,9
2024-09-20 14:11:56.608000,429.88717257666417,100
2024-09-20 14:11:56.608000,429.918245131104,5
2024-09-20 14:11:56.695000,429.8969039659567,12
2024-09-20 14:11:56.731000,429.8920007706094,105
2024-09-20 14:11:56.875000,429.8790995811388,5
2024-09-20 14:11:56.989000,429.9205287320227,998
2024-09-20 14:11:56.999000,429.8408091560577,103
2024-09-20 14:11:57.129000,429.8939678275695,97
2024-09-20 14:11:57.145000,429.9464873061941,101
2024-09-20 14:11:57.268000,429.935178778612,1005
2024-09-20 14:11:57.271000,429.9510340145829,102
2024-09-20 14:11:57.291000,429.9355782710572,14
2024-09-20 14:11:57.434000,429.9356989976181,103
2024-09-20 14:11:57.471000,429.9041430288218,103
2024-09-20 14:11:57.549000,429.9126059155855,998
2024-09-20 14:11:57.673000,429.9243067993556,997
2024-09-20 14:11:57.680000,429.9222397403077,1001
2024-09-20 14:11:57.728000,429.9667936741941,1001
2024-09-20 14:11:57.866000,429.9122707815346,7
2024-09-20 14:11:57.920000,429.93971765730777,9
2024-09-20 14:11:57.945000,429.9677779317951,100
2024-09-20 14:11:58.234000,429.8759496981402,105
2024-09-20 14:11:58.246000,429.8755324721028,5
2024-09-20 14:11:58.413000,429.9011784650592,8
2024-09-20 14:11:58.871000,429.8636059474502,13
2024-09-20 14:11:59,429.8556209761164,15
2024-09-20 14:11:59.160000,429.85479749128496,13
2024-09-20 14:11:59.488000,429.84540570498245,12
2024-09-20 14:11:59.731000,429.83403244089993,97
2024-09-20 14:11:59.733000,429.8565901778045,96
2024-09-20 14:11:59.743000,429.8578424279577,1005
2024-09-20 14:11:59.793000,429.85442967171554,997
2024-09-20 14:11:59.944000,429.851436810437,1001
