Timestamp,Price,Size
2024-09-17 15:28:00.045000,408.4899717286907,1003
2024-09-17 15:28:00.057000,408.4229710898665,1002
2024-09-17 15:28:00.082000,408.4626506276427,98
2024-09-17 15:28:00.100000,408.4575635838354,997
2024-09-17 15:28:00.160000,408.4255791508351,101
2024-09-17 15:28:00.198000,408.4829788030327,6
2024-09-17 15:28:00.249000,408.3971340502201,102
2024-09-17 15:28:00.258000,408.4190994120704,13
2024-09-17 15:28:00.261000,408.4714794167368,14
2024-09-17 15:28:00.321000,408.4259640953141,996
2024-09-17 15:28:00.338000,408.4368170580342,96
2024-09-17 15:28:00.426000,408.4596225169516,9
2024-09-17 15:28:00.563000,408.46357344430976,102
2024-09-17 15:28:00.697000,408.4085989854607,997
2024-09-17 15:28:00.732000,408.4320571202219,13
2024-09-17 15:28:00.772000,408.4182124488472,1005
2024-09-17 15:28:00.779000,408.3811016199165,99
2024-09-17 15:28:00.835000,408.38173721612407,15
2024-09-17 15:28:00.930000,408.4390736039593,102
2024-09-17 15:28:00.931000,408.4335713939424,6
2024-09-17 15:28:01.048000,408.4872039552973,999
2024-09-17 15:28:01.135000,408.48800591087183,999
2024-09-17 15:28:01.218000,408.45546557826674,8
2024-09-17 15:28:01.279000,408.4649101438488,1004
2024-09-17 15:28:01.303000,408.4931319514605,104
2024-09-17 15:28:01.344000,408.454694600318,14
2024-09-17 15:28:01.397000,408.4652797669895,95
2024-09-17 15:28:01.415000,408.5066408485978,96
2024-09-17 15:28:01.462000,408.4957435840532,11
2024-09-17 15:28:01.505000,408.5361536710976,8
2024-09-17 15:28:01.550000,408.4997350503325,11
2024-09-17 15:28:01.569000,408.4833682482765,7
2024-09-17 15:28:01.632000,408.4788492856701,105
2024-09-17 15:28:01.656000,408.5499565882508,97
2024-09-17 15:28:01.742000,408.4821060660441,97
2024-09-17 15:28:01.771000,408.5390157138863,11
2024-09-17 15:28:01.774000,408.49893640392463,7
2024-09-17 15:28:01.892000,408.4697211447963,101
2024-09-17 15:28:01.911000,408.4599351203268,12
2024-09-17 15:28:01.920000,408.5539464822455,1003
2024-09-17 15:28:01.995000,408.4625153424078,97
2024-09-17 15:28:02.002000,408.5559056284109,104
2024-09-17 15:28:02.071000,408.55342233639,8
2024-09-17 15:28:02.129000,408.5559263167664,99
2024-09-17 15:28:02.134000,408.55602662174704,99
2024-09-17 15:28:02.192000,408.5429080541414,6
2024-09-17 15:28:02.204000,408.57968453150727,101
2024-09-17 15:28:02.231000,408.5816918121524,13
2024-09-17 15:28:02.251000,408.5464279979037,13
2024-09-17 15:28:02.293000,408.5889737334263,1002
2024-09-17 15:28:02.391000,408.5715386097538,96
2024-09-17 15:28:02.395000,408.57482539199896,95
2024-09-17 15:28:02.514000,408.5495061077115,14
2024-09-17 15:28:02.559000,408.5487652473293,100
2024-09-17 15:28:02.601000,408.5705348155528,1003
2024-09-17 15:28:02.656000,408.55930094601945,998
2024-09-17 15:28:02.657000,408.551427431404,1003
2024-09-17 15:28:02.766000,408.5535637947499,1002
2024-09-17 15:28:02.771000,408.53114592994535,97
2024-09-17 15:28:02.821000,408.5780326679257,97
2024-09-17 15:28:02.852000,408.54576523522496,5
2024-09-17 15:28:02.885000,408.59339324453146,999
2024-09-17 15:28:02.889000,408.554899021506,1001
2024-09-17 15:28:02.923000,408.547471806925,9
2024-09-17 15:28:02.930000,408.54708870036205,1003
2024-09-17 15:28:02.945000,408.5597130157328,998
2024-09-17 15:28:02.948000,408.5521902659201,8
2024-09-17 15:28:03.108000,408.5805586231952,13
2024-09-17 15:28:03.144000,408.5604564447454,100
2024-09-17 15:28:03.160000,408.56434238962856,105
2024-09-17 15:28:03.224000,408.5535243572,1000
2024-09-17 15:28:03.280000,408.5520394246344,15
2024-09-17 15:28:03.306000,408.5863675798255,5
2024-09-17 15:28:03.313000,408.574509497793,98
2024-09-17 15:28:03.325000,408.53322059683575,101
2024-09-17 15:28:03.358000,408.55314019426334,7
2024-09-17 15:28:03.436000,408.5645386712637,98
2024-09-17 15:28:03.441000,408.5319164512901,996
2024-09-17 15:28:03.551000,414.3582213001655,999
2024-09-17 15:28:03.656000,408.5621837675584,1002
2024-09-17 15:28:03.750000,408.55497190055735,997
2024-09-17 15:28:03.854000,408.5515974610933,105
2024-09-17 15:28:03.897000,408.5745118056562,12
2024-09-17 15:28:04.004000,408.65104619580654,13
2024-09-17 15:28:04.011000,408.62815737466457,7
2024-09-17 15:28:04.049000,408.5911486225247,99
2024-09-17 15:28:04.137000,408.6585452447121,995
2024-09-17 15:28:04.160000,408.6302782352607,995
2024-09-17 15:28:04.241000,408.5894095194635,995
2024-09-17 15:28:04.271000,408.58920968791966,999
2024-09-17 15:28:04.274000,408.6288541864772,999
2024-09-17 15:28:04.293000,408.59599881489817,996
2024-09-17 15:28:04.341000,408.581253595294,101
2024-09-17 15:28:04.427000,408.58148721566994,15
2024-09-17 15:28:04.507000,408.5908651675152,1000
2024-09-17 15:28:04.553000,408.62770490617953,995
2024-09-17 15:28:04.553000,408.6373494669752,1004
2024-09-17 15:28:04.654000,408.65170250719416,1004
2024-09-17 15:28:04.685000,408.63730430996793,14
2024-09-17 15:28:04.709000,408.6705165029158,95
2024-09-17 15:28:04.737000,408.592432538296,995
2024-09-17 15:28:04.867000,408.587276945435,1001
2024-09-17 15:28:04.869000,408.6119461909797,14
2024-09-17 15:28:04.880000,408.6488758192545,9
2024-09-17 15:28:04.895000,408.6171729486469,96
2024-09-17 15:28:04.899000,408.6386724658868,7
2024-09-17 15:28:04.953000,408.6262200787617,999
2024-09-17 15:28:05.003000,408.6176786106645,97
2024-09-17 15:28:05.116000,408.6339232310854,1001
2024-09-17 15:28:05.260000,408.6385870823468,999
2024-09-17 15:28:05.306000,408.6335870080941,104
2024-09-17 15:28:05.519000,408.6615653200724,100
2024-09-17 15:28:05.557000,408.6556973071768,100
2024-09-17 15:28:05.605000,408.6324995293449,996
2024-09-17 15:28:05.634000,408.6245120543141,96
2024-09-17 15:28:06.005000,408.6340365029632,995
2024-09-17 15:28:06.015000,408.6598549594181,13
2024-09-17 15:28:06.054000,408.646113574647,105
2024-09-17 15:28:06.063000,408.6472899992708,102
2024-09-17 15:28:06.073000,408.6497717069412,103
2024-09-17 15:28:06.076000,408.6637388411694,12
2024-09-17 15:28:06.112000,408.6467303258009,99
2024-09-17 15:28:06.137000,408.6446629117808,12
2024-09-17 15:28:06.150000,408.6565032890192,1002
2024-09-17 15:28:06.192000,408.6823688545999,997
2024-09-17 15:28:06.200000,408.6187631424583,1003
2024-09-17 15:28:06.249000,408.66248821986113,5
2024-09-17 15:28:06.282000,408.6585487778469,10
2024-09-17 15:28:06.303000,408.6347271046926,95
2024-09-17 15:28:06.340000,408.6538626215493,97
2024-09-17 15:28:06.379000,408.6497302450478,104
2024-09-17 15:28:06.431000,408.6375772636178,10
2024-09-17 15:28:06.454000,408.6428779667138,999
2024-09-17 15:28:06.474000,408.6963047193102,8
2024-09-17 15:28:06.533000,408.6755980226596,15
2024-09-17 15:28:06.758000,408.6525712659084,1001
2024-09-17 15:28:06.800000,408.6544837113786,8
2024-09-17 15:28:06.876000,408.6844442350016,100
2024-09-17 15:28:06.888000,408.6562441845823,996
2024-09-17 15:28:06.911000,408.63721076588905,98
2024-09-17 15:28:06.931000,408.65367757775874,5
2024-09-17 15:28:06.965000,408.6660688139093,6
2024-09-17 15:28:06.984000,408.6945594463056,1002
2024-09-17 15:28:07,408.62627777722776,11
2024-09-17 15:28:07.075000,408.6223486973064,13
2024-09-17 15:28:07.194000,408.6214526762472,999
2024-09-17 15:28:07.262000,408.62725995066575,1004
2024-09-17 15:28:07.267000,408.6234211635064,1004
2024-09-17 15:28:07.289000,408.6462288169653,14
2024-09-17 15:28:07.388000,408.6091992172761,7
2024-09-17 15:28:07.399000,408.6425806987616,998
2024-09-17 15:28:07.453000,408.6306435429987,1005
2024-09-17 15:28:07.518000,408.63273301263513,5
2024-09-17 15:28:07.526000,408.6522375129905,12
2024-09-17 15:28:07.530000,408.6694613350968,8
2024-09-17 15:28:07.722000,408.6343910329287,996
2024-09-17 15:28:07.740000,408.6527527694445,998
2024-09-17 15:28:07.769000,408.62669517462,1002
2024-09-17 15:28:07.857000,408.6567393722357,1000
2024-09-17 15:28:07.908000,408.6316213792502,1002
2024-09-17 15:28:07.941000,408.62038954222106,997
2024-09-17 15:28:08.038000,408.6591509941061,101
2024-09-17 15:28:08.050000,408.66739117177445,100
2024-09-17 15:28:08.141000,408.6082206669362,995
2024-09-17 15:28:08.292000,408.6446920487572,999
2024-09-17 15:28:08.341000,408.6301367313974,102
2024-09-17 15:28:08.428000,408.6173035954159,5
2024-09-17 15:28:08.428000,408.63202945210605,13
2024-09-17 15:28:08.452000,408.6413771820392,9
2024-09-17 15:28:08.476000,408.6505833036664,995
2024-09-17 15:28:08.479000,408.62238728602426,13
2024-09-17 15:28:08.543000,408.6684345411193,1002
2024-09-17 15:28:08.608000,408.6425958765335,96
2024-09-17 15:28:08.624000,408.6187337703173,995
2024-09-17 15:28:08.642000,408.65406963807646,1005
2024-09-17 15:28:08.650000,408.63251553769135,1003
2024-09-17 15:28:08.657000,408.61091119603935,14
2024-09-17 15:28:08.666000,408.5946971731273,95
2024-09-17 15:28:08.791000,408.6079312526405,1002
2024-09-17 15:28:08.798000,408.627689731679,103
2024-09-17 15:28:08.876000,408.6765588356964,1003
2024-09-17 15:28:08.882000,408.6205769792669,101
2024-09-17 15:28:08.884000,408.6490808854024,1001
2024-09-17 15:28:08.898000,408.62804557029074,96
2024-09-17 15:28:08.922000,408.6390849980341,997
2024-09-17 15:28:08.940000,408.6208643388052,1003
2024-09-17 15:28:08.947000,408.6714446773104,101
2024-09-17 15:28:08.956000,408.6706486440648,101
2024-09-17 15:28:09.074000,408.5653733963165,103
2024-09-17 15:28:09.151000,408.5759600814723,1003
2024-09-17 15:28:09.201000,408.5438542212228,1002
2024-09-17 15:28:09.203000,408.5594392915055,997
2024-09-17 15:28:09.235000,408.53936049610655,12
2024-09-17 15:28:09.236000,408.5806928817258,997
2024-09-17 15:28:09.467000,408.5428609370458,1002
2024-09-17 15:28:09.477000,408.5668239829467,997
2024-09-17 15:28:09.487000,408.5241038637264,6
2024-09-17 15:28:09.535000,408.54770568932736,100
2024-09-17 15:28:09.569000,408.57690701795457,996
2024-09-17 15:28:09.586000,408.594497142416,1004
2024-09-17 15:28:09.613000,408.5603232480141,8
2024-09-17 15:28:09.663000,408.551268998363,10
2024-09-17 15:28:09.676000,408.5748399045983,1003
2024-09-17 15:28:09.715000,408.5366834173926,6
2024-09-17 15:28:09.728000,408.554264095541,12
2024-09-17 15:28:09.738000,408.58373985951926,12
2024-09-17 15:28:09.801000,408.5553495214932,103
2024-09-17 15:28:09.820000,408.5510536134431,96
2024-09-17 15:28:09.865000,408.5619332080463,100
2024-09-17 15:28:09.898000,408.5604278250252,1004
2024-09-17 15:28:09.899000,408.5475380052975,102
2024-09-17 15:28:09.955000,408.5475941234958,14
2024-09-17 15:28:09.971000,408.5686932766063,5
2024-09-17 15:28:10.041000,408.56650998559707,1005
2024-09-17 15:28:10.069000,408.5780668955088,15
2024-09-17 15:28:10.116000,408.59604767561245,998
2024-09-17 15:28:10.126000,408.5833633711822,104
2024-09-17 15:28:10.136000,408.5578829770389,6
2024-09-17 15:28:10.150000,408.5649448645961,105
2024-09-17 15:28:10.221000,408.59471988868745,998
2024-09-17 15:28:10.360000,408.5464471241469,14
2024-09-17 15:28:10.444000,408.6017105677012,12
2024-09-17 15:28:10.541000,408.56654546608087,1005
2024-09-17 15:28:10.618000,408.6064672018056,95
2024-09-17 15:28:11.012000,408.5181922702399,12
2024-09-17 15:28:11.036000,408.5826395704829,998
2024-09-17 15:28:11.061000,408.5094345104361,95
2024-09-17 15:28:11.098000,408.5880034635512,1005
2024-09-17 15:28:11.103000,408.57749040244295,9
2024-09-17 15:28:11.123000,408.5271699738074,14
2024-09-17 15:28:11.161000,408.518244651907,996
2024-09-17 15:28:11.178000,408.515022089501,13
2024-09-17 15:28:11.179000,408.58485381228303,98
2024-09-17 15:28:11.207000,408.61404371162894,14
2024-09-17 15:28:11.261000,408.639808304033,15
2024-09-17 15:28:11.308000,408.6035075037594,95
2024-09-17 15:28:11.366000,408.5875984272099,9
2024-09-17 15:28:11.468000,408.5756671253764,1000
2024-09-17 15:28:11.474000,408.5255841532721,11
2024-09-17 15:28:11.486000,408.6117214662418,95
2024-09-17 15:28:11.510000,408.61220671429976,1001
2024-09-17 15:28:11.557000,408.5501714980973,11
2024-09-17 15:28:11.671000,408.60816785679833,101
2024-09-17 15:28:11.678000,408.5249603001192,13
2024-09-17 15:28:11.685000,408.5632126942611,13
2024-09-17 15:28:11.753000,408.5892634312396,97
2024-09-17 15:28:11.830000,408.6177023097673,1003
2024-09-17 15:28:11.831000,408.59724540535535,13
2024-09-17 15:28:11.937000,408.5926213916683,15
2024-09-17 15:28:11.956000,408.522127933406,1001
2024-09-17 15:28:12.161000,408.5232255983694,6
2024-09-17 15:28:12.310000,408.5159072957154,998
2024-09-17 15:28:12.409000,408.5028772616652,13
2024-09-17 15:28:12.644000,408.5221292256955,104
2024-09-17 15:28:13.022000,408.5232053536902,1000
2024-09-17 15:28:13.094000,408.5271426621868,1003
2024-09-17 15:28:13.102000,408.5240689355889,9
2024-09-17 15:28:13.133000,408.5024042020951,13
2024-09-17 15:28:13.239000,408.5378115048741,999
2024-09-17 15:28:13.379000,408.53689416118846,14
2024-09-17 15:28:13.385000,408.5413222544723,15
2024-09-17 15:28:13.405000,408.5262332603112,996
2024-09-17 15:28:13.503000,408.5196426614693,15
2024-09-17 15:28:13.654000,408.5186979263143,8
2024-09-17 15:28:13.762000,408.5155535749344,11
2024-09-17 15:28:13.786000,408.5405174032419,98
2024-09-17 15:28:13.803000,408.50768188489366,97
2024-09-17 15:28:13.817000,408.5203701544049,7
2024-09-17 15:28:13.828000,408.52281556928256,99
2024-09-17 15:28:13.845000,408.5244434815864,101
2024-09-17 15:28:13.854000,408.5277466744871,8
2024-09-17 15:28:13.889000,408.5103128675592,1004
2024-09-17 15:28:13.900000,408.5152290193919,98
2024-09-17 15:28:14.039000,408.5533220387738,13
2024-09-17 15:28:14.260000,408.54713688714537,995
2024-09-17 15:28:14.358000,408.5599028116864,1004
2024-09-17 15:28:14.371000,408.5508647740399,11
2024-09-17 15:28:14.418000,408.56157370416514,100
2024-09-17 15:28:14.565000,408.5599994560588,6
2024-09-17 15:28:14.656000,408.5730846566931,1002
2024-09-17 15:28:14.667000,408.5546066197509,995
2024-09-17 15:28:14.715000,408.5622893706973,5
2024-09-17 15:28:14.784000,408.53498156856,1004
2024-09-17 15:28:14.809000,408.5740258027748,998
2024-09-17 15:28:14.877000,408.5441208659344,1001
2024-09-17 15:28:14.895000,408.5432521533654,5
2024-09-17 15:28:14.939000,408.5661778098089,100
2024-09-17 15:28:14.964000,408.5546737814139,12
2024-09-17 15:28:14.970000,408.54538868844935,8
2024-09-17 15:28:15.030000,408.5389947936412,99
2024-09-17 15:28:15.219000,408.5092332363958,101
2024-09-17 15:28:15.349000,408.5246270578805,13
2024-09-17 15:28:15.466000,408.5154872741448,101
2024-09-17 15:28:15.563000,408.55803628565104,8
2024-09-17 15:28:15.659000,408.5418874116774,996
2024-09-17 15:28:15.761000,408.5364942470137,5
2024-09-17 15:28:15.838000,408.5375310187907,1001
2024-09-17 15:28:15.992000,408.56143878967794,97
2024-09-17 15:28:16.054000,408.56012064343423,15
2024-09-17 15:28:16.318000,408.5534709646297,8
2024-09-17 15:28:16.501000,408.5556894277597,996
2024-09-17 15:28:16.793000,408.5374598141743,101
2024-09-17 15:28:16.828000,408.5500651838506,10
2024-09-17 15:28:17.071000,408.6235871792112,997
2024-09-17 15:28:17.075000,408.5945343345514,9
2024-09-17 15:28:17.153000,414.1189959683989,5
2024-09-17 15:28:17.159000,408.5764138364694,5
2024-09-17 15:28:17.273000,408.53187344293264,12
2024-09-17 15:28:17.283000,408.5497703398725,999
2024-09-17 15:28:17.301000,408.56371875087433,12
2024-09-17 15:28:17.447000,408.63924485651313,7
2024-09-17 15:28:17.472000,408.5715935119098,104
2024-09-17 15:28:17.472000,408.55971449558257,1002
2024-09-17 15:28:17.487000,408.5616737573544,12
2024-09-17 15:28:17.585000,408.6118947162729,14
2024-09-17 15:28:17.615000,408.55812131556974,103
2024-09-17 15:28:17.649000,408.6217701908045,5
2024-09-17 15:28:17.695000,408.55176339459285,10
2024-09-17 15:28:17.801000,408.6162499291461,10
2024-09-17 15:28:17.817000,408.5344184394553,13
2024-09-17 15:28:17.822000,408.6185100174804,1005
2024-09-17 15:28:17.827000,408.5494459804373,995
2024-09-17 15:28:17.857000,408.571833961278,98
2024-09-17 15:28:17.936000,408.54063073492847,1000
2024-09-17 15:28:18.086000,408.6576502927264,998
2024-09-17 15:28:18.112000,408.6485991337436,996
2024-09-17 15:28:18.118000,408.6359654120939,7
2024-09-17 15:28:18.121000,408.6691386433372,9
2024-09-17 15:28:18.171000,408.66114951395775,101
2024-09-17 15:28:18.289000,408.6792253031475,14
2024-09-17 15:28:18.315000,408.6652104568655,1001
2024-09-17 15:28:18.381000,408.6647815021463,98
2024-09-17 15:28:18.419000,408.62091237277485,102
2024-09-17 15:28:18.434000,408.659843039574,9
2024-09-17 15:28:18.453000,408.6784031996822,1001
2024-09-17 15:28:18.484000,408.6258240468964,1005
2024-09-17 15:28:18.537000,408.64035310791286,998
2024-09-17 15:28:18.553000,408.6231740042068,95
2024-09-17 15:28:18.568000,408.66408356093626,99
2024-09-17 15:28:18.611000,408.6706840813548,997
2024-09-17 15:28:18.670000,408.68429055261765,10
2024-09-17 15:28:18.763000,408.6540002429774,96
2024-09-17 15:28:18.889000,408.6816041730872,7
2024-09-17 15:28:19.192000,408.6394290868921,5
2024-09-17 15:28:19.214000,408.65469316633374,105
2024-09-17 15:28:19.274000,408.6504215545016,99
2024-09-17 15:28:19.563000,408.652785178716,996
2024-09-17 15:28:19.884000,408.64195856102526,9
2024-09-17 15:28:20.155000,408.65173667448687,101
2024-09-17 15:28:20.308000,408.6414536827808,103
2024-09-17 15:28:20.330000,408.6246778978145,104
2024-09-17 15:28:20.362000,408.6569673931255,1004
2024-09-17 15:28:20.535000,408.6044262572302,14
2024-09-17 15:28:20.546000,408.6358044805269,104
2024-09-17 15:28:20.660000,408.65675373772575,997
2024-09-17 15:28:20.678000,408.5886674791595,100
2024-09-17 15:28:20.777000,408.6524210323581,14
2024-09-17 15:28:20.925000,408.65270046221735,997
2024-09-17 15:28:20.993000,408.646525257325,5
2024-09-17 15:28:21.027000,408.6014005404648,8
2024-09-17 15:28:21.136000,408.6441567857589,12
2024-09-17 15:28:21.166000,408.62765455117,1005
2024-09-17 15:28:21.186000,408.60150206604845,1002
2024-09-17 15:28:21.198000,408.628351326202,5
2024-09-17 15:28:21.304000,408.6523217140737,9
2024-09-17 15:28:21.395000,414.1990832887932,1000
2024-09-17 15:28:21.497000,408.5998474269561,6
2024-09-17 15:28:21.618000,408.6385693337074,1002
2024-09-17 15:28:21.667000,408.6365859125521,1002
2024-09-17 15:28:21.711000,408.6329485749512,999
2024-09-17 15:28:21.715000,408.5948127478234,101
2024-09-17 15:28:21.753000,408.61333536769024,103
2024-09-17 15:28:21.763000,408.6003291126236,104
2024-09-17 15:28:21.785000,408.6200496623823,1000
2024-09-17 15:28:21.854000,408.5897164962938,104
2024-09-17 15:28:21.868000,408.5858566833087,95
2024-09-17 15:28:21.900000,408.61583491106734,10
2024-09-17 15:28:21.907000,408.63357903640673,97
2024-09-17 15:28:21.956000,408.590445345428,103
2024-09-17 15:28:21.960000,408.5912671317207,12
2024-09-17 15:28:22.012000,408.5830634415651,97
2024-09-17 15:28:22.124000,408.6144295930645,105
2024-09-17 15:28:22.175000,408.6112581505319,1002
2024-09-17 15:28:22.191000,408.5992763897586,99
2024-09-17 15:28:22.196000,408.5797233919648,104
2024-09-17 15:28:22.266000,408.5969237862666,9
2024-09-17 15:28:22.384000,408.5906573812614,998
2024-09-17 15:28:22.439000,408.6259792585117,5
2024-09-17 15:28:22.485000,408.58508401218194,1002
2024-09-17 15:28:22.509000,408.614894983974,6
2024-09-17 15:28:22.600000,408.6252189019421,7
2024-09-17 15:28:22.650000,408.6268692696429,14
2024-09-17 15:28:22.662000,408.6249268956668,1002
2024-09-17 15:28:22.876000,408.59827602996535,14
2024-09-17 15:28:22.889000,408.5592005512346,13
2024-09-17 15:28:22.894000,408.6242787133244,1004
2024-09-17 15:28:22.993000,408.6128930781524,14
2024-09-17 15:28:23.724000,408.5321621660888,996
2024-09-17 15:28:24.104000,408.5170839352327,14
2024-09-17 15:28:24.123000,408.5169630199839,999
2024-09-17 15:28:24.148000,408.5203234306867,103
2024-09-17 15:28:24.230000,408.50666056744313,995
2024-09-17 15:28:24.407000,408.5021037046114,15
2024-09-17 15:28:24.536000,408.5227735680368,11
2024-09-17 15:28:24.547000,408.51198038295695,8
2024-09-17 15:28:24.577000,408.5079779799039,995
2024-09-17 15:28:24.633000,408.5370154593029,7
2024-09-17 15:28:24.868000,408.5148785494509,14
2024-09-17 15:28:24.968000,408.5341198815104,7
2024-09-17 15:28:25.022000,408.535338169634,95
2024-09-17 15:28:25.096000,408.5868183711406,12
2024-09-17 15:28:25.136000,408.5226449178241,103
2024-09-17 15:28:25.153000,408.6037629105254,99
2024-09-17 15:28:25.281000,408.6109283304958,100
2024-09-17 15:28:25.301000,408.6004814291924,10
2024-09-17 15:28:25.417000,408.5189745683036,999
2024-09-17 15:28:25.538000,408.5755506129476,104
2024-09-17 15:28:25.539000,408.613618378478,13
2024-09-17 15:28:25.550000,408.6110013305208,997
2024-09-17 15:28:25.573000,408.5161084569588,101
2024-09-17 15:28:25.613000,408.5542137730222,995
2024-09-17 15:28:25.628000,408.6086998559748,98
2024-09-17 15:28:25.830000,408.5533375469929,97
2024-09-17 15:28:25.872000,408.5321629887119,95
2024-09-17 15:28:25.876000,408.5363351203753,8
2024-09-17 15:28:25.928000,408.5891115782918,97
2024-09-17 15:28:25.933000,408.5630089340226,6
2024-09-17 15:28:25.934000,408.6022342379554,100
2024-09-17 15:28:25.995000,408.6148689136819,103
2024-09-17 15:28:26.007000,408.5448780266273,96
2024-09-17 15:28:26.136000,408.55712335296056,997
2024-09-17 15:28:26.160000,408.53208799470457,100
2024-09-17 15:28:26.312000,408.5403169729551,6
2024-09-17 15:28:26.380000,408.5906519868898,5
2024-09-17 15:28:26.439000,408.5426636447817,1002
2024-09-17 15:28:26.500000,408.51986773431673,1003
2024-09-17 15:28:26.535000,408.5763355097045,101
2024-09-17 15:28:26.564000,408.5363008571065,13
2024-09-17 15:28:26.627000,408.551896514948,14
2024-09-17 15:28:26.633000,408.5259298801767,102
2024-09-17 15:28:26.665000,408.5218158719952,96
2024-09-17 15:28:26.750000,408.5426258595328,95
2024-09-17 15:28:26.758000,408.53110011539263,96
2024-09-17 15:28:26.773000,408.55941854662166,8
2024-09-17 15:28:26.797000,408.5510329454767,12
2024-09-17 15:28:26.808000,408.5186549103378,105
2024-09-17 15:28:26.868000,408.5101747460592,100
2024-09-17 15:28:26.996000,408.5501656455037,13
2024-09-17 15:28:27.032000,408.5698472369835,104
2024-09-17 15:28:27.149000,408.5806050362844,1004
2024-09-17 15:28:27.308000,408.5787287752532,102
2024-09-17 15:28:27.363000,408.5833538792592,9
2024-09-17 15:28:27.371000,408.5304114688984,999
2024-09-17 15:28:27.373000,408.5523602301777,14
2024-09-17 15:28:27.614000,408.6038987169781,103
2024-09-17 15:28:27.669000,408.5590230040958,998
2024-09-17 15:28:27.901000,408.5386308242703,98
2024-09-17 15:28:27.952000,408.59679959900495,96
2024-09-17 15:28:28.144000,408.5605630463597,996
2024-09-17 15:28:28.249000,408.5889110237135,6
2024-09-17 15:28:28.287000,408.5589269211685,105
2024-09-17 15:28:28.296000,408.6042090881784,996
2024-09-17 15:28:28.380000,408.5582303250363,96
2024-09-17 15:28:28.445000,408.5711323513552,11
2024-09-17 15:28:28.483000,408.60991029062006,1003
2024-09-17 15:28:28.490000,408.5794159519566,103
2024-09-17 15:28:28.617000,408.59495036339104,104
2024-09-17 15:28:28.663000,408.6040008138912,1001
2024-09-17 15:28:28.828000,408.5889502929238,997
2024-09-17 15:28:28.849000,408.6138247273237,1001
2024-09-17 15:28:28.968000,408.5662954999202,102
2024-09-17 15:28:29.129000,408.6007743864645,101
2024-09-17 15:28:29.337000,408.54579814387904,995
2024-09-17 15:28:29.519000,408.541698591201,999
2024-09-17 15:28:29.652000,408.5613460234297,101
2024-09-17 15:28:29.661000,408.5497243364136,998
2024-09-17 15:28:29.675000,408.564673350203,1000
2024-09-17 15:28:29.753000,408.5216359992909,98
2024-09-17 15:28:29.762000,408.5970310498978,104
2024-09-17 15:28:29.821000,408.6122267207822,101
2024-09-17 15:28:29.865000,408.5490991587336,100
2024-09-17 15:28:29.949000,408.5817670134436,105
2024-09-17 15:28:30.037000,408.6496612549775,10
2024-09-17 15:28:30.091000,408.6520501064622,98
2024-09-17 15:28:30.257000,408.6573169872829,9
2024-09-17 15:28:30.303000,408.65394623146375,95
2024-09-17 15:28:30.316000,408.6439186566887,5
2024-09-17 15:28:30.325000,408.6168035510372,997
2024-09-17 15:28:30.336000,408.6262562779828,7
2024-09-17 15:28:30.352000,408.6884216965357,98
2024-09-17 15:28:30.360000,408.683446668164,14
2024-09-17 15:28:30.366000,408.6428728448714,10
2024-09-17 15:28:30.397000,408.6456639606986,103
2024-09-17 15:28:30.404000,408.637342718986,9
2024-09-17 15:28:30.478000,408.66704480710416,102
2024-09-17 15:28:30.484000,408.6485762839112,996
2024-09-17 15:28:30.490000,408.6584973781036,11
2024-09-17 15:28:30.553000,408.6806821462006,6
2024-09-17 15:28:30.594000,408.64369568552377,14
2024-09-17 15:28:30.596000,408.64792010439805,102
2024-09-17 15:28:30.631000,408.6488477055351,8
2024-09-17 15:28:30.683000,408.6233788116109,96
2024-09-17 15:28:30.763000,408.6545145360998,101
2024-09-17 15:28:30.788000,408.6560859799776,96
2024-09-17 15:28:30.848000,408.6561425694543,105
2024-09-17 15:28:30.851000,408.6783468406091,10
2024-09-17 15:28:30.878000,408.6420854444212,13
2024-09-17 15:28:31.495000,408.67671387282536,99
2024-09-17 15:28:31.751000,408.6540514920206,103
2024-09-17 15:28:32.061000,408.69013567663137,5
2024-09-17 15:28:32.101000,408.64858419230336,7
2024-09-17 15:28:32.125000,408.64695770220015,102
2024-09-17 15:28:32.131000,408.6776598499808,102
2024-09-17 15:28:32.144000,408.6390402032128,105
2024-09-17 15:28:32.155000,408.6538204379403,95
2024-09-17 15:28:32.186000,408.6815742467496,98
2024-09-17 15:28:32.275000,408.6810326898903,998
2024-09-17 15:28:32.555000,408.6456743868626,104
2024-09-17 15:28:32.719000,408.64261324542986,10
2024-09-17 15:28:32.932000,408.6522937569925,97
2024-09-17 15:28:32.932000,408.6484743359334,9
2024-09-17 15:28:32.991000,408.65776569819946,101
2024-09-17 15:28:33.078000,408.7444018907257,5
2024-09-17 15:28:33.390000,408.68457654794827,6
2024-09-17 15:28:33.400000,408.7395350490975,12
2024-09-17 15:28:33.480000,408.711808054708,12
2024-09-17 15:28:33.539000,414.1765345995792,98
2024-09-17 15:28:33.638000,408.748279206237,6
2024-09-17 15:28:33.655000,408.7334585725195,995
2024-09-17 15:28:33.696000,408.7270094423346,11
2024-09-17 15:28:34.043000,408.7671305607877,9
2024-09-17 15:28:34.085000,408.7507421680857,1001
2024-09-17 15:28:34.088000,408.7533670369654,1004
2024-09-17 15:28:34.092000,408.7699320499446,15
2024-09-17 15:28:34.121000,408.7549436524508,1001
2024-09-17 15:28:34.229000,408.7379690239769,9
2024-09-17 15:28:34.233000,408.7342625744374,14
2024-09-17 15:28:34.327000,408.76700026877126,10
2024-09-17 15:28:34.366000,408.7431040762585,7
2024-09-17 15:28:34.455000,408.7443284307344,5
2024-09-17 15:28:34.481000,408.7479996753934,997
2024-09-17 15:28:34.577000,408.772731806544,8
2024-09-17 15:28:34.610000,408.769763145035,1001
2024-09-17 15:28:34.613000,408.7490944866833,9
2024-09-17 15:28:34.651000,408.7685916853903,101
2024-09-17 15:28:34.653000,408.7426924642136,997
2024-09-17 15:28:34.660000,408.72410337773647,104
2024-09-17 15:28:34.725000,408.7653636841836,100
2024-09-17 15:28:34.771000,408.7550031719944,7
2024-09-17 15:28:34.785000,408.7674085442089,104
2024-09-17 15:28:34.790000,408.7489000076024,95
2024-09-17 15:28:34.832000,408.76403398106,96
2024-09-17 15:28:34.854000,408.7576502660757,5
2024-09-17 15:28:34.949000,408.7652110246708,1000
2024-09-17 15:28:34.960000,408.77547726405936,8
2024-09-17 15:28:35.180000,408.76127801449474,98
2024-09-17 15:28:35.361000,408.7808792901403,100
2024-09-17 15:28:35.404000,408.7819489349055,15
2024-09-17 15:28:35.503000,408.7855139042677,102
2024-09-17 15:28:35.598000,408.76875324386526,97
2024-09-17 15:28:35.607000,408.7601703282088,102
2024-09-17 15:28:35.624000,408.77071398241526,1002
2024-09-17 15:28:35.842000,408.7836014917384,102
2024-09-17 15:28:36.002000,408.7043858115957,12
2024-09-17 15:28:36.100000,408.72127583723534,1004
2024-09-17 15:28:36.115000,408.7063506405362,9
2024-09-17 15:28:36.163000,408.7342875979232,12
2024-09-17 15:28:36.510000,408.6934787630299,99
2024-09-17 15:28:36.553000,408.7661101305935,998
2024-09-17 15:28:36.623000,408.70551699189286,101
2024-09-17 15:28:36.638000,408.6763302120097,96
2024-09-17 15:28:36.793000,408.72389279743896,1004
2024-09-17 15:28:36.795000,408.7505081710886,1003
2024-09-17 15:28:36.817000,408.7218509983285,96
2024-09-17 15:28:36.855000,408.7184878395212,103
2024-09-17 15:28:36.916000,408.681927424511,101
2024-09-17 15:28:37.002000,408.7800960013588,995
2024-09-17 15:28:37.041000,408.7174419880201,97
2024-09-17 15:28:37.103000,408.6860399283185,5
2024-09-17 15:28:37.108000,408.7123325285058,95
2024-09-17 15:28:37.119000,408.6949702020816,103
2024-09-17 15:28:37.141000,408.70455394989625,1001
2024-09-17 15:28:37.159000,408.70063047226,7
2024-09-17 15:28:37.178000,408.7095831076092,104
2024-09-17 15:28:37.229000,408.7746751708031,1004
2024-09-17 15:28:37.417000,408.77567571574593,997
2024-09-17 15:28:37.433000,408.7248946175,105
2024-09-17 15:28:37.435000,408.7562350153885,14
2024-09-17 15:28:37.439000,408.6789980737533,101
2024-09-17 15:28:37.459000,408.6929176643279,8
2024-09-17 15:28:37.508000,408.7680965632732,6
2024-09-17 15:28:37.699000,408.7676411148991,995
2024-09-17 15:28:37.730000,408.7725822979595,1002
2024-09-17 15:28:37.769000,408.717708250517,97
2024-09-17 15:28:37.769000,408.7693002460237,97
2024-09-17 15:28:37.908000,408.7135259585479,1002
2024-09-17 15:28:37.981000,408.7174265534002,6
2024-09-17 15:28:37.983000,408.7129684657545,1001
2024-09-17 15:28:38.050000,408.70021968370327,100
2024-09-17 15:28:38.052000,408.6980174370753,998
2024-09-17 15:28:38.184000,408.7173168133417,97
2024-09-17 15:28:38.258000,408.6661546191251,998
2024-09-17 15:28:38.262000,408.6836062753297,1004
2024-09-17 15:28:38.314000,408.6879625576231,1003
2024-09-17 15:28:38.320000,408.6954300894592,98
2024-09-17 15:28:38.331000,408.6793753482955,95
2024-09-17 15:28:38.337000,408.7068766379549,1005
2024-09-17 15:28:38.437000,408.6884762916077,999
2024-09-17 15:28:38.505000,408.6852470235414,98
2024-09-17 15:28:38.512000,408.675980912556,1005
2024-09-17 15:28:38.525000,408.6926882106108,1005
2024-09-17 15:28:38.726000,408.69604062851073,100
2024-09-17 15:28:38.743000,408.6932490234344,996
2024-09-17 15:28:38.796000,408.69386811023577,9
2024-09-17 15:28:39.090000,408.7132153277243,995
2024-09-17 15:28:39.251000,408.6973302397557,999
2024-09-17 15:28:39.334000,408.7077125160045,11
2024-09-17 15:28:39.570000,408.6894673899152,105
2024-09-17 15:28:39.612000,408.7073841610943,5
2024-09-17 15:28:39.825000,408.7263180381845,96
2024-09-17 15:28:39.889000,408.7058508908479,102
2024-09-17 15:28:40.050000,408.7309827225741,100
2024-09-17 15:28:40.354000,408.7069304473272,1003
2024-09-17 15:28:40.396000,408.7102321943795,97
2024-09-17 15:28:40.563000,408.71352730881455,99
2024-09-17 15:28:40.664000,408.715382372922,6
2024-09-17 15:28:40.702000,408.7036835546371,96
2024-09-17 15:28:40.767000,408.7302208746222,1002
2024-09-17 15:28:40.938000,408.7236182998968,103
2024-09-17 15:28:40.964000,408.7010184746104,996
2024-09-17 15:28:41.001000,408.7743464800552,7
2024-09-17 15:28:41.079000,408.725359306045,99
2024-09-17 15:28:41.096000,408.7199651690556,997
2024-09-17 15:28:41.117000,408.7557299267061,96
2024-09-17 15:28:41.167000,408.7364268797024,7
2024-09-17 15:28:41.203000,408.7687922439167,10
2024-09-17 15:28:41.222000,408.73060812290026,1003
2024-09-17 15:28:41.247000,408.72640684749945,11
2024-09-17 15:28:41.277000,408.7372156641373,9
2024-09-17 15:28:41.285000,408.760293432449,1005
2024-09-17 15:28:41.315000,408.7204058083483,97
2024-09-17 15:28:41.460000,408.7579427475984,103
2024-09-17 15:28:41.490000,408.7464181638585,8
2024-09-17 15:28:41.576000,408.7670967588066,105
2024-09-17 15:28:41.598000,408.7515223262408,98
2024-09-17 15:28:41.632000,408.76082294559103,10
2024-09-17 15:28:41.686000,408.72519762370337,1005
2024-09-17 15:28:41.696000,408.75450842374175,9
2024-09-17 15:28:41.699000,408.7431079631696,96
2024-09-17 15:28:41.705000,408.7470708897553,999
2024-09-17 15:28:41.716000,408.7788115003586,12
2024-09-17 15:28:41.752000,408.7690013524824,10
2024-09-17 15:28:41.760000,408.74046589946016,15
2024-09-17 15:28:41.844000,408.7539650363976,104
2024-09-17 15:28:41.872000,408.7567135891545,8
2024-09-17 15:28:41.879000,408.7272983840279,1001
2024-09-17 15:28:41.881000,408.7602557496972,999
2024-09-17 15:28:42.131000,408.6057984360442,104
2024-09-17 15:28:42.169000,408.6310023021019,8
2024-09-17 15:28:42.178000,408.6898485855096,996
2024-09-17 15:28:42.201000,408.6172516587178,6
2024-09-17 15:28:42.268000,408.7432571911232,5
2024-09-17 15:28:42.311000,408.61866911862586,999
2024-09-17 15:28:42.313000,408.6995880744786,1002
2024-09-17 15:28:42.340000,408.61785508962697,6
2024-09-17 15:28:42.411000,408.6322621112885,8
2024-09-17 15:28:42.417000,408.704010448246,6
2024-09-17 15:28:42.422000,408.710091868532,1002
2024-09-17 15:28:42.453000,408.7074363077056,7
2024-09-17 15:28:42.479000,408.6544315807338,1004
2024-09-17 15:28:42.494000,408.7194869754857,104
2024-09-17 15:28:42.557000,408.6109979781092,95
2024-09-17 15:28:42.607000,408.622557934659,998
2024-09-17 15:28:42.641000,408.7013823606141,1000
2024-09-17 15:28:42.654000,408.7183140730463,5
2024-09-17 15:28:42.705000,408.63009480813406,98
2024-09-17 15:28:42.708000,408.7280642626412,7
2024-09-17 15:28:42.764000,408.6724985848752,104
2024-09-17 15:28:42.773000,408.76998908645714,8
2024-09-17 15:28:42.781000,414.4542219465773,8
2024-09-17 15:28:42.824000,408.60497907785617,6
2024-09-17 15:28:42.842000,408.6923116208165,996
2024-09-17 15:28:42.881000,408.6025893302974,9
2024-09-17 15:28:42.898000,408.7121234358298,1003
2024-09-17 15:28:42.921000,408.6766519541063,1000
2024-09-17 15:28:42.962000,408.6637392649854,12
2024-09-17 15:28:43.001000,408.6965722823636,98
2024-09-17 15:28:43.021000,408.6545968948697,997
2024-09-17 15:28:43.154000,408.6334129498856,999
2024-09-17 15:28:43.169000,408.66274481145393,15
2024-09-17 15:28:43.190000,408.6845858027539,14
2024-09-17 15:28:43.245000,408.6888992378295,1003
2024-09-17 15:28:43.265000,408.6292511489521,11
2024-09-17 15:28:43.300000,408.70277151598685,12
2024-09-17 15:28:43.306000,408.6310545097318,1001
2024-09-17 15:28:43.329000,408.6372846645249,996
2024-09-17 15:28:43.340000,408.61308650565377,14
2024-09-17 15:28:43.359000,408.6254604036466,1003
2024-09-17 15:28:43.380000,408.6983638734307,101
2024-09-17 15:28:43.385000,408.6647729186197,102
2024-09-17 15:28:43.387000,408.68928414668426,1005
2024-09-17 15:28:43.433000,408.7200802305941,11
2024-09-17 15:28:43.467000,408.6764097558578,101
2024-09-17 15:28:43.524000,408.617725413569,102
2024-09-17 15:28:43.623000,408.67026959057216,7
2024-09-17 15:28:43.646000,408.6777733995892,5
2024-09-17 15:28:43.680000,408.71634616732325,999
2024-09-17 15:28:43.713000,408.695901482824,1005
2024-09-17 15:28:43.727000,408.7130204495822,995
2024-09-17 15:28:43.871000,408.6988569043804,102
2024-09-17 15:28:43.873000,408.63229831169394,1000
2024-09-17 15:28:43.909000,408.6467416341073,995
2024-09-17 15:28:44.401000,408.7073361140229,1002
2024-09-17 15:28:44.513000,408.7200244368975,7
2024-09-17 15:28:44.571000,408.73655741173087,1003
2024-09-17 15:28:44.797000,408.6960763863816,997
2024-09-17 15:28:45.039000,408.7373445236348,9
2024-09-17 15:28:45.118000,408.7137031541862,101
2024-09-17 15:28:45.223000,408.7355462918622,1003
2024-09-17 15:28:45.253000,408.6927050669317,96
2024-09-17 15:28:45.264000,408.6780728882644,15
2024-09-17 15:28:45.264000,408.7211350069667,1002
2024-09-17 15:28:45.270000,408.7362406450436,1002
2024-09-17 15:28:45.355000,408.7259504514958,999
2024-09-17 15:28:45.433000,408.708542184747,9
2024-09-17 15:28:45.512000,408.7322132604053,11
2024-09-17 15:28:45.551000,408.7433466023687,1002
2024-09-17 15:28:45.599000,408.72327791903496,102
2024-09-17 15:28:45.662000,408.7463683076366,11
2024-09-17 15:28:45.673000,408.7296094417667,5
2024-09-17 15:28:45.733000,408.6790631794448,103
2024-09-17 15:28:45.743000,408.7229938250173,100
2024-09-17 15:28:45.784000,408.7236545547671,997
2024-09-17 15:28:45.838000,408.7381705903277,14
2024-09-17 15:28:45.848000,408.7436539080552,995
2024-09-17 15:28:45.855000,408.72188055981854,995
2024-09-17 15:28:45.859000,408.72501225865744,99
2024-09-17 15:28:45.874000,408.72547260158655,14
2024-09-17 15:28:45.886000,408.7026974355596,1005
2024-09-17 15:28:45.896000,408.7005637306154,7
2024-09-17 15:28:45.916000,408.7456194285081,15
2024-09-17 15:28:45.948000,408.7200137426575,103
2024-09-17 15:28:45.955000,408.7336035769263,1004
2024-09-17 15:28:45.968000,408.7154033419277,9
2024-09-17 15:28:45.974000,408.7129701919858,7
2024-09-17 15:28:45.975000,408.7449808857221,997
2024-09-17 15:28:46.085000,408.7521778351499,13
2024-09-17 15:28:46.103000,408.7387565386076,11
2024-09-17 15:28:46.200000,408.7306246629712,10
2024-09-17 15:28:46.232000,408.742622482368,97
2024-09-17 15:28:46.236000,408.7442926609404,96
2024-09-17 15:28:46.336000,408.7248314967831,998
2024-09-17 15:28:46.368000,414.5670316955439,12
2024-09-17 15:28:46.374000,408.7447526510278,1004
2024-09-17 15:28:46.554000,408.7283442647093,102
2024-09-17 15:28:46.580000,408.7475991107252,95
2024-09-17 15:28:46.634000,408.7177645821301,13
2024-09-17 15:28:46.905000,408.74688768368526,1003
2024-09-17 15:28:46.924000,408.7509602760008,1003
2024-09-17 15:28:46.940000,408.734116736902,1002
2024-09-17 15:28:46.952000,408.7116160504807,8
2024-09-17 15:28:47.007000,408.74163031824025,100
2024-09-17 15:28:47.128000,408.7069052627547,11
2024-09-17 15:28:47.152000,408.7244153498758,1001
2024-09-17 15:28:47.251000,408.7175945618645,99
2024-09-17 15:28:47.300000,414.5783069882991,10
2024-09-17 15:28:47.316000,408.75178903317897,11
2024-09-17 15:28:47.385000,408.76869467996187,105
2024-09-17 15:28:47.451000,408.76825348175714,15
2024-09-17 15:28:47.486000,408.7225749424606,10
2024-09-17 15:28:47.523000,408.7584347727563,10
2024-09-17 15:28:47.560000,408.7487279525674,95
2024-09-17 15:28:47.570000,408.72635210863086,96
2024-09-17 15:28:47.636000,408.7297437928603,100
2024-09-17 15:28:47.800000,414.5753365455509,13
2024-09-17 15:28:47.923000,408.7013964339827,8
2024-09-17 15:28:47.978000,408.7236230972374,1003
2024-09-17 15:28:48.002000,408.7298466740769,1001
2024-09-17 15:28:48.089000,408.8347774940584,104
2024-09-17 15:28:48.124000,408.7433928465235,95
2024-09-17 15:28:48.165000,408.8680629850797,96
2024-09-17 15:28:48.294000,408.7323959379752,1001
2024-09-17 15:28:48.302000,408.8813045685564,95
2024-09-17 15:28:48.343000,408.73129179463393,8
2024-09-17 15:28:48.394000,408.84667100014696,12
2024-09-17 15:28:48.407000,408.7970722085765,998
2024-09-17 15:28:48.431000,408.7284707494569,998
2024-09-17 15:28:48.446000,408.7731737483342,100
2024-09-17 15:28:48.558000,408.72004208738247,104
2024-09-17 15:28:48.575000,408.7461418614635,98
2024-09-17 15:28:48.575000,408.8507258107942,103
2024-09-17 15:28:48.581000,408.8147832281602,98
2024-09-17 15:28:48.634000,408.7299477409717,99
2024-09-17 15:28:48.641000,408.74963935642825,1003
2024-09-17 15:28:48.720000,408.8527929521644,99
2024-09-17 15:28:48.721000,408.8205782997345,995
2024-09-17 15:28:48.766000,408.8564531180842,7
2024-09-17 15:28:48.771000,408.7381172396125,100
2024-09-17 15:28:48.790000,408.73957486258655,998
2024-09-17 15:28:48.848000,408.8716320244579,14
2024-09-17 15:28:48.851000,408.7904620607223,101
2024-09-17 15:28:48.965000,408.76020901146575,1005
2024-09-17 15:28:49.030000,408.8837929294597,8
2024-09-17 15:28:49.077000,408.8747507168685,12
2024-09-17 15:28:49.143000,408.92199849828506,97
2024-09-17 15:28:49.172000,408.91135280817633,1002
2024-09-17 15:28:49.209000,408.8933130494662,95
2024-09-17 15:28:49.230000,408.9306887200108,104
2024-09-17 15:28:49.241000,408.89667120299055,998
2024-09-17 15:28:49.305000,408.88038450727953,13
2024-09-17 15:28:49.332000,408.8925281156125,98
2024-09-17 15:28:49.428000,408.8744202650733,1000
2024-09-17 15:28:49.497000,408.8872696741558,103
2024-09-17 15:28:49.565000,408.8890570517045,102
2024-09-17 15:28:49.593000,408.89259850514014,101
2024-09-17 15:28:49.601000,408.8788637806548,1005
2024-09-17 15:28:49.709000,408.8849523720135,1001
2024-09-17 15:28:49.776000,408.8897421547472,1004
2024-09-17 15:28:49.782000,408.8843641495788,102
2024-09-17 15:28:49.833000,408.8989455437434,998
2024-09-17 15:28:49.843000,408.9339756311259,99
2024-09-17 15:28:49.847000,408.889508591371,9
2024-09-17 15:28:49.853000,408.91003813042965,6
2024-09-17 15:28:49.925000,408.88232024892153,5
2024-09-17 15:28:49.949000,408.8891398115797,999
2024-09-17 15:28:49.957000,408.9016204348566,101
2024-09-17 15:28:49.991000,408.8934187998455,1004
2024-09-17 15:28:50.378000,408.891158832871,5
2024-09-17 15:28:50.396000,414.5945236402242,99
2024-09-17 15:28:50.756000,408.8891357959831,15
2024-09-17 15:28:50.793000,408.8960694984645,6
2024-09-17 15:28:50.809000,408.9079516545952,9
2024-09-17 15:28:50.811000,408.8996125474063,12
2024-09-17 15:28:50.927000,408.9113835633111,996
2024-09-17 15:28:51,408.9511722864161,996
2024-09-17 15:28:51.322000,408.980487219609,11
2024-09-17 15:28:51.440000,408.9930591487754,997
2024-09-17 15:28:51.451000,408.9887014095263,8
2024-09-17 15:28:51.636000,408.9771599710314,99
2024-09-17 15:28:51.648000,408.9850735073295,98
2024-09-17 15:28:51.652000,408.9647043700491,103
2024-09-17 15:28:51.672000,408.9769162732561,95
2024-09-17 15:28:51.696000,408.9726280897256,997
2024-09-17 15:28:51.714000,408.9503014750024,15
2024-09-17 15:28:51.736000,408.9763298937992,100
2024-09-17 15:28:51.757000,408.9604776975313,101
2024-09-17 15:28:51.783000,408.9667289958372,1002
2024-09-17 15:28:51.784000,408.9943487883738,7
2024-09-17 15:28:51.819000,408.9407328050994,15
2024-09-17 15:28:51.826000,408.9457622896746,15
2024-09-17 15:28:51.871000,408.9935520423227,1000
2024-09-17 15:28:51.905000,408.93610238409457,104
2024-09-17 15:28:51.970000,408.95523579185306,1004
2024-09-17 15:28:51.982000,408.97541851631655,998
2024-09-17 15:28:52.058000,408.9328223437291,7
2024-09-17 15:28:52.132000,408.90301342632,1004
2024-09-17 15:28:52.225000,408.9287997690072,13
2024-09-17 15:28:52.249000,408.9070865423936,1004
2024-09-17 15:28:52.321000,408.9311716210773,1004
2024-09-17 15:28:52.348000,408.9353257423538,104
2024-09-17 15:28:52.510000,408.9416177822752,103
2024-09-17 15:28:52.521000,408.9425191833271,103
2024-09-17 15:28:52.547000,408.93997085339504,100
2024-09-17 15:28:52.556000,408.9284675663349,95
2024-09-17 15:28:52.603000,408.9169578459599,6
2024-09-17 15:28:52.635000,408.93451636816354,96
2024-09-17 15:28:52.676000,408.9327798748239,103
2024-09-17 15:28:52.836000,408.9232120277736,12
2024-09-17 15:28:52.864000,408.89643795652086,996
2024-09-17 15:28:52.958000,408.9297443592591,1002
2024-09-17 15:28:52.976000,408.929882505596,12
2024-09-17 15:28:53.010000,408.9489451938636,101
2024-09-17 15:28:53.051000,408.93300656927846,13
2024-09-17 15:28:53.099000,408.9501321995977,11
2024-09-17 15:28:53.109000,408.9467071545024,10
2024-09-17 15:28:53.115000,408.9242784651965,101
2024-09-17 15:28:53.183000,408.9331301947615,12
2024-09-17 15:28:53.293000,408.935301348214,998
2024-09-17 15:28:53.317000,408.9651377693925,104
2024-09-17 15:28:53.321000,408.9266794256203,1001
2024-09-17 15:28:53.330000,408.93888001627846,98
2024-09-17 15:28:53.333000,408.9439994704797,12
2024-09-17 15:28:53.453000,408.9322039121448,998
2024-09-17 15:28:53.473000,408.9388783479593,5
2024-09-17 15:28:53.516000,408.931683448244,997
2024-09-17 15:28:53.609000,408.96076975268704,101
2024-09-17 15:28:53.666000,408.93196671482855,105
2024-09-17 15:28:53.705000,408.952938262168,14
2024-09-17 15:28:53.765000,408.9436337652982,11
2024-09-17 15:28:53.794000,408.93243120993935,97
2024-09-17 15:28:53.814000,408.9655925006229,101
2024-09-17 15:28:53.847000,408.9374232061114,101
2024-09-17 15:28:53.857000,408.9117302254475,5
2024-09-17 15:28:53.893000,408.9325921401469,99
2024-09-17 15:28:53.920000,408.9164788549361,98
2024-09-17 15:28:53.923000,408.94131373670615,98
2024-09-17 15:28:53.987000,408.9379218195128,102
2024-09-17 15:28:54.012000,408.9779387102437,95
2024-09-17 15:28:54.033000,408.9696619587901,11
2024-09-17 15:28:54.125000,408.9585965012289,1001
2024-09-17 15:28:54.154000,408.9799413587977,1002
2024-09-17 15:28:54.228000,408.9644111899954,102
2024-09-17 15:28:54.323000,408.9634450653418,100
2024-09-17 15:28:54.349000,408.94136993916095,1000
2024-09-17 15:28:54.533000,408.930929929519,10
2024-09-17 15:28:54.556000,408.9537890962277,96
2024-09-17 15:28:54.625000,408.9636581134907,995
2024-09-17 15:28:54.980000,408.9516009304592,1001
2024-09-17 15:28:55.059000,408.9226025629634,1005
2024-09-17 15:28:55.067000,408.9157144708205,997
2024-09-17 15:28:55.212000,408.9212525235716,997
2024-09-17 15:28:55.217000,408.9181041335302,1001
2024-09-17 15:28:55.412000,408.9404928285344,100
2024-09-17 15:28:55.453000,408.9444924385096,100
2024-09-17 15:28:55.492000,408.936933916886,104
2024-09-17 15:28:55.786000,408.9617229949487,1004
2024-09-17 15:28:55.833000,408.9331007912162,97
2024-09-17 15:28:55.839000,408.95597789390825,8
2024-09-17 15:28:55.976000,408.9492517474183,1000
2024-09-17 15:28:56.073000,408.9067386661867,14
2024-09-17 15:28:56.228000,408.9202558897596,95
2024-09-17 15:28:56.584000,408.90456277638833,995
2024-09-17 15:28:57.022000,408.96348078368095,98
2024-09-17 15:28:57.077000,408.9792704994614,99
2024-09-17 15:28:57.077000,408.957231106217,1001
2024-09-17 15:28:57.086000,408.9091454671572,996
2024-09-17 15:28:57.133000,408.9463441278894,104
2024-09-17 15:28:57.145000,408.9136484713436,1002
2024-09-17 15:28:57.150000,408.95541905793857,8
2024-09-17 15:28:57.157000,408.9316596966854,5
2024-09-17 15:28:57.210000,408.93259463861926,1002
2024-09-17 15:28:57.220000,409.01122439591705,6
2024-09-17 15:28:57.230000,408.9923339000448,12
2024-09-17 15:28:57.237000,408.9427732476803,97
2024-09-17 15:28:57.281000,408.98939833008245,15
2024-09-17 15:28:57.346000,408.9263976136813,9
2024-09-17 15:28:57.425000,408.9468145433933,98
2024-09-17 15:28:57.468000,408.9998086412709,9
2024-09-17 15:28:57.580000,408.9118796365656,100
2024-09-17 15:28:57.582000,408.9439731263026,8
2024-09-17 15:28:57.588000,409.0154293988279,997
2024-09-17 15:28:57.646000,408.9502684031122,995
2024-09-17 15:28:57.728000,408.9425068657707,15
2024-09-17 15:28:57.734000,408.9661554539204,101
2024-09-17 15:28:57.819000,408.9415807422265,105
2024-09-17 15:28:57.821000,408.97361420758943,997
2024-09-17 15:28:57.911000,409.0082269640749,996
2024-09-17 15:28:57.950000,408.999715616978,98
2024-09-17 15:28:57.992000,408.98673424409566,1000
2024-09-17 15:28:58.167000,408.9147409237403,103
2024-09-17 15:28:58.225000,408.9346027059781,97
2024-09-17 15:28:58.407000,408.9159889812051,5
2024-09-17 15:28:58.469000,408.94132574738165,104
2024-09-17 15:28:58.518000,408.890665101176,99
2024-09-17 15:28:58.543000,408.8976652454161,995
2024-09-17 15:28:58.655000,408.9107320335752,103
2024-09-17 15:28:58.791000,408.8837339304689,1005
2024-09-17 15:28:58.855000,408.9097292910698,95
2024-09-17 15:28:58.899000,408.93444890461,97
2024-09-17 15:28:59.051000,408.90489429572034,104
2024-09-17 15:28:59.122000,408.8789436265073,6
2024-09-17 15:28:59.133000,408.8614848433489,996
2024-09-17 15:28:59.136000,408.8829386134008,98
2024-09-17 15:28:59.230000,408.8868135906661,1004
2024-09-17 15:28:59.390000,408.8930640447275,1005
2024-09-17 15:28:59.395000,408.8951586052343,11
2024-09-17 15:28:59.460000,408.83150082147137,95
2024-09-17 15:28:59.498000,408.8539844895303,996
2024-09-17 15:28:59.551000,408.8395593222295,995
2024-09-17 15:28:59.556000,408.9079204228764,9
2024-09-17 15:28:59.561000,408.8855858254622,995
2024-09-17 15:28:59.633000,408.8539069772263,103
2024-09-17 15:28:59.670000,408.8957716334906,9
2024-09-17 15:28:59.696000,408.89592652854446,996
2024-09-17 15:28:59.821000,408.848262213787,12
2024-09-17 15:28:59.838000,408.9195639277468,95
2024-09-17 15:28:59.898000,408.9042615459052,98
2024-09-17 15:28:59.938000,408.8638615728791,99
2024-09-17 15:28:59.945000,408.88165928915816,997
