Timestamp,Price,Size
2024-09-19 12:41:00.081000,424.7965038138289,1001
2024-09-19 12:41:00.120000,424.77933461097246,102
2024-09-19 12:41:00.125000,424.8299798735726,10
2024-09-19 12:41:00.159000,424.8042376047807,999
2024-09-19 12:41:00.189000,424.88789685417214,9
2024-09-19 12:41:00.207000,424.8921249787009,999
2024-09-19 12:41:00.234000,424.867117550719,101
2024-09-19 12:41:00.253000,424.7806989033687,102
2024-09-19 12:41:00.300000,424.796431970922,13
2024-09-19 12:41:00.306000,424.7919433167722,14
2024-09-19 12:41:00.349000,424.8717359686546,998
2024-09-19 12:41:00.406000,424.87681408358696,1005
2024-09-19 12:41:00.432000,424.7793663174882,1004
2024-09-19 12:41:00.474000,424.78858821848377,1002
2024-09-19 12:41:00.494000,424.8632688402235,1004
2024-09-19 12:41:00.583000,424.7867929339741,10
2024-09-19 12:41:00.609000,424.8698564703847,14
2024-09-19 12:41:00.624000,424.8731716460241,1002
2024-09-19 12:41:00.706000,424.88251968902847,10
2024-09-19 12:41:00.736000,424.76673698463,97
2024-09-19 12:41:00.787000,424.7712030166729,100
2024-09-19 12:41:00.831000,424.8341248137849,5
2024-09-19 12:41:00.882000,424.8903570568503,95
2024-09-19 12:41:00.982000,424.77905789271296,104
2024-09-19 12:41:01.109000,424.7558045493446,12
2024-09-19 12:41:01.146000,424.80953052975576,995
2024-09-19 12:41:01.222000,424.8595728955728,1004
2024-09-19 12:41:01.246000,424.86225556010686,1001
2024-09-19 12:41:01.251000,424.8345322954915,95
2024-09-19 12:41:01.251000,424.7720428017085,14
2024-09-19 12:41:01.290000,424.8537380315192,999
2024-09-19 12:41:01.371000,424.83814778924,102
2024-09-19 12:41:01.404000,424.8297297365895,105
2024-09-19 12:41:01.406000,424.7721306963724,12
2024-09-19 12:41:01.437000,424.7680632636391,1004
2024-09-19 12:41:01.515000,424.77091353692,1005
2024-09-19 12:41:01.529000,424.7670344061483,999
2024-09-19 12:41:01.695000,424.7896517962966,100
2024-09-19 12:41:01.847000,424.782609034101,95
2024-09-19 12:41:01.944000,424.8576367942055,1001
2024-09-19 12:41:01.946000,424.78601245382674,5
2024-09-19 12:41:01.967000,424.85824910425214,13
2024-09-19 12:41:01.979000,424.7925609310677,8
2024-09-19 12:41:01.997000,424.7762737056066,104
2024-09-19 12:41:02.115000,424.8804468486438,1004
2024-09-19 12:41:02.117000,424.8764588145431,96
2024-09-19 12:41:02.145000,424.8734615616621,6
2024-09-19 12:41:02.199000,424.8896287555043,105
2024-09-19 12:41:02.213000,424.8802392795625,6
2024-09-19 12:41:02.240000,424.871767925411,13
2024-09-19 12:41:02.273000,424.86082904834507,10
2024-09-19 12:41:02.274000,424.87521040532937,995
2024-09-19 12:41:02.317000,424.871496598591,101
2024-09-19 12:41:02.343000,424.88432233553726,10
2024-09-19 12:41:02.427000,424.88242971446914,998
2024-09-19 12:41:02.453000,424.8997032537608,12
2024-09-19 12:41:02.490000,424.8698464477708,97
2024-09-19 12:41:02.514000,424.8614428826395,11
2024-09-19 12:41:02.553000,424.87031803602895,995
2024-09-19 12:41:02.570000,424.90044997812646,9
2024-09-19 12:41:02.581000,424.8643257555089,996
2024-09-19 12:41:02.585000,424.861726752832,99
2024-09-19 12:41:02.781000,424.8863222547123,95
2024-09-19 12:41:02.825000,424.8894106555571,13
2024-09-19 12:41:02.828000,424.8650458809279,103
2024-09-19 12:41:02.907000,424.87262045737407,14
2024-09-19 12:41:03.085000,424.8781810331189,101
2024-09-19 12:41:03.375000,424.85614830528976,101
2024-09-19 12:41:03.584000,424.8760593678242,1004
2024-09-19 12:41:04.232000,424.8966205004908,1001
2024-09-19 12:41:04.324000,424.8772819337861,96
2024-09-19 12:41:04.466000,424.9017805916834,98
2024-09-19 12:41:04.503000,424.8728036183269,95
2024-09-19 12:41:04.556000,424.9023199059488,1005
2024-09-19 12:41:04.633000,424.8565750420038,14
2024-09-19 12:41:04.719000,424.8759245128096,996
2024-09-19 12:41:04.837000,424.85676565225367,997
2024-09-19 12:41:04.928000,424.8914021085665,12
2024-09-19 12:41:05.026000,424.913824849476,15
2024-09-19 12:41:05.209000,424.9072185874967,8
2024-09-19 12:41:05.255000,424.91913851348727,995
2024-09-19 12:41:05.264000,424.8869140974939,102
2024-09-19 12:41:05.367000,424.8773257382218,7
2024-09-19 12:41:05.544000,424.88198647641536,14
2024-09-19 12:41:05.785000,424.9485442383565,8
2024-09-19 12:41:05.791000,424.8932001433423,1001
2024-09-19 12:41:05.823000,424.9086026972871,5
2024-09-19 12:41:05.899000,424.89716899614825,13
2024-09-19 12:41:06.076000,424.8914766570465,9
2024-09-19 12:41:06.152000,424.9258676549493,8
2024-09-19 12:41:06.197000,424.9215440226243,1003
2024-09-19 12:41:06.243000,424.91499011468113,6
2024-09-19 12:41:06.276000,424.907379196148,14
2024-09-19 12:41:06.372000,424.888875207316,1003
2024-09-19 12:41:06.497000,424.9111340041508,96
2024-09-19 12:41:06.694000,424.933280355024,12
2024-09-19 12:41:06.750000,424.9141573015507,999
2024-09-19 12:41:07.079000,424.9222835649722,14
2024-09-19 12:41:07.118000,424.9338496371295,12
2024-09-19 12:41:07.143000,424.88520825848855,1000
2024-09-19 12:41:07.147000,424.8818714374804,12
2024-09-19 12:41:07.153000,424.9095555105267,996
2024-09-19 12:41:07.167000,424.9176402433028,102
2024-09-19 12:41:07.189000,424.9374876157333,1005
2024-09-19 12:41:07.237000,424.8997284424695,98
2024-09-19 12:41:07.361000,424.9048179054956,996
2024-09-19 12:41:07.410000,424.9341396084681,1003
2024-09-19 12:41:07.533000,424.9336281608549,105
2024-09-19 12:41:07.572000,424.9107806998092,12
2024-09-19 12:41:07.581000,424.9174634386573,96
2024-09-19 12:41:07.624000,424.8993321207734,105
2024-09-19 12:41:07.654000,424.9371610605371,6
2024-09-19 12:41:07.732000,424.8840525165788,995
2024-09-19 12:41:07.798000,424.8869071846513,103
2024-09-19 12:41:07.919000,424.8933638376096,995
2024-09-19 12:41:07.933000,424.923895920297,15
2024-09-19 12:41:08.001000,424.93584192758266,1004
2024-09-19 12:41:08.004000,424.9585352894681,12
2024-09-19 12:41:08.239000,424.9512808617191,7
2024-09-19 12:41:08.419000,424.9756171239633,1004
2024-09-19 12:41:08.444000,424.9386117888698,1000
2024-09-19 12:41:08.463000,424.9607165859215,998
2024-09-19 12:41:08.466000,424.9416749083857,104
2024-09-19 12:41:08.523000,424.9182084959355,98
2024-09-19 12:41:08.540000,424.9761391872354,102
2024-09-19 12:41:08.599000,424.9534983299005,98
2024-09-19 12:41:08.647000,424.9531181480982,997
2024-09-19 12:41:08.730000,424.9507614701865,13
2024-09-19 12:41:08.857000,425.00891175386346,1001
2024-09-19 12:41:08.922000,425.03052043808015,8
2024-09-19 12:41:08.936000,424.98525943401097,997
2024-09-19 12:41:08.988000,424.9535574058294,104
2024-09-19 12:41:08.997000,424.9395672207082,10
2024-09-19 12:41:10.024000,424.9852139675508,9
2024-09-19 12:41:10.035000,425.0239122618263,1002
2024-09-19 12:41:10.049000,424.98204750062496,13
2024-09-19 12:41:10.060000,424.8598151913191,999
2024-09-19 12:41:10.078000,424.98570393398114,97
2024-09-19 12:41:10.104000,425.016191901618,97
2024-09-19 12:41:10.105000,424.9126262644178,13
2024-09-19 12:41:10.126000,424.9899682633921,997
2024-09-19 12:41:10.137000,425.0451351963805,95
2024-09-19 12:41:10.138000,424.9525562775592,104
2024-09-19 12:41:10.187000,424.8890230131618,99
2024-09-19 12:41:10.231000,424.8907157094798,995
2024-09-19 12:41:10.292000,425.0411913097255,11
2024-09-19 12:41:10.341000,424.9276529647878,104
2024-09-19 12:41:10.499000,424.87913074797547,103
2024-09-19 12:41:10.507000,425.0382068367856,10
2024-09-19 12:41:10.583000,425.05406949037706,1002
2024-09-19 12:41:10.639000,424.8619908636771,10
2024-09-19 12:41:10.685000,424.8616349456331,6
2024-09-19 12:41:10.729000,424.91206231779086,6
2024-09-19 12:41:10.737000,425.0049099425317,96
2024-09-19 12:41:10.747000,424.9946554386464,100
2024-09-19 12:41:10.807000,424.8666157376351,996
2024-09-19 12:41:10.809000,424.9977173423487,997
2024-09-19 12:41:10.818000,424.9678324350578,103
2024-09-19 12:41:10.839000,424.9890039014912,999
2024-09-19 12:41:10.874000,424.90421677567525,9
2024-09-19 12:41:10.930000,424.85160210770607,1004
2024-09-19 12:41:10.953000,425.011634911996,9
2024-09-19 12:41:10.992000,424.9972659716474,99
2024-09-19 12:41:11.962000,424.8872895365178,12
2024-09-19 12:41:12.439000,424.8933767632674,13
2024-09-19 12:41:12.444000,424.8927628298728,1005
2024-09-19 12:41:12.579000,424.8804913255598,105
2024-09-19 12:41:12.684000,424.8777649165266,100
2024-09-19 12:41:12.704000,424.893089140457,9
2024-09-19 12:41:12.722000,424.8929379855555,998
2024-09-19 12:41:12.734000,424.902330538838,101
2024-09-19 12:41:12.762000,424.8979910524232,101
2024-09-19 12:41:13.276000,424.917071330118,95
2024-09-19 12:41:13.288000,424.91128283356585,5
2024-09-19 12:41:13.290000,424.9003523138537,998
2024-09-19 12:41:13.338000,424.945742528981,105
2024-09-19 12:41:13.341000,425.0005611321748,105
2024-09-19 12:41:13.373000,424.8949521525327,103
2024-09-19 12:41:13.418000,424.92107869324,10
2024-09-19 12:41:13.430000,424.9247602779527,96
2024-09-19 12:41:13.444000,424.9517431249225,102
2024-09-19 12:41:13.611000,424.999717683404,95
2024-09-19 12:41:13.629000,424.9765668090207,98
2024-09-19 12:41:13.702000,424.9935938469697,5
2024-09-19 12:41:13.734000,424.95616785878735,1001
2024-09-19 12:41:13.883000,424.8753451244384,102
2024-09-19 12:41:13.943000,424.8909169848605,5
2024-09-19 12:41:13.993000,424.972651001816,995
2024-09-19 12:41:14.120000,424.9794366336668,102
2024-09-19 12:41:14.453000,424.9795628063812,997
2024-09-19 12:41:14.587000,424.9733521898216,997
2024-09-19 12:41:14.669000,424.9769479753284,999
2024-09-19 12:41:15.728000,424.9586219934301,15
2024-09-19 12:41:16.290000,424.95197875935565,999
2024-09-19 12:41:16.312000,424.9586586159891,13
2024-09-19 12:41:16.482000,424.9649622037775,998
2024-09-19 12:41:17.147000,424.9991218513481,95
2024-09-19 12:41:17.154000,424.9637541643335,102
2024-09-19 12:41:17.180000,424.9820108950029,9
2024-09-19 12:41:17.271000,424.9924860364328,1000
2024-09-19 12:41:17.317000,424.9952958748119,99
2024-09-19 12:41:17.365000,425.0068740783751,998
2024-09-19 12:41:17.405000,425.00275999876885,104
2024-09-19 12:41:17.509000,425.01592956702666,98
2024-09-19 12:41:17.536000,424.93255852359897,5
2024-09-19 12:41:17.555000,425.0113795821857,997
2024-09-19 12:41:17.570000,425.02087718173567,1003
2024-09-19 12:41:17.570000,424.9744343966175,1001
2024-09-19 12:41:17.586000,424.9644234336404,995
2024-09-19 12:41:17.620000,424.98778318732406,96
2024-09-19 12:41:17.633000,424.9363985961686,13
2024-09-19 12:41:17.668000,425.0068861312391,1003
2024-09-19 12:41:17.733000,424.9396682150036,6
2024-09-19 12:41:17.758000,424.9395357407861,99
2024-09-19 12:41:17.798000,424.94320301579626,12
2024-09-19 12:41:17.808000,424.9773200602529,11
2024-09-19 12:41:17.870000,425.0066197775769,7
2024-09-19 12:41:17.919000,424.97739849246966,100
2024-09-19 12:41:17.943000,424.99302307920095,5
2024-09-19 12:41:17.976000,424.9535004444574,97
2024-09-19 12:41:17.985000,424.9511105368969,999
2024-09-19 12:41:18.009000,424.9241485609129,1003
2024-09-19 12:41:18.202000,424.9190562147836,1004
2024-09-19 12:41:18.493000,424.93133699224256,1004
2024-09-19 12:41:18.741000,424.91715426209015,102
2024-09-19 12:41:18.842000,424.9197297982525,1004
2024-09-19 12:41:18.896000,424.92703176175337,105
2024-09-19 12:41:19.080000,424.963529993755,1002
2024-09-19 12:41:19.118000,424.9543995414311,1003
2024-09-19 12:41:19.201000,424.9392996494968,995
2024-09-19 12:41:19.238000,424.9664408179429,995
2024-09-19 12:41:19.271000,424.9656732270512,14
2024-09-19 12:41:19.286000,424.94755328809424,998
2024-09-19 12:41:19.302000,424.9711179385348,998
2024-09-19 12:41:19.304000,424.982220514168,1002
2024-09-19 12:41:19.401000,424.9542661138127,7
2024-09-19 12:41:19.419000,424.9683602686216,96
2024-09-19 12:41:19.444000,424.9438456997677,7
2024-09-19 12:41:19.482000,424.9695186697618,97
2024-09-19 12:41:19.515000,424.9676776881693,96
2024-09-19 12:41:19.592000,424.9574516601152,5
2024-09-19 12:41:19.626000,424.97100193593207,95
2024-09-19 12:41:19.634000,424.9817707458317,105
2024-09-19 12:41:19.702000,424.93965575840696,7
2024-09-19 12:41:19.906000,424.9593077611863,96
2024-09-19 12:41:19.915000,424.9586780259002,996
2024-09-19 12:41:20.036000,424.939101429144,100
2024-09-19 12:41:20.039000,424.9424674243373,98
2024-09-19 12:41:20.099000,424.9550670000557,996
2024-09-19 12:41:20.346000,424.9340277253015,5
2024-09-19 12:41:20.409000,424.9659958180216,5
2024-09-19 12:41:20.427000,424.94792489885526,12
2024-09-19 12:41:20.430000,424.9364172782557,1003
2024-09-19 12:41:20.451000,424.9504620385845,105
2024-09-19 12:41:20.501000,424.9506025541567,101
2024-09-19 12:41:20.547000,424.9592373092361,999
2024-09-19 12:41:20.564000,424.9580268017767,101
2024-09-19 12:41:20.567000,424.9569302717798,105
2024-09-19 12:41:20.704000,424.9440573632658,1003
2024-09-19 12:41:20.795000,424.9401450814028,996
2024-09-19 12:41:20.811000,424.9291147887762,9
2024-09-19 12:41:20.817000,424.9378970530877,996
2024-09-19 12:41:21.081000,424.932708990537,11
2024-09-19 12:41:21.131000,424.9369150261716,12
2024-09-19 12:41:22.034000,424.95574804235713,13
2024-09-19 12:41:22.066000,424.9589592078066,105
2024-09-19 12:41:22.095000,424.95855150633287,8
2024-09-19 12:41:22.185000,424.9271731870834,998
2024-09-19 12:41:22.217000,424.9359575744033,13
2024-09-19 12:41:22.265000,424.96285234984776,998
2024-09-19 12:41:22.278000,424.96658265823936,1002
2024-09-19 12:41:22.302000,424.9751825445918,997
2024-09-19 12:41:22.338000,424.959016612507,9
2024-09-19 12:41:22.361000,424.9316640658961,102
2024-09-19 12:41:22.395000,424.9376849163189,8
2024-09-19 12:41:22.443000,424.9420456628961,996
2024-09-19 12:41:22.517000,424.9548968391152,103
2024-09-19 12:41:22.580000,424.9396807257557,100
2024-09-19 12:41:22.593000,424.92404146866033,101
2024-09-19 12:41:22.613000,424.9351209200897,998
2024-09-19 12:41:22.633000,424.97396102140544,8
2024-09-19 12:41:22.721000,424.97142497591807,13
2024-09-19 12:41:22.762000,424.98185882510006,100
2024-09-19 12:41:22.768000,424.95564981655457,96
2024-09-19 12:41:22.770000,424.9227724403572,99
2024-09-19 12:41:22.775000,424.9269205848505,105
2024-09-19 12:41:22.830000,424.9406313355888,104
2024-09-19 12:41:22.884000,424.9194835679564,7
2024-09-19 12:41:22.992000,424.9341779578581,15
2024-09-19 12:41:23.143000,424.9693815307262,104
2024-09-19 12:41:23.242000,424.9724659897944,97
2024-09-19 12:41:23.384000,424.9821594636754,95
2024-09-19 12:41:23.431000,424.9831066172127,105
2024-09-19 12:41:23.496000,424.9921752766821,98
2024-09-19 12:41:23.797000,424.9923277738476,1000
2024-09-19 12:41:23.953000,424.9992489390228,101
2024-09-19 12:41:23.962000,424.9883905489623,14
2024-09-19 12:41:25.019000,424.8817888330737,13
2024-09-19 12:41:25.098000,424.89658858969614,1003
2024-09-19 12:41:25.109000,424.9294633318157,9
2024-09-19 12:41:25.124000,424.9042093159653,997
2024-09-19 12:41:25.175000,424.8377296615935,8
2024-09-19 12:41:25.201000,424.9083164501933,1004
2024-09-19 12:41:25.254000,424.9578972278953,101
2024-09-19 12:41:25.269000,424.85202197674965,97
2024-09-19 12:41:25.334000,424.889033862696,1000
2024-09-19 12:41:25.362000,424.9739978890816,13
2024-09-19 12:41:25.363000,424.863768204605,5
2024-09-19 12:41:25.375000,424.86933924310233,105
2024-09-19 12:41:25.375000,424.8442722144008,10
2024-09-19 12:41:25.417000,424.919750740882,96
2024-09-19 12:41:25.428000,424.8380498819606,12
2024-09-19 12:41:25.525000,424.93293167123255,105
2024-09-19 12:41:25.535000,424.86125464207686,998
2024-09-19 12:41:25.578000,424.8313411435868,97
2024-09-19 12:41:25.592000,424.8476580965784,6
2024-09-19 12:41:25.605000,424.8438996215624,1002
2024-09-19 12:41:25.780000,424.8588434781816,102
2024-09-19 12:41:25.805000,424.86191586334985,6
2024-09-19 12:41:25.815000,424.93642356345,102
2024-09-19 12:41:25.882000,424.8226523868082,97
2024-09-19 12:41:25.956000,424.86442197948304,1001
2024-09-19 12:41:26.107000,424.8285798349596,96
2024-09-19 12:41:26.209000,424.8483672795847,11
2024-09-19 12:41:26.222000,424.8435206605783,97
2024-09-19 12:41:26.233000,424.825243486809,9
2024-09-19 12:41:26.429000,424.8210298025645,96
2024-09-19 12:41:26.456000,424.8523388973458,6
2024-09-19 12:41:26.603000,424.8182401773756,102
2024-09-19 12:41:26.621000,424.8294594806353,102
2024-09-19 12:41:26.625000,424.858099387802,1005
2024-09-19 12:41:26.643000,424.848797870543,996
2024-09-19 12:41:26.650000,424.8334600967453,104
2024-09-19 12:41:26.697000,424.81651288224737,104
2024-09-19 12:41:26.754000,424.81511056754977,12
2024-09-19 12:41:26.771000,424.8613158082951,97
2024-09-19 12:41:26.795000,424.8362632911188,13
2024-09-19 12:41:26.812000,424.8239803829231,999
2024-09-19 12:41:26.833000,424.8241635170619,1001
2024-09-19 12:41:26.844000,424.84972174083,13
2024-09-19 12:41:26.999000,424.8529236487401,15
2024-09-19 12:41:27.059000,424.8654559598187,997
2024-09-19 12:41:27.105000,424.8423740822878,101
2024-09-19 12:41:27.135000,424.836059026144,100
2024-09-19 12:41:27.254000,424.8589355224208,14
2024-09-19 12:41:27.268000,424.8745898374505,11
2024-09-19 12:41:27.272000,424.8896059764674,1001
2024-09-19 12:41:27.337000,424.85390142263657,1003
2024-09-19 12:41:27.366000,424.8448572769473,14
2024-09-19 12:41:27.439000,424.8461278527682,1003
2024-09-19 12:41:27.481000,424.8502724557501,1000
2024-09-19 12:41:27.577000,424.911717844671,95
2024-09-19 12:41:27.583000,424.8460981754181,105
2024-09-19 12:41:27.594000,424.8740697853982,13
2024-09-19 12:41:27.632000,424.8302736093115,996
2024-09-19 12:41:27.716000,424.84043652841785,12
2024-09-19 12:41:27.754000,424.83484372548463,14
2024-09-19 12:41:27.855000,424.8533676394757,9
2024-09-19 12:41:27.870000,424.8321357465782,1001
2024-09-19 12:41:27.929000,424.8634522117854,10
2024-09-19 12:41:27.957000,424.81951529678986,98
2024-09-19 12:41:28.007000,424.7849100701779,998
2024-09-19 12:41:28.008000,424.8178440903211,1000
2024-09-19 12:41:28.056000,424.7867292710512,103
2024-09-19 12:41:28.133000,424.7670843733607,14
2024-09-19 12:41:28.228000,424.7854991579949,999
2024-09-19 12:41:28.336000,424.7532593973565,9
2024-09-19 12:41:28.345000,424.8289865696784,100
2024-09-19 12:41:28.347000,424.8340908506589,10
2024-09-19 12:41:28.384000,424.8768452449117,105
2024-09-19 12:41:28.417000,424.7657357576591,998
2024-09-19 12:41:28.532000,424.860118871238,103
2024-09-19 12:41:28.640000,424.8537379215601,104
2024-09-19 12:41:28.801000,424.8498268878094,9
2024-09-19 12:41:28.845000,424.7674971789382,998
2024-09-19 12:41:28.927000,424.8556116347305,10
2024-09-19 12:41:29.039000,424.7276180063033,97
2024-09-19 12:41:29.075000,424.78290073557577,1001
2024-09-19 12:41:29.101000,424.7437007964578,997
2024-09-19 12:41:29.103000,424.7736558951228,100
2024-09-19 12:41:29.130000,424.7758935415838,13
2024-09-19 12:41:29.199000,424.7845889304668,14
2024-09-19 12:41:29.269000,424.72498135968647,1004
2024-09-19 12:41:29.269000,424.77968999740114,998
2024-09-19 12:41:29.308000,424.7772885925155,101
2024-09-19 12:41:29.390000,424.7742456008546,1003
2024-09-19 12:41:29.391000,424.7813810961052,103
2024-09-19 12:41:29.417000,424.7247445521366,12
2024-09-19 12:41:29.504000,424.7344868527426,98
2024-09-19 12:41:29.533000,424.7633624869849,104
2024-09-19 12:41:29.543000,424.77472887251423,7
2024-09-19 12:41:29.567000,424.7475137551007,105
2024-09-19 12:41:29.569000,424.7689365274648,1002
2024-09-19 12:41:29.587000,424.7746919752704,96
2024-09-19 12:41:29.693000,424.76414405838045,15
2024-09-19 12:41:29.724000,424.72441113701495,7
2024-09-19 12:41:29.797000,424.7360587301268,998
2024-09-19 12:41:29.841000,424.7552404944417,1000
2024-09-19 12:41:29.866000,424.7452493767216,103
2024-09-19 12:41:29.900000,424.7456290334339,9
2024-09-19 12:41:29.964000,424.7519054048352,1004
2024-09-19 12:41:30.091000,424.7660837392626,105
2024-09-19 12:41:30.163000,424.7651328821471,104
2024-09-19 12:41:31.036000,424.79156286775145,100
2024-09-19 12:41:31.054000,424.7880747838756,12
2024-09-19 12:41:31.083000,424.7961946883667,99
2024-09-19 12:41:31.390000,424.7770722411436,995
2024-09-19 12:41:31.499000,424.79282162884033,100
2024-09-19 12:41:31.526000,424.7826518840111,98
2024-09-19 12:41:31.598000,424.7836232419657,998
2024-09-19 12:41:31.661000,424.8041797937929,996
2024-09-19 12:41:31.670000,424.7622230735113,105
2024-09-19 12:41:31.748000,424.7873131082175,6
2024-09-19 12:41:31.796000,424.7922927950931,96
2024-09-19 12:41:31.843000,424.793147061867,100
2024-09-19 12:41:31.865000,424.78995009684473,11
2024-09-19 12:41:31.876000,424.8049294581572,1004
2024-09-19 12:41:31.948000,424.80332214092624,1001
2024-09-19 12:41:31.949000,424.78055408947046,1003
2024-09-19 12:41:31.960000,424.79574856418367,97
2024-09-19 12:41:31.980000,424.7760117458562,102
2024-09-19 12:41:32.152000,424.7486352458637,8
2024-09-19 12:41:32.210000,424.7858857532837,998
2024-09-19 12:41:32.295000,424.781435430245,98
2024-09-19 12:41:32.316000,424.7618658469513,997
2024-09-19 12:41:32.317000,424.7349747865862,99
2024-09-19 12:41:32.504000,424.7762807572364,14
2024-09-19 12:41:32.555000,424.7824702604396,998
2024-09-19 12:41:32.602000,424.75534887416495,100
2024-09-19 12:41:32.610000,424.7620410041508,96
2024-09-19 12:41:32.654000,424.7580530625158,11
2024-09-19 12:41:32.794000,424.7556110159431,996
2024-09-19 12:41:32.849000,424.7180690398201,96
2024-09-19 12:41:32.931000,424.72082628845,1005
2024-09-19 12:41:32.966000,424.73246848103497,9
2024-09-19 12:41:32.993000,424.7831614554384,1002
2024-09-19 12:41:34.007000,424.6909210889289,103
2024-09-19 12:41:34.041000,424.754310221448,97
2024-09-19 12:41:34.042000,424.7386516406608,15
2024-09-19 12:41:34.066000,424.7373099343756,1002
2024-09-19 12:41:34.104000,424.7607776571108,996
2024-09-19 12:41:34.110000,424.7607300695633,101
2024-09-19 12:41:34.135000,424.67390888366896,14
2024-09-19 12:41:34.170000,424.6887098002017,5
2024-09-19 12:41:34.210000,424.74967119303886,9
2024-09-19 12:41:34.221000,424.6858155877593,99
2024-09-19 12:41:34.251000,424.67023960817306,1005
2024-09-19 12:41:34.267000,424.7084638738599,5
2024-09-19 12:41:34.397000,424.708857785406,14
2024-09-19 12:41:34.463000,424.7564916307009,102
2024-09-19 12:41:34.469000,424.6727828660262,10
2024-09-19 12:41:34.517000,424.6876118660626,13
2024-09-19 12:41:34.571000,424.7383724354246,996
2024-09-19 12:41:34.645000,424.74691456509527,103
2024-09-19 12:41:34.672000,424.69303683233744,13
2024-09-19 12:41:34.700000,424.6507161154042,100
2024-09-19 12:41:34.704000,424.6823711248338,14
2024-09-19 12:41:34.710000,424.6735114584277,97
2024-09-19 12:41:34.724000,424.76460476534254,95
2024-09-19 12:41:34.827000,424.6652153504288,996
2024-09-19 12:41:34.840000,424.7017573701093,1000
2024-09-19 12:41:34.893000,424.7517653557048,5
2024-09-19 12:41:34.938000,424.759463161333,105
2024-09-19 12:41:34.953000,424.76630103792985,95
2024-09-19 12:41:34.961000,424.6984057897654,5
2024-09-19 12:41:34.984000,424.73575397739154,9
2024-09-19 12:41:35.050000,424.62065042377657,95
2024-09-19 12:41:35.173000,424.6518226491911,1005
2024-09-19 12:41:35.287000,424.6426620971843,1000
2024-09-19 12:41:35.305000,424.66752183243176,6
2024-09-19 12:41:35.335000,424.64143980016377,100
2024-09-19 12:41:35.350000,424.619752892998,996
2024-09-19 12:41:35.410000,424.6530409327247,105
2024-09-19 12:41:35.426000,424.6606861071626,999
2024-09-19 12:41:35.429000,424.63127248784696,997
2024-09-19 12:41:35.446000,424.61663125170617,97
2024-09-19 12:41:35.481000,424.6271353879646,999
2024-09-19 12:41:35.583000,424.6575775950219,14
2024-09-19 12:41:35.601000,424.6018720161271,996
2024-09-19 12:41:35.617000,424.63193973097566,999
2024-09-19 12:41:35.652000,424.6146120471308,99
2024-09-19 12:41:35.774000,424.6068897665668,96
2024-09-19 12:41:35.797000,424.6053151662233,95
2024-09-19 12:41:35.803000,424.63024828918,12
2024-09-19 12:41:35.808000,424.61777736488574,998
2024-09-19 12:41:35.855000,424.6402264517024,13
2024-09-19 12:41:35.939000,424.6507869219022,103
2024-09-19 12:41:36.075000,424.59792837907344,99
2024-09-19 12:41:36.076000,424.5578903058413,104
2024-09-19 12:41:36.121000,424.6008749554841,1005
2024-09-19 12:41:36.123000,424.5746997441602,10
2024-09-19 12:41:36.151000,424.5649089573093,1003
2024-09-19 12:41:36.189000,424.5682143326055,99
2024-09-19 12:41:36.214000,424.5670917467016,11
2024-09-19 12:41:36.238000,424.59454465786496,96
2024-09-19 12:41:36.250000,424.5730707474778,14
2024-09-19 12:41:36.255000,424.56395030518473,100
2024-09-19 12:41:36.370000,424.5556691739868,997
2024-09-19 12:41:36.374000,424.5843155172096,995
2024-09-19 12:41:36.431000,424.56553091846666,998
2024-09-19 12:41:36.460000,424.60782767250106,102
2024-09-19 12:41:36.477000,424.5722372759779,997
2024-09-19 12:41:36.482000,424.5946294687585,97
2024-09-19 12:41:36.518000,424.5983130247325,1000
2024-09-19 12:41:36.537000,424.6092574196188,12
2024-09-19 12:41:36.537000,424.53724308538,99
2024-09-19 12:41:36.556000,424.5790890183712,98
2024-09-19 12:41:36.562000,424.6165777526815,8
2024-09-19 12:41:36.702000,424.6146780505055,1004
2024-09-19 12:41:36.719000,424.6032979775815,1004
2024-09-19 12:41:36.873000,424.60952334174414,100
2024-09-19 12:41:36.953000,424.5758620908411,99
2024-09-19 12:41:36.956000,424.5790910233736,1001
2024-09-19 12:41:36.994000,424.6246427365944,9
2024-09-19 12:41:37.029000,424.6075747954535,997
2024-09-19 12:41:37.066000,424.58524027936215,98
2024-09-19 12:41:37.266000,424.5745413542717,14
2024-09-19 12:41:37.325000,424.59460378544463,98
2024-09-19 12:41:37.359000,424.57115927182326,104
2024-09-19 12:41:37.621000,424.5910205121624,98
2024-09-19 12:41:37.646000,424.5971234113601,5
2024-09-19 12:41:37.774000,424.57193637311184,101
2024-09-19 12:41:37.794000,424.5608304210502,98
2024-09-19 12:41:37.852000,424.5970607391423,997
2024-09-19 12:41:37.860000,424.593015267424,98
2024-09-19 12:41:38.037000,424.4822356068613,97
2024-09-19 12:41:38.146000,424.45719888877534,101
2024-09-19 12:41:38.202000,424.4655822902257,1002
2024-09-19 12:41:38.291000,424.491560629998,12
2024-09-19 12:41:38.316000,424.5229056531559,95
2024-09-19 12:41:38.325000,424.47164142414704,6
2024-09-19 12:41:38.410000,424.4712818184354,12
2024-09-19 12:41:38.436000,424.5280928459996,15
2024-09-19 12:41:38.472000,424.425551271332,996
2024-09-19 12:41:38.491000,424.4967856752976,15
2024-09-19 12:41:38.606000,424.43164218804816,1005
2024-09-19 12:41:38.637000,424.4190187641001,1005
2024-09-19 12:41:38.676000,424.4939301139109,995
2024-09-19 12:41:38.717000,424.54482945221497,999
2024-09-19 12:41:38.792000,424.4280318191569,7
2024-09-19 12:41:38.803000,424.488408662644,95
2024-09-19 12:41:38.805000,424.5046813448908,104
2024-09-19 12:41:38.957000,424.55011420725833,95
2024-09-19 12:41:38.965000,424.4291286384913,999
2024-09-19 12:41:39.004000,424.4407964223424,96
2024-09-19 12:41:39.018000,424.56396891633375,995
2024-09-19 12:41:39.020000,424.5086560519933,8
2024-09-19 12:41:39.154000,424.52289491981713,1001
2024-09-19 12:41:39.182000,424.4415972424286,1004
2024-09-19 12:41:39.194000,424.4331020420536,1004
2024-09-19 12:41:39.195000,424.4374932878387,998
2024-09-19 12:41:39.337000,424.4750984404533,10
2024-09-19 12:41:39.353000,424.4465188042225,6
2024-09-19 12:41:39.381000,424.5274569724578,1002
2024-09-19 12:41:39.390000,424.4561807178313,101
2024-09-19 12:41:39.423000,424.53462693565706,99
2024-09-19 12:41:39.543000,424.453153733831,999
2024-09-19 12:41:39.549000,424.50640224532094,1003
2024-09-19 12:41:39.591000,424.4735585823098,98
2024-09-19 12:41:39.675000,424.5418368466153,995
2024-09-19 12:41:39.690000,424.4481892549419,12
2024-09-19 12:41:39.717000,424.4401842442948,1003
2024-09-19 12:41:39.755000,424.4494438640448,95
2024-09-19 12:41:39.802000,424.43284829865786,15
2024-09-19 12:41:39.809000,424.4446660517161,1005
2024-09-19 12:41:39.816000,424.53881847555306,12
2024-09-19 12:41:40.143000,424.6050107955419,95
2024-09-19 12:41:40.420000,424.5880271918342,1001
2024-09-19 12:41:40.587000,424.5847196292725,1001
2024-09-19 12:41:40.716000,424.60534163076215,12
2024-09-19 12:41:40.798000,424.58688796049,98
2024-09-19 12:41:41.369000,424.6014299721641,997
2024-09-19 12:41:41.915000,424.592960040312,1001
2024-09-19 12:41:42.046000,424.596290626632,5
2024-09-19 12:41:42.056000,424.58583137242334,103
2024-09-19 12:41:42.142000,424.5947039306121,1001
2024-09-19 12:41:42.160000,424.6143185404681,999
2024-09-19 12:41:42.174000,424.6140134244746,97
2024-09-19 12:41:42.190000,424.5990935274203,995
2024-09-19 12:41:42.237000,424.5950396600293,12
2024-09-19 12:41:42.251000,424.5783216438029,13
2024-09-19 12:41:42.338000,424.5553187733007,7
2024-09-19 12:41:42.342000,424.5957440259571,998
2024-09-19 12:41:42.374000,424.5356925763181,1003
2024-09-19 12:41:42.378000,424.6198427665274,10
2024-09-19 12:41:42.379000,424.59636250645457,98
2024-09-19 12:41:42.379000,424.605510667763,996
2024-09-19 12:41:42.424000,424.576112428855,8
2024-09-19 12:41:42.459000,424.5855810599859,1004
2024-09-19 12:41:42.516000,424.6104822558037,14
2024-09-19 12:41:42.627000,424.5960211945352,95
2024-09-19 12:41:42.697000,424.6012575686134,997
2024-09-19 12:41:42.699000,424.5460507783832,13
2024-09-19 12:41:42.748000,424.5476957689795,996
2024-09-19 12:41:42.828000,424.5981760417599,997
2024-09-19 12:41:42.834000,424.6024269116487,12
2024-09-19 12:41:42.928000,424.622312914875,99
2024-09-19 12:41:42.945000,424.5929253458034,5
2024-09-19 12:41:42.985000,424.6064366137608,96
2024-09-19 12:41:43.034000,424.5544528775888,996
2024-09-19 12:41:43.263000,424.53525058157646,1000
2024-09-19 12:41:43.311000,424.54097526072303,95
2024-09-19 12:41:43.462000,424.5453609452271,97
2024-09-19 12:41:43.753000,424.5338221983137,15
2024-09-19 12:41:44.894000,424.546811597103,10
2024-09-19 12:41:44.933000,424.51347285676405,15
2024-09-19 12:41:45.019000,424.5182201749984,10
2024-09-19 12:41:45.102000,424.49586558012646,104
2024-09-19 12:41:45.202000,424.4912493185915,10
2024-09-19 12:41:45.229000,424.49344993871847,1003
2024-09-19 12:41:45.313000,424.4885952616934,12
2024-09-19 12:41:45.340000,424.5222370632864,96
2024-09-19 12:41:45.495000,424.51284317351775,101
2024-09-19 12:41:45.515000,424.5088617175001,995
2024-09-19 12:41:45.534000,424.5047090430578,14
2024-09-19 12:41:45.781000,424.5095675932349,100
2024-09-19 12:41:45.915000,424.4876147332784,11
2024-09-19 12:41:46.002000,424.5380139166722,96
2024-09-19 12:41:46.061000,424.5930223850449,103
2024-09-19 12:41:46.089000,424.5728921938877,13
2024-09-19 12:41:46.165000,424.6505217301773,7
2024-09-19 12:41:46.267000,424.56598497961846,105
2024-09-19 12:41:46.407000,424.5415486837676,1000
2024-09-19 12:41:46.468000,424.6166616363171,95
2024-09-19 12:41:46.478000,424.5288826423801,104
2024-09-19 12:41:46.485000,424.6278916202215,14
2024-09-19 12:41:46.512000,424.634359893879,1003
2024-09-19 12:41:46.604000,424.637275370632,998
2024-09-19 12:41:46.784000,424.5348134240485,95
2024-09-19 12:41:46.796000,424.6154040400344,996
2024-09-19 12:41:46.800000,424.6277026766228,10
2024-09-19 12:41:46.834000,424.6550451097265,996
2024-09-19 12:41:47.072000,424.6806980026065,1002
2024-09-19 12:41:47.075000,424.6795546287864,9
2024-09-19 12:41:47.241000,424.65089870222846,995
2024-09-19 12:41:47.315000,424.65190030725415,1005
2024-09-19 12:41:47.407000,424.6222194570891,1000
2024-09-19 12:41:47.470000,424.65012763108666,1002
2024-09-19 12:41:47.637000,424.66608438170033,1000
2024-09-19 12:41:47.696000,424.6599975095184,11
2024-09-19 12:41:47.758000,424.6381874588882,5
2024-09-19 12:41:47.815000,424.6015566342701,9
2024-09-19 12:41:47.860000,424.6604005757532,1001
2024-09-19 12:41:47.861000,424.633844994496,6
2024-09-19 12:41:47.871000,424.5890140192087,100
2024-09-19 12:41:48.021000,424.5901065677608,996
2024-09-19 12:41:48.186000,424.596877269096,12
2024-09-19 12:41:48.268000,424.5833901944402,997
2024-09-19 12:41:48.422000,424.56798310899256,15
2024-09-19 12:41:48.517000,424.59315441886565,995
2024-09-19 12:41:48.541000,424.592531323263,95
2024-09-19 12:41:48.738000,424.5848160970923,95
2024-09-19 12:41:48.992000,424.5867972516328,1002
2024-09-19 12:41:49.005000,424.57096254887193,14
2024-09-19 12:41:49.014000,424.5497719285005,14
2024-09-19 12:41:49.150000,424.5256933319517,15
2024-09-19 12:41:49.505000,424.5566446217742,14
2024-09-19 12:41:49.859000,424.5500651084449,98
2024-09-19 12:41:49.876000,424.5527892395038,6
2024-09-19 12:41:49.982000,424.51385204573046,1001
2024-09-19 12:41:50.007000,424.53328931383015,1001
2024-09-19 12:41:50.042000,424.5347729461979,11
2024-09-19 12:41:50.185000,424.5719914010844,98
2024-09-19 12:41:50.248000,424.5554532775285,7
2024-09-19 12:41:50.298000,424.564830103772,1003
2024-09-19 12:41:50.380000,424.5447102532967,5
2024-09-19 12:41:50.417000,424.5446705892275,6
2024-09-19 12:41:50.419000,424.5428329116969,97
2024-09-19 12:41:50.558000,424.5482077328947,101
2024-09-19 12:41:50.565000,424.5230104553652,7
2024-09-19 12:41:50.661000,424.5481967083458,1003
2024-09-19 12:41:50.771000,424.5658267395481,95
2024-09-19 12:41:50.795000,424.5473066921357,12
2024-09-19 12:41:50.932000,424.55360448459845,998
2024-09-19 12:41:51.141000,424.5963066441896,14
2024-09-19 12:41:51.160000,424.59360634531896,1000
2024-09-19 12:41:51.208000,424.57411114418494,105
2024-09-19 12:41:51.252000,424.5883011037486,12
2024-09-19 12:41:51.450000,424.589211923972,1001
2024-09-19 12:41:51.453000,424.6121702678548,998
2024-09-19 12:41:51.482000,424.5549535810288,10
2024-09-19 12:41:51.613000,424.5758076248509,13
2024-09-19 12:41:51.630000,424.590649658708,995
2024-09-19 12:41:51.653000,424.5546417136355,15
2024-09-19 12:41:51.698000,424.5897902823354,996
2024-09-19 12:41:51.790000,424.5659424149315,12
2024-09-19 12:41:51.877000,424.5993803032991,104
2024-09-19 12:41:51.932000,424.5865418800189,13
2024-09-19 12:41:51.933000,424.5902743779894,998
2024-09-19 12:41:51.980000,424.6154636411159,1001
2024-09-19 12:41:51.992000,424.58134112445936,105
2024-09-19 12:41:51.998000,424.5947263329938,9
2024-09-19 12:41:52.040000,424.56801891772767,8
2024-09-19 12:41:52.108000,424.58721781730185,998
2024-09-19 12:41:52.268000,424.5572015340364,14
2024-09-19 12:41:52.336000,424.54306283805886,105
2024-09-19 12:41:52.364000,424.5414848323608,96
2024-09-19 12:41:52.408000,424.5741128204176,5
2024-09-19 12:41:52.655000,424.58711130913713,104
2024-09-19 12:41:52.707000,424.575866219571,1005
2024-09-19 12:41:52.772000,424.5642168559623,1001
2024-09-19 12:41:52.834000,424.5423948691748,99
2024-09-19 12:41:52.850000,424.5367270074144,8
2024-09-19 12:41:53.033000,424.6170702757737,102
2024-09-19 12:41:53.042000,424.61155571574494,97
2024-09-19 12:41:53.053000,424.5910470426669,8
2024-09-19 12:41:53.069000,424.59161543175406,15
2024-09-19 12:41:53.119000,424.59705737633305,97
2024-09-19 12:41:53.125000,424.60508182957454,10
2024-09-19 12:41:53.291000,424.6213010426944,5
2024-09-19 12:41:53.293000,424.6177833471244,6
2024-09-19 12:41:53.328000,424.60199843228185,105
2024-09-19 12:41:53.355000,424.6185488332317,98
2024-09-19 12:41:53.377000,424.6056365901462,13
2024-09-19 12:41:53.801000,424.5918240700424,1004
2024-09-19 12:41:54.049000,424.5816053142929,12
2024-09-19 12:41:54.260000,424.5799754512748,105
2024-09-19 12:41:54.321000,424.5386232589996,997
2024-09-19 12:41:54.371000,424.57241353790926,1002
2024-09-19 12:41:54.418000,424.5949831792344,95
2024-09-19 12:41:54.482000,424.5390734284885,999
2024-09-19 12:41:54.486000,424.60794921497774,103
2024-09-19 12:41:54.547000,424.5932177928065,8
2024-09-19 12:41:54.629000,424.5312612209693,13
2024-09-19 12:41:54.990000,424.53986544236193,98
2024-09-19 12:41:55.101000,424.4868553609287,6
2024-09-19 12:41:55.109000,424.500764236654,6
2024-09-19 12:41:55.135000,424.54061929734144,103
2024-09-19 12:41:55.168000,424.46936193570383,13
2024-09-19 12:41:55.330000,424.49607497431737,8
2024-09-19 12:41:55.562000,424.4724838368785,104
2024-09-19 12:41:55.598000,424.5243683131592,5
2024-09-19 12:41:55.647000,424.5251826019676,11
2024-09-19 12:41:55.665000,424.49126305091977,104
2024-09-19 12:41:55.693000,424.519462995899,1002
2024-09-19 12:41:55.800000,424.4634119278583,11
2024-09-19 12:41:55.818000,424.49136421624,1002
2024-09-19 12:41:55.819000,424.5073572517862,103
2024-09-19 12:41:55.831000,424.5017142286027,12
2024-09-19 12:41:55.834000,424.45598312188366,996
2024-09-19 12:41:55.913000,424.5164503708696,997
2024-09-19 12:41:56.612000,424.49454583207984,95
2024-09-19 12:41:56.724000,424.4799510570493,103
2024-09-19 12:41:57.035000,424.4917812694699,999
2024-09-19 12:41:57.038000,424.4921675312688,998
2024-09-19 12:41:57.061000,424.5102824336098,1005
2024-09-19 12:41:57.087000,424.5174128153217,14
2024-09-19 12:41:57.140000,424.5070088779272,100
2024-09-19 12:41:57.174000,424.5156001849512,1000
2024-09-19 12:41:57.193000,424.527102206283,95
2024-09-19 12:41:57.275000,424.4829225792392,998
2024-09-19 12:41:57.305000,424.5277192587745,95
2024-09-19 12:41:57.308000,424.5037450931733,9
2024-09-19 12:41:57.361000,424.4799658663004,5
2024-09-19 12:41:57.500000,424.493201807593,7
2024-09-19 12:41:57.541000,424.49947275616535,102
2024-09-19 12:41:57.567000,424.4897663502649,103
2024-09-19 12:41:57.572000,424.5210049735849,999
2024-09-19 12:41:57.609000,424.4971279109853,99
2024-09-19 12:41:57.624000,424.5105001168797,11
2024-09-19 12:41:57.658000,424.5227385337688,15
2024-09-19 12:41:57.720000,424.5228348864156,105
2024-09-19 12:41:57.730000,424.5232658010922,104
2024-09-19 12:41:57.744000,424.5080417081543,97
2024-09-19 12:41:57.857000,424.5142043883863,995
2024-09-19 12:41:57.875000,424.5385784477932,12
2024-09-19 12:41:57.936000,424.52626057839353,1005
2024-09-19 12:41:57.940000,424.48476528059786,12
2024-09-19 12:41:57.959000,424.497150891546,998
2024-09-19 12:41:57.972000,424.5081299987297,12
2024-09-19 12:41:57.994000,424.5351544502971,9
2024-09-19 12:41:58.042000,424.5143238153802,995
2024-09-19 12:41:58.106000,424.5198988866731,104
2024-09-19 12:41:58.163000,424.5092086108569,96
2024-09-19 12:41:59.638000,424.5048613428246,998
2024-09-19 12:41:59.897000,424.5207176441105,100
