Timestamp,Price,Size
2024-09-17 15:44:00.170000,409.3666560250216,1000
2024-09-17 15:44:00.193000,409.3869151730933,6
2024-09-17 15:44:00.210000,409.3839443039147,100
2024-09-17 15:44:00.589000,409.4231046927488,1002
2024-09-17 15:44:00.814000,409.3776879322926,104
2024-09-17 15:44:00.916000,409.38241175348463,102
2024-09-17 15:44:00.996000,409.38405632573136,1003
2024-09-17 15:44:01.070000,409.4332213765318,5
2024-09-17 15:44:01.125000,409.4446312835252,998
2024-09-17 15:44:01.137000,409.4495029635976,999
2024-09-17 15:44:01.205000,409.4373826544909,12
2024-09-17 15:44:01.212000,409.438495500264,105
2024-09-17 15:44:01.219000,409.4398336950142,14
2024-09-17 15:44:01.274000,409.4440699073634,105
2024-09-17 15:44:01.303000,409.4155500682862,13
2024-09-17 15:44:01.334000,409.4540358098776,103
2024-09-17 15:44:01.396000,409.4307569610466,1004
2024-09-17 15:44:01.453000,409.4240424083263,97
2024-09-17 15:44:01.477000,409.43241906640907,14
2024-09-17 15:44:01.519000,409.4485089150966,12
2024-09-17 15:44:01.571000,409.4678520691886,96
2024-09-17 15:44:01.594000,409.4376939310321,1002
2024-09-17 15:44:01.643000,409.410138755512,105
2024-09-17 15:44:01.673000,409.4265105629489,13
2024-09-17 15:44:01.777000,409.4384831329127,14
2024-09-17 15:44:01.830000,409.48061574548063,7
2024-09-17 15:44:01.872000,409.4281774450428,101
2024-09-17 15:44:01.880000,409.441020184629,104
2024-09-17 15:44:01.906000,409.4253425715293,7
2024-09-17 15:44:02.157000,409.5230850830939,10
2024-09-17 15:44:02.211000,409.490448430136,11
2024-09-17 15:44:02.458000,409.4905663288287,8
2024-09-17 15:44:02.765000,409.4848280345678,13
2024-09-17 15:44:03.096000,409.48434642100864,101
2024-09-17 15:44:03.241000,409.4977862178072,1005
2024-09-17 15:44:03.372000,409.53080573102966,13
2024-09-17 15:44:03.380000,409.506960659924,101
2024-09-17 15:44:03.523000,409.5084135993546,1000
2024-09-17 15:44:03.615000,409.49536200880215,99
2024-09-17 15:44:03.619000,409.5023488125644,10
2024-09-17 15:44:03.639000,409.5374997917668,1002
2024-09-17 15:44:03.644000,409.5615852412087,7
2024-09-17 15:44:03.653000,409.4902821647594,7
2024-09-17 15:44:03.711000,409.5581931525825,1001
2024-09-17 15:44:03.715000,409.4976836726616,96
2024-09-17 15:44:03.758000,409.5316488398125,7
2024-09-17 15:44:03.769000,409.4892246361174,95
2024-09-17 15:44:03.790000,409.5016129276115,14
2024-09-17 15:44:03.834000,409.4869394162808,8
2024-09-17 15:44:03.873000,409.4946635742762,101
2024-09-17 15:44:03.892000,409.490832678875,999
2024-09-17 15:44:03.976000,409.5160346312321,102
2024-09-17 15:44:04.022000,409.49662671850353,1004
2024-09-17 15:44:04.036000,409.4779512172565,6
2024-09-17 15:44:04.047000,409.4966506134156,14
2024-09-17 15:44:04.241000,409.4840151106053,96
2024-09-17 15:44:04.284000,409.4484963854611,11
2024-09-17 15:44:04.324000,409.4812275640308,5
2024-09-17 15:44:04.550000,409.475681842189,11
2024-09-17 15:44:04.738000,409.44735662750566,100
2024-09-17 15:44:04.759000,409.4817837484612,95
2024-09-17 15:44:04.811000,409.4831518209464,96
2024-09-17 15:44:04.820000,409.46277318220496,14
2024-09-17 15:44:04.897000,409.471582652114,1002
2024-09-17 15:44:04.971000,409.4826186598962,104
2024-09-17 15:44:04.994000,409.4712580865473,11
2024-09-17 15:44:05.061000,409.4938219503807,99
2024-09-17 15:44:05.280000,409.50541669077865,102
2024-09-17 15:44:05.585000,416.7363458138941,1004
2024-09-17 15:44:05.728000,409.4856624980789,999
2024-09-17 15:44:06.073000,409.478949161634,95
2024-09-17 15:44:06.119000,409.40639231062727,15
2024-09-17 15:44:06.126000,409.48739697531374,104
2024-09-17 15:44:06.248000,409.4119282074655,1000
2024-09-17 15:44:06.256000,409.4386891675301,104
2024-09-17 15:44:06.273000,409.4667348300488,95
2024-09-17 15:44:06.308000,409.4347906030326,9
2024-09-17 15:44:06.335000,409.4612853489977,998
2024-09-17 15:44:06.405000,409.4703562670042,6
2024-09-17 15:44:06.407000,409.4602464967768,102
2024-09-17 15:44:06.428000,409.47597461882106,101
2024-09-17 15:44:06.525000,409.44298623571865,1001
2024-09-17 15:44:06.541000,409.4704920663827,11
2024-09-17 15:44:06.550000,409.4706256846972,102
2024-09-17 15:44:06.570000,409.4831080935972,95
2024-09-17 15:44:06.585000,409.41275991134967,997
2024-09-17 15:44:06.612000,409.5046981777379,104
2024-09-17 15:44:06.622000,409.50433876549135,1005
2024-09-17 15:44:06.625000,409.4000266706451,9
2024-09-17 15:44:06.658000,409.475405018092,101
2024-09-17 15:44:06.685000,409.4452003612044,15
2024-09-17 15:44:06.728000,409.4925745567083,996
2024-09-17 15:44:06.869000,409.4260466267868,13
2024-09-17 15:44:06.915000,409.4658132023301,13
2024-09-17 15:44:07.086000,409.421316644808,5
2024-09-17 15:44:07.272000,409.41933979229873,1002
2024-09-17 15:44:07.278000,409.4198676050028,7
2024-09-17 15:44:07.282000,409.3876799273551,100
2024-09-17 15:44:07.320000,409.4261208843811,11
2024-09-17 15:44:07.337000,409.411395939,998
2024-09-17 15:44:07.338000,409.41532280119145,12
2024-09-17 15:44:07.374000,409.4531897245806,995
2024-09-17 15:44:07.410000,409.38971637832594,1005
2024-09-17 15:44:07.452000,409.422004504875,101
2024-09-17 15:44:07.492000,409.3866142310008,10
2024-09-17 15:44:07.500000,409.4008953334788,100
2024-09-17 15:44:07.534000,409.40693869221127,10
2024-09-17 15:44:07.548000,409.41808351405285,1002
2024-09-17 15:44:07.549000,409.3749703221889,14
2024-09-17 15:44:07.554000,409.4019349796121,97
2024-09-17 15:44:07.586000,409.3976093057389,996
2024-09-17 15:44:07.631000,409.41490077627066,1003
2024-09-17 15:44:07.631000,409.39918892522,1001
2024-09-17 15:44:07.645000,409.43872602058553,12
2024-09-17 15:44:07.652000,409.38798369796456,7
2024-09-17 15:44:07.723000,409.4344548079175,95
2024-09-17 15:44:07.727000,409.4142961237464,1002
2024-09-17 15:44:07.792000,409.417373017726,1002
2024-09-17 15:44:07.873000,409.4030319317706,13
2024-09-17 15:44:07.909000,409.44752684649694,13
2024-09-17 15:44:07.929000,409.40207408888233,98
2024-09-17 15:44:07.962000,409.39763347853824,998
2024-09-17 15:44:07.983000,409.4121621454486,1002
2024-09-17 15:44:08.154000,409.40954595281215,9
2024-09-17 15:44:08.160000,409.3759230474757,102
2024-09-17 15:44:08.227000,409.3996444763808,1005
2024-09-17 15:44:08.255000,409.41892074943536,997
2024-09-17 15:44:08.306000,409.41118512277257,103
2024-09-17 15:44:08.347000,409.39965508879607,1001
2024-09-17 15:44:08.350000,409.3787336099813,100
2024-09-17 15:44:08.364000,409.413021552244,12
2024-09-17 15:44:08.367000,409.375259472324,105
2024-09-17 15:44:08.374000,409.4031528254585,7
2024-09-17 15:44:08.380000,409.419722935661,95
2024-09-17 15:44:08.401000,409.4012068827044,997
2024-09-17 15:44:08.515000,409.3945409045344,5
2024-09-17 15:44:08.558000,409.43715840945777,7
2024-09-17 15:44:08.579000,409.3819287742172,98
2024-09-17 15:44:08.606000,409.3950509827523,7
2024-09-17 15:44:08.690000,409.38432335389217,96
2024-09-17 15:44:08.786000,409.40707928963377,104
2024-09-17 15:44:09.062000,409.4476707629165,105
2024-09-17 15:44:09.084000,409.41765765731554,5
2024-09-17 15:44:09.093000,409.4505095005719,13
2024-09-17 15:44:09.134000,409.4477159703627,102
2024-09-17 15:44:09.151000,409.4325333265392,14
2024-09-17 15:44:09.160000,409.4245290888412,999
2024-09-17 15:44:09.188000,409.4365470982339,13
2024-09-17 15:44:09.474000,409.4378625827034,102
2024-09-17 15:44:09.491000,409.4534027872092,105
2024-09-17 15:44:09.500000,409.42427528886657,1002
2024-09-17 15:44:09.573000,409.4359762022692,9
2024-09-17 15:44:09.578000,409.4724192895388,9
2024-09-17 15:44:09.737000,409.4400883199599,997
2024-09-17 15:44:09.738000,409.4119551179157,12
2024-09-17 15:44:09.752000,409.4120849232877,15
2024-09-17 15:44:09.876000,409.4335356441277,5
2024-09-17 15:44:09.910000,409.42531612344186,1003
2024-09-17 15:44:10.039000,409.4114538975287,101
2024-09-17 15:44:10.126000,409.4509925691992,11
2024-09-17 15:44:10.138000,409.4216916095851,999
2024-09-17 15:44:10.147000,409.4203693189676,104
2024-09-17 15:44:10.156000,409.39233651014393,12
2024-09-17 15:44:10.236000,409.42626678864985,8
2024-09-17 15:44:10.322000,409.4220349531184,10
2024-09-17 15:44:10.323000,409.48228582162295,15
2024-09-17 15:44:10.380000,409.39341136381313,15
2024-09-17 15:44:10.446000,409.4037400074639,6
2024-09-17 15:44:10.507000,409.4783595817201,999
2024-09-17 15:44:10.589000,409.4481828164694,104
2024-09-17 15:44:10.594000,409.4692869431724,995
2024-09-17 15:44:10.603000,409.47626277173214,95
2024-09-17 15:44:10.628000,409.403060672366,998
2024-09-17 15:44:10.632000,409.4664317490453,97
2024-09-17 15:44:10.636000,409.4396393981109,10
2024-09-17 15:44:10.761000,409.43268054125485,9
2024-09-17 15:44:10.848000,409.4293101164151,7
2024-09-17 15:44:10.860000,409.4638734308876,96
2024-09-17 15:44:10.874000,409.43802978729485,101
2024-09-17 15:44:10.964000,409.4344245851671,11
2024-09-17 15:44:11.016000,409.3915665950931,6
2024-09-17 15:44:11.031000,409.3742274033956,1003
2024-09-17 15:44:11.077000,409.37041148391074,9
2024-09-17 15:44:11.102000,409.387610333875,998
2024-09-17 15:44:11.117000,409.37524418306623,103
2024-09-17 15:44:11.132000,409.37093291826136,9
2024-09-17 15:44:11.173000,409.38654237911015,102
2024-09-17 15:44:11.185000,409.35762644188776,14
2024-09-17 15:44:11.196000,409.4004320415991,996
2024-09-17 15:44:11.246000,409.3836142744346,101
2024-09-17 15:44:11.254000,409.3720656901576,100
2024-09-17 15:44:11.347000,409.3676676738117,14
2024-09-17 15:44:11.419000,409.3667324899617,13
2024-09-17 15:44:11.432000,409.3740040090554,14
2024-09-17 15:44:11.435000,409.3900683004245,13
2024-09-17 15:44:11.438000,409.38724704021024,10
2024-09-17 15:44:11.488000,409.38826390286624,7
2024-09-17 15:44:11.548000,409.3797495194124,104
2024-09-17 15:44:11.554000,409.3733168591025,103
2024-09-17 15:44:11.643000,409.35916463342215,99
2024-09-17 15:44:11.721000,409.3903103599898,1005
2024-09-17 15:44:11.738000,409.392279600126,96
2024-09-17 15:44:11.829000,409.3479857642277,101
2024-09-17 15:44:11.856000,409.3680695186784,6
2024-09-17 15:44:11.870000,409.36753938221767,14
2024-09-17 15:44:11.899000,409.3739660807915,998
2024-09-17 15:44:11.937000,409.3880536050118,11
2024-09-17 15:44:12.264000,409.3758774500029,1002
2024-09-17 15:44:13.101000,409.3817167528591,5
2024-09-17 15:44:13.127000,409.3616854635481,1000
2024-09-17 15:44:13.131000,409.36494976973785,998
2024-09-17 15:44:13.242000,409.3974531765356,1002
2024-09-17 15:44:13.275000,409.3807407216309,997
2024-09-17 15:44:13.475000,409.3823958091151,1001
2024-09-17 15:44:13.555000,409.3979745853279,997
2024-09-17 15:44:13.562000,409.3725851859167,9
2024-09-17 15:44:13.621000,409.3800824784585,1002
2024-09-17 15:44:13.694000,409.3871009062689,99
2024-09-17 15:44:13.845000,409.3664603422376,996
2024-09-17 15:44:13.846000,409.371428172457,5
2024-09-17 15:44:14.026000,409.3859299526959,1003
2024-09-17 15:44:14.108000,416.7083945679584,1002
2024-09-17 15:44:14.161000,409.4236030525721,997
2024-09-17 15:44:14.183000,409.43619431880137,1000
2024-09-17 15:44:14.274000,409.370502117088,100
2024-09-17 15:44:14.350000,409.4297054108904,9
2024-09-17 15:44:14.425000,409.3884875835304,96
2024-09-17 15:44:14.486000,409.3640991757119,96
2024-09-17 15:44:14.523000,409.3604652292562,98
2024-09-17 15:44:14.653000,409.3988703224669,1005
2024-09-17 15:44:14.757000,409.4270876150656,7
2024-09-17 15:44:14.857000,409.4059286434001,1003
2024-09-17 15:44:14.872000,409.3635970223045,996
2024-09-17 15:44:14.878000,409.37864281664434,105
2024-09-17 15:44:14.879000,409.3960967709773,1000
2024-09-17 15:44:14.919000,409.3585085587743,1000
2024-09-17 15:44:15.007000,409.3675160200056,1005
2024-09-17 15:44:15.130000,409.3983136534977,104
2024-09-17 15:44:15.152000,409.34998890398816,102
2024-09-17 15:44:15.276000,409.3491424805151,15
2024-09-17 15:44:15.322000,409.3962376616757,996
2024-09-17 15:44:15.388000,409.362570678148,999
2024-09-17 15:44:15.404000,409.4272853176737,997
2024-09-17 15:44:15.489000,409.4151099098928,102
2024-09-17 15:44:15.565000,409.3903936762676,101
2024-09-17 15:44:15.651000,409.4209900514962,100
2024-09-17 15:44:15.664000,409.3815797019976,100
2024-09-17 15:44:15.693000,409.4012677757053,12
2024-09-17 15:44:15.709000,409.3611788133504,15
2024-09-17 15:44:15.732000,409.4128649440277,98
2024-09-17 15:44:15.751000,409.403061737036,9
2024-09-17 15:44:15.790000,409.3509666330647,1001
2024-09-17 15:44:15.818000,409.36799105703614,6
2024-09-17 15:44:15.860000,409.4236718316935,1000
2024-09-17 15:44:15.916000,409.3544804249075,1001
2024-09-17 15:44:15.976000,409.3521654446959,102
2024-09-17 15:44:16.011000,409.3426716714167,1003
2024-09-17 15:44:16.038000,409.3626927986026,998
2024-09-17 15:44:16.069000,409.36232643150817,1002
2024-09-17 15:44:16.093000,409.3770375668647,1002
2024-09-17 15:44:16.149000,409.3656570082497,9
2024-09-17 15:44:16.151000,409.35374516528384,103
2024-09-17 15:44:16.153000,409.3287224269242,997
2024-09-17 15:44:16.177000,409.3519976376383,8
2024-09-17 15:44:16.198000,409.3843225423349,1001
2024-09-17 15:44:16.302000,409.38873656640567,103
2024-09-17 15:44:16.303000,409.3737972459544,12
2024-09-17 15:44:16.357000,409.4083669830736,6
2024-09-17 15:44:16.410000,409.3878448536868,997
2024-09-17 15:44:16.464000,409.3848007651271,11
2024-09-17 15:44:16.486000,409.38254316200266,6
2024-09-17 15:44:16.562000,409.3561309662051,1002
2024-09-17 15:44:16.628000,409.3771515616064,101
2024-09-17 15:44:16.641000,409.3936147111679,1003
2024-09-17 15:44:16.746000,409.384371014542,99
2024-09-17 15:44:16.770000,409.3640861044483,8
2024-09-17 15:44:16.824000,409.37249492437405,999
2024-09-17 15:44:16.936000,409.3915508819789,104
2024-09-17 15:44:16.969000,409.3660944437559,5
2024-09-17 15:44:16.995000,409.3693725420901,97
2024-09-17 15:44:17.177000,409.3858096559686,10
2024-09-17 15:44:17.217000,409.3700013976,996
2024-09-17 15:44:17.229000,409.3552075934069,6
2024-09-17 15:44:17.344000,409.3659822065983,101
2024-09-17 15:44:17.525000,409.3506899275438,98
2024-09-17 15:44:17.956000,409.38749247818106,1000
2024-09-17 15:44:18.118000,409.3559052517156,105
2024-09-17 15:44:18.169000,409.34353412085073,12
2024-09-17 15:44:18.233000,409.3571567614762,7
2024-09-17 15:44:18.315000,409.3524588579959,7
2024-09-17 15:44:18.340000,409.36411806566025,1002
2024-09-17 15:44:18.355000,409.3653824120082,13
2024-09-17 15:44:18.406000,409.3445862883669,11
2024-09-17 15:44:18.432000,409.3465074692063,12
2024-09-17 15:44:18.605000,409.35738545557234,11
2024-09-17 15:44:18.616000,409.35002796761074,10
2024-09-17 15:44:18.671000,409.3370711165962,1001
2024-09-17 15:44:18.690000,409.34255822495055,9
2024-09-17 15:44:18.769000,409.3365520882234,1000
2024-09-17 15:44:18.796000,409.3325006515696,1002
2024-09-17 15:44:18.858000,409.3512017257807,104
2024-09-17 15:44:18.902000,409.3739783980556,13
2024-09-17 15:44:18.940000,409.341460515422,5
2024-09-17 15:44:18.976000,409.3602311862286,103
2024-09-17 15:44:19.450000,409.3363929633416,98
2024-09-17 15:44:19.868000,409.3487620132879,103
2024-09-17 15:44:20.014000,409.4133030595816,996
2024-09-17 15:44:20.029000,409.3415503283764,1005
2024-09-17 15:44:20.243000,409.40942246351193,98
2024-09-17 15:44:20.355000,409.41792094640135,997
2024-09-17 15:44:20.392000,409.4010283850654,5
2024-09-17 15:44:20.487000,409.3826590332593,5
2024-09-17 15:44:20.540000,409.34805527446827,11
2024-09-17 15:44:20.553000,409.4232782510763,996
2024-09-17 15:44:20.591000,409.3939975348722,97
2024-09-17 15:44:20.599000,409.34359549057234,100
2024-09-17 15:44:20.609000,409.3437135814101,1002
2024-09-17 15:44:20.688000,409.3769575760466,997
2024-09-17 15:44:20.700000,409.38824887998936,1002
2024-09-17 15:44:20.704000,409.4189135480552,1002
2024-09-17 15:44:20.738000,409.3906389609144,101
2024-09-17 15:44:20.824000,409.3516065030455,1003
2024-09-17 15:44:20.963000,409.4302574941952,98
2024-09-17 15:44:21.004000,409.36250959524926,997
2024-09-17 15:44:21.126000,409.359708536841,8
2024-09-17 15:44:21.331000,409.3462097419945,102
2024-09-17 15:44:21.377000,409.36640290594977,12
2024-09-17 15:44:21.469000,409.3312089316957,98
2024-09-17 15:44:21.495000,409.3770304645576,15
2024-09-17 15:44:21.497000,409.3534952446749,5
2024-09-17 15:44:21.499000,409.3810747801173,996
2024-09-17 15:44:21.513000,409.3884791316688,104
2024-09-17 15:44:21.542000,409.3661065495508,12
2024-09-17 15:44:21.743000,409.35056701113126,11
2024-09-17 15:44:21.758000,409.35624546137217,996
2024-09-17 15:44:21.775000,409.38861555603984,13
2024-09-17 15:44:21.932000,409.3928040818043,10
2024-09-17 15:44:21.957000,409.3386064874648,6
2024-09-17 15:44:21.997000,409.3705789473845,13
2024-09-17 15:44:22.009000,409.3570121403218,12
2024-09-17 15:44:22.030000,409.3928574394937,14
2024-09-17 15:44:22.149000,409.3792564070285,995
2024-09-17 15:44:22.159000,409.354468304681,9
2024-09-17 15:44:22.332000,409.3646947124648,7
2024-09-17 15:44:22.676000,409.3716231753019,13
2024-09-17 15:44:22.783000,409.3625130979837,5
2024-09-17 15:44:22.968000,409.3830804545565,1004
2024-09-17 15:44:23.010000,409.3642443025731,95
2024-09-17 15:44:23.046000,409.3292824267649,997
2024-09-17 15:44:23.132000,409.3343014146433,105
2024-09-17 15:44:23.176000,409.3392519808983,1001
2024-09-17 15:44:23.208000,409.3427635238179,998
2024-09-17 15:44:23.223000,409.3884420226264,996
2024-09-17 15:44:23.261000,409.3734122889471,1003
2024-09-17 15:44:23.280000,409.3605196338378,13
2024-09-17 15:44:23.308000,409.3428523691346,103
2024-09-17 15:44:23.345000,409.3348379340492,14
2024-09-17 15:44:23.447000,409.3405256635874,7
2024-09-17 15:44:23.485000,409.34226110499947,100
2024-09-17 15:44:23.534000,409.3296137233309,97
2024-09-17 15:44:23.541000,409.3163244268685,12
2024-09-17 15:44:23.638000,409.3323712506595,996
2024-09-17 15:44:23.672000,409.3081205398914,105
2024-09-17 15:44:23.682000,409.32341344026327,1005
2024-09-17 15:44:23.711000,409.3732212683311,1002
2024-09-17 15:44:23.757000,409.3176842019271,998
2024-09-17 15:44:23.997000,409.3347243340105,8
2024-09-17 15:44:24.002000,409.3311536883677,999
2024-09-17 15:44:24.120000,409.3262048260204,995
2024-09-17 15:44:24.124000,409.2685159977692,1004
2024-09-17 15:44:24.138000,409.3004037616596,5
2024-09-17 15:44:24.173000,409.2877224069054,1005
2024-09-17 15:44:24.242000,409.2891737657212,95
2024-09-17 15:44:24.263000,409.3252046538266,104
2024-09-17 15:44:24.278000,409.3372162508285,10
2024-09-17 15:44:24.324000,409.26770186511874,5
2024-09-17 15:44:24.365000,409.2849952873362,105
2024-09-17 15:44:24.436000,409.28526478732726,99
2024-09-17 15:44:24.464000,409.3026845281807,1004
2024-09-17 15:44:24.486000,409.29646568475147,1002
2024-09-17 15:44:24.492000,409.33072494638327,8
2024-09-17 15:44:24.641000,409.3040087970999,9
2024-09-17 15:44:24.648000,409.3041092889201,1000
2024-09-17 15:44:24.686000,409.3176812583058,101
2024-09-17 15:44:24.772000,409.3245303492875,13
2024-09-17 15:44:24.849000,409.3205291657142,100
2024-09-17 15:44:24.891000,409.30520298211735,996
2024-09-17 15:44:24.897000,409.2756126161625,103
2024-09-17 15:44:24.941000,409.2814583122483,12
2024-09-17 15:44:24.966000,409.3212711070021,996
2024-09-17 15:44:25.038000,409.3949239576842,12
2024-09-17 15:44:25.043000,409.2999747526951,997
2024-09-17 15:44:25.077000,409.3097168210213,103
2024-09-17 15:44:25.162000,409.3926261617456,97
2024-09-17 15:44:25.289000,409.28847622222224,103
2024-09-17 15:44:25.324000,409.3565146622017,1004
2024-09-17 15:44:25.332000,409.3788701826141,996
2024-09-17 15:44:25.334000,409.28401451872753,96
2024-09-17 15:44:25.434000,409.372625992529,95
2024-09-17 15:44:25.514000,409.2892516000713,996
2024-09-17 15:44:25.577000,409.3010462667384,105
2024-09-17 15:44:25.739000,409.3822142179027,13
2024-09-17 15:44:25.749000,409.3417074392932,13
2024-09-17 15:44:25.813000,409.29710703697424,1004
2024-09-17 15:44:25.817000,409.2989920181943,996
2024-09-17 15:44:25.857000,409.2999495479465,5
2024-09-17 15:44:25.872000,409.2935381393934,10
2024-09-17 15:44:25.883000,409.2979482857564,996
2024-09-17 15:44:25.898000,409.3062882556361,999
2024-09-17 15:44:25.986000,409.3060519290853,99
2024-09-17 15:44:26.124000,409.4498999744382,11
2024-09-17 15:44:26.124000,409.4455955890679,9
2024-09-17 15:44:26.125000,409.4399086228786,1005
2024-09-17 15:44:26.150000,409.3555892420578,104
2024-09-17 15:44:26.227000,409.4141639638344,7
2024-09-17 15:44:26.286000,409.4041145103228,1004
2024-09-17 15:44:26.316000,409.3823851328865,1005
2024-09-17 15:44:26.336000,409.4398167748668,1004
2024-09-17 15:44:26.371000,409.4275644055911,997
2024-09-17 15:44:26.406000,409.42825935434894,1002
2024-09-17 15:44:26.509000,409.4215200979921,1003
2024-09-17 15:44:26.512000,409.4154547642405,105
2024-09-17 15:44:26.567000,409.45736452621713,998
2024-09-17 15:44:26.636000,409.3865876351536,100
2024-09-17 15:44:26.656000,409.3304518921258,99
2024-09-17 15:44:26.689000,409.42667765800127,8
2024-09-17 15:44:26.778000,409.4516833456496,1005
2024-09-17 15:44:26.811000,409.3993157881718,5
2024-09-17 15:44:26.863000,409.4531820424127,999
2024-09-17 15:44:26.921000,409.4445847660187,998
2024-09-17 15:44:26.950000,409.39056324728574,103
2024-09-17 15:44:27.055000,409.3666906773831,1002
2024-09-17 15:44:27.100000,409.37764330782215,11
2024-09-17 15:44:27.173000,409.3546709841278,6
2024-09-17 15:44:27.262000,409.3985425324635,1004
2024-09-17 15:44:27.273000,409.34585075812487,103
2024-09-17 15:44:27.445000,409.3714674330882,999
2024-09-17 15:44:27.447000,409.355299458562,95
2024-09-17 15:44:27.475000,409.36576472825,100
2024-09-17 15:44:27.486000,409.3891907537427,97
2024-09-17 15:44:27.574000,409.3320225821085,1005
2024-09-17 15:44:27.596000,409.3636077912172,101
2024-09-17 15:44:27.714000,409.3348775262534,999
2024-09-17 15:44:27.731000,409.37495424473167,998
2024-09-17 15:44:27.744000,409.3533190660502,14
2024-09-17 15:44:27.809000,409.3633695224676,10
2024-09-17 15:44:27.967000,409.37046109402655,1000
2024-09-17 15:44:28.083000,409.3148718054388,8
2024-09-17 15:44:28.094000,409.37161261742034,7
2024-09-17 15:44:28.157000,409.3896880889936,100
2024-09-17 15:44:28.160000,409.38555860328296,5
2024-09-17 15:44:28.244000,409.3734933195814,104
2024-09-17 15:44:28.290000,409.325477018304,995
2024-09-17 15:44:28.332000,409.32065195477657,101
2024-09-17 15:44:28.371000,409.38011278794335,1003
2024-09-17 15:44:28.431000,409.3433114625963,996
2024-09-17 15:44:28.481000,409.3430454007967,8
2024-09-17 15:44:28.482000,409.3517542729276,995
2024-09-17 15:44:28.550000,409.3569147898004,1002
2024-09-17 15:44:28.583000,409.33347314193554,9
2024-09-17 15:44:28.620000,409.3538921514072,995
2024-09-17 15:44:28.637000,409.3471160676156,99
2024-09-17 15:44:28.723000,409.3103846363176,12
2024-09-17 15:44:28.746000,409.3271926910214,15
2024-09-17 15:44:28.766000,409.3823593199649,1003
2024-09-17 15:44:28.796000,409.3022712342717,997
2024-09-17 15:44:28.823000,409.3143027455467,5
2024-09-17 15:44:28.834000,409.3708477672101,999
2024-09-17 15:44:28.874000,409.3774610330984,101
2024-09-17 15:44:30.001000,409.3585287717235,11
2024-09-17 15:44:30.012000,409.3261386661721,1003
2024-09-17 15:44:30.096000,409.3818089403861,101
2024-09-17 15:44:30.164000,409.3651260570381,997
2024-09-17 15:44:30.165000,409.4066010144901,1004
2024-09-17 15:44:30.170000,409.3216932410223,5
2024-09-17 15:44:30.206000,409.32514617031575,101
2024-09-17 15:44:30.212000,409.3379865480724,1001
2024-09-17 15:44:30.245000,409.3936870152917,100
2024-09-17 15:44:30.265000,409.32988971360993,996
2024-09-17 15:44:30.289000,409.3577400082472,997
2024-09-17 15:44:30.332000,409.3302787962156,10
2024-09-17 15:44:30.339000,409.3368682536748,6
2024-09-17 15:44:30.347000,409.3486779989582,995
2024-09-17 15:44:30.375000,409.3583226580991,1000
2024-09-17 15:44:30.396000,409.29733596890185,12
2024-09-17 15:44:30.416000,416.4927856404002,14
2024-09-17 15:44:30.434000,409.3382542728964,5
2024-09-17 15:44:30.485000,409.3530164512174,104
2024-09-17 15:44:30.526000,409.3797340697403,100
2024-09-17 15:44:30.555000,409.3738765163651,1004
2024-09-17 15:44:30.575000,409.3838429247434,997
2024-09-17 15:44:30.682000,409.3305618573052,1003
2024-09-17 15:44:30.699000,409.345735347047,103
2024-09-17 15:44:30.726000,409.3264275922216,96
2024-09-17 15:44:30.756000,409.34052418422857,98
2024-09-17 15:44:30.784000,409.3704933963211,999
2024-09-17 15:44:30.822000,416.4700926197032,96
2024-09-17 15:44:30.893000,409.3714981014838,997
2024-09-17 15:44:30.907000,409.3564651415833,1001
2024-09-17 15:44:30.974000,409.33796937470703,1005
2024-09-17 15:44:30.975000,409.3570556054465,15
2024-09-17 15:44:31.257000,416.5549633043309,8
2024-09-17 15:44:31.611000,409.3622175240711,5
2024-09-17 15:44:31.613000,409.38308695247673,104
2024-09-17 15:44:31.969000,409.3804001476067,7
2024-09-17 15:44:32.007000,409.3753665300152,996
2024-09-17 15:44:32.051000,409.3762048218226,1000
2024-09-17 15:44:32.064000,409.4012919840556,95
2024-09-17 15:44:32.150000,409.4015052904379,999
2024-09-17 15:44:32.177000,409.4123953465832,1004
2024-09-17 15:44:32.207000,409.3891176318133,100
2024-09-17 15:44:32.225000,409.40803032059097,99
2024-09-17 15:44:32.249000,409.3885136260047,11
2024-09-17 15:44:32.423000,409.3903336951944,1004
2024-09-17 15:44:32.525000,409.4105130837274,15
2024-09-17 15:44:32.619000,409.39883980312175,15
2024-09-17 15:44:32.674000,409.3892429319908,6
2024-09-17 15:44:32.717000,409.3996080446273,1005
2024-09-17 15:44:32.770000,409.39590321545785,1005
2024-09-17 15:44:32.770000,409.3823830619993,11
2024-09-17 15:44:32.794000,409.3917229254995,11
2024-09-17 15:44:32.801000,409.40192211407145,10
2024-09-17 15:44:32.842000,409.40035985710495,6
2024-09-17 15:44:32.873000,409.41950021855496,99
2024-09-17 15:44:32.876000,409.3893819304809,7
2024-09-17 15:44:32.939000,409.3835500669956,12
2024-09-17 15:44:32.975000,409.4009005033226,999
2024-09-17 15:44:33.001000,409.4336282705719,995
2024-09-17 15:44:33.140000,409.4174488125394,97
2024-09-17 15:44:33.141000,409.3571512662738,100
2024-09-17 15:44:33.151000,409.4034227776255,97
2024-09-17 15:44:33.155000,409.3764036659887,103
2024-09-17 15:44:33.157000,409.40672814958447,995
2024-09-17 15:44:33.260000,409.35074615029873,99
2024-09-17 15:44:33.263000,409.3755060355368,6
2024-09-17 15:44:33.274000,409.4145158211029,1002
2024-09-17 15:44:33.368000,409.40806894608255,996
2024-09-17 15:44:33.419000,409.41008240340426,995
2024-09-17 15:44:33.442000,409.4101761436789,999
2024-09-17 15:44:33.498000,409.39029286810137,102
2024-09-17 15:44:33.584000,409.4241583181499,11
2024-09-17 15:44:33.602000,409.34522362041554,15
2024-09-17 15:44:33.615000,409.3347054366715,99
2024-09-17 15:44:33.642000,409.42767752330224,14
2024-09-17 15:44:33.707000,409.32973162492215,95
2024-09-17 15:44:33.763000,409.424267509624,999
2024-09-17 15:44:33.781000,409.3136875476839,95
2024-09-17 15:44:33.783000,409.4197421168658,99
2024-09-17 15:44:33.804000,409.39998938153184,998
2024-09-17 15:44:33.869000,409.3966909943696,11
2024-09-17 15:44:33.878000,409.4092321944141,1005
2024-09-17 15:44:33.950000,409.3281421179085,1005
2024-09-17 15:44:34.048000,409.3055977995836,98
2024-09-17 15:44:34.070000,409.3299733255775,1004
2024-09-17 15:44:34.116000,409.3446168596376,1002
2024-09-17 15:44:34.171000,409.3136040587953,101
2024-09-17 15:44:34.181000,409.3213712437195,97
2024-09-17 15:44:34.365000,409.2957400619221,101
2024-09-17 15:44:34.454000,409.302658413969,6
2024-09-17 15:44:34.486000,409.3232669079591,11
2024-09-17 15:44:34.651000,409.30495504485935,11
2024-09-17 15:44:34.810000,409.31496291502816,10
2024-09-17 15:44:34.829000,409.31841017117273,1001
2024-09-17 15:44:34.849000,409.3350197836106,13
2024-09-17 15:44:34.889000,409.3268827448605,104
2024-09-17 15:44:34.953000,409.3027753978176,1001
2024-09-17 15:44:35.103000,409.321358163352,997
2024-09-17 15:44:35.300000,409.338229640923,1002
2024-09-17 15:44:35.399000,409.3071952281277,101
2024-09-17 15:44:35.423000,409.31577586062656,11
2024-09-17 15:44:35.430000,409.31554462736494,15
2024-09-17 15:44:35.445000,409.3543774363007,98
2024-09-17 15:44:35.477000,409.328933315163,101
2024-09-17 15:44:35.506000,409.2992532176688,10
2024-09-17 15:44:35.557000,409.31435626390737,104
2024-09-17 15:44:35.636000,409.3386537047728,1003
2024-09-17 15:44:35.820000,409.31744125979554,98
2024-09-17 15:44:36.014000,409.3260132162249,1002
2024-09-17 15:44:36.040000,409.3461867534426,103
2024-09-17 15:44:36.061000,409.3342847330775,5
2024-09-17 15:44:36.061000,409.2915014969815,102
2024-09-17 15:44:36.203000,409.31486581735913,105
2024-09-17 15:44:36.257000,409.3293245125873,11
2024-09-17 15:44:36.366000,409.3027679771397,103
2024-09-17 15:44:36.421000,409.3368271916454,95
2024-09-17 15:44:36.445000,409.3283210811576,998
2024-09-17 15:44:36.540000,409.28348308214834,1002
2024-09-17 15:44:36.576000,409.3308183323591,997
2024-09-17 15:44:36.603000,409.3296524995648,11
2024-09-17 15:44:36.670000,409.32867015753607,1003
2024-09-17 15:44:36.674000,409.3491770627956,995
2024-09-17 15:44:36.682000,409.3321652643836,1001
2024-09-17 15:44:36.712000,409.32741015896113,6
2024-09-17 15:44:36.729000,409.28480359445103,97
2024-09-17 15:44:36.744000,409.3342540228063,5
2024-09-17 15:44:36.761000,409.3214344780416,103
2024-09-17 15:44:36.785000,409.3318724475759,95
2024-09-17 15:44:36.796000,409.3172735091352,1003
2024-09-17 15:44:36.809000,409.334349948679,1002
2024-09-17 15:44:36.923000,409.2825257453549,1002
2024-09-17 15:44:36.942000,409.31706932843935,1003
2024-09-17 15:44:37.016000,409.3086955307284,102
2024-09-17 15:44:37.025000,409.40081552935095,1003
2024-09-17 15:44:37.038000,409.38203715247073,95
2024-09-17 15:44:37.052000,409.3622348093846,98
2024-09-17 15:44:37.095000,409.3704652856109,100
2024-09-17 15:44:37.260000,409.3642296412476,14
2024-09-17 15:44:37.376000,409.3798192756091,997
2024-09-17 15:44:37.643000,409.2938376874588,97
2024-09-17 15:44:37.782000,409.35143703077495,101
2024-09-17 15:44:37.800000,409.3569176633088,97
2024-09-17 15:44:37.882000,409.3495957031448,100
2024-09-17 15:44:37.886000,409.2886857102088,1001
2024-09-17 15:44:37.900000,409.3470223773676,96
2024-09-17 15:44:37.940000,409.3661770517364,97
2024-09-17 15:44:37.956000,409.3277916768307,995
2024-09-17 15:44:38.118000,409.311072189736,997
2024-09-17 15:44:38.125000,409.3373511035328,1000
2024-09-17 15:44:38.137000,409.32105050216177,97
2024-09-17 15:44:38.144000,409.3235530253446,8
2024-09-17 15:44:38.256000,409.3126730659357,8
2024-09-17 15:44:38.430000,409.3554510594288,11
2024-09-17 15:44:38.498000,409.3331010767446,5
2024-09-17 15:44:38.618000,409.3264520651149,98
2024-09-17 15:44:38.719000,409.3402932690034,999
2024-09-17 15:44:38.731000,409.330383524912,996
2024-09-17 15:44:38.892000,409.3223678652645,1002
2024-09-17 15:44:39.025000,409.40479462921394,15
2024-09-17 15:44:39.064000,409.34121893772505,96
2024-09-17 15:44:39.185000,409.3933145983096,997
2024-09-17 15:44:39.302000,409.3667613298475,98
2024-09-17 15:44:39.318000,409.3578971564157,1001
2024-09-17 15:44:39.440000,409.40736972470967,105
2024-09-17 15:44:39.513000,409.3834741405461,11
2024-09-17 15:44:39.682000,409.3869577051897,15
2024-09-17 15:44:39.791000,409.367336205961,1000
2024-09-17 15:44:39.806000,409.3714207353554,1004
2024-09-17 15:44:39.817000,409.40359877520007,95
2024-09-17 15:44:39.838000,409.40133253055865,995
2024-09-17 15:44:39.928000,409.3836673961959,14
2024-09-17 15:44:39.937000,409.3522001421529,1000
2024-09-17 15:44:39.989000,409.4019309876183,14
2024-09-17 15:44:40.053000,409.3648834867265,15
2024-09-17 15:44:40.095000,409.3627527223767,98
2024-09-17 15:44:40.134000,409.3658786437587,103
2024-09-17 15:44:40.220000,409.4112516789092,6
2024-09-17 15:44:40.250000,409.4093433135751,13
2024-09-17 15:44:40.315000,409.353907697176,996
2024-09-17 15:44:40.334000,409.4163323341167,8
2024-09-17 15:44:40.369000,409.3921609385157,101
2024-09-17 15:44:40.403000,409.349411646376,15
2024-09-17 15:44:40.447000,409.3896807782262,1005
2024-09-17 15:44:40.459000,409.3583915261766,15
2024-09-17 15:44:40.476000,409.41325019011714,101
2024-09-17 15:44:40.519000,409.4190457737348,1003
2024-09-17 15:44:40.544000,409.42033627412303,12
2024-09-17 15:44:40.559000,409.3809069364543,999
2024-09-17 15:44:40.567000,409.3546684049038,6
2024-09-17 15:44:40.597000,409.3968720108873,997
2024-09-17 15:44:40.618000,409.3495554439784,9
2024-09-17 15:44:40.709000,409.4211524107748,101
2024-09-17 15:44:40.777000,409.3945402793189,13
2024-09-17 15:44:40.818000,409.3672501421617,995
2024-09-17 15:44:40.841000,409.4054522805421,5
2024-09-17 15:44:40.851000,409.4077913750765,998
2024-09-17 15:44:40.914000,409.35672285048776,9
2024-09-17 15:44:40.921000,409.3622642093314,15
2024-09-17 15:44:40.928000,409.4007611113258,1001
2024-09-17 15:44:40.946000,409.3883712559619,9
2024-09-17 15:44:40.958000,409.3659837077495,997
2024-09-17 15:44:41.149000,409.41506050105465,7
2024-09-17 15:44:41.263000,409.4366231433368,13
2024-09-17 15:44:41.356000,409.4400043879128,8
2024-09-17 15:44:41.357000,409.4291905417605,98
2024-09-17 15:44:41.416000,409.4341314666668,13
2024-09-17 15:44:41.477000,409.4326243622332,999
2024-09-17 15:44:41.487000,409.4070369554106,101
2024-09-17 15:44:41.493000,409.4248889759781,95
2024-09-17 15:44:41.673000,409.44529668775147,15
2024-09-17 15:44:41.753000,409.4358061878791,101
2024-09-17 15:44:41.841000,409.4393525228624,11
2024-09-17 15:44:41.982000,409.4315286662237,1002
2024-09-17 15:44:42.153000,409.4088133585601,10
2024-09-17 15:44:42.154000,409.415744480177,996
2024-09-17 15:44:42.155000,409.40424206208087,15
2024-09-17 15:44:42.190000,409.4030880451464,95
2024-09-17 15:44:42.251000,409.4257679499566,104
2024-09-17 15:44:42.369000,409.40064561255247,103
2024-09-17 15:44:42.538000,409.4144818351862,9
2024-09-17 15:44:42.742000,409.4135593559061,997
2024-09-17 15:44:42.930000,409.40909816940274,998
2024-09-17 15:44:42.932000,409.38165336569074,6
2024-09-17 15:44:43.210000,409.4365771534506,101
2024-09-17 15:44:43.237000,409.4077313743353,997
2024-09-17 15:44:43.267000,409.37634137484406,7
2024-09-17 15:44:43.306000,409.3903311085687,100
2024-09-17 15:44:43.330000,409.416619856485,12
2024-09-17 15:44:43.338000,409.4270055141288,97
2024-09-17 15:44:43.459000,409.3855227671379,99
2024-09-17 15:44:43.537000,409.3949622270068,1005
2024-09-17 15:44:43.555000,409.45200510092457,1004
2024-09-17 15:44:43.585000,409.4285966013752,1005
2024-09-17 15:44:43.589000,409.4111788968219,1002
2024-09-17 15:44:43.722000,409.41250748024095,99
2024-09-17 15:44:43.828000,409.4198252700306,99
2024-09-17 15:44:44.086000,409.4496031806694,998
2024-09-17 15:44:44.117000,409.46156802355097,13
2024-09-17 15:44:44.123000,409.4926240474885,13
2024-09-17 15:44:44.149000,409.4895321758231,1003
2024-09-17 15:44:44.151000,409.45214471022416,13
2024-09-17 15:44:44.201000,409.4738517446657,999
2024-09-17 15:44:44.202000,409.46966426462615,10
2024-09-17 15:44:44.316000,409.4703706165504,96
2024-09-17 15:44:44.358000,409.4716173187866,102
2024-09-17 15:44:44.408000,409.4490776417399,95
2024-09-17 15:44:44.453000,409.4632309199295,999
2024-09-17 15:44:44.470000,409.4527119900642,1005
2024-09-17 15:44:44.559000,409.4840652324215,1005
2024-09-17 15:44:44.562000,409.4538665254851,998
2024-09-17 15:44:44.618000,409.4560671536464,998
2024-09-17 15:44:44.650000,409.4438157533135,105
2024-09-17 15:44:44.668000,409.4716265058476,11
2024-09-17 15:44:44.677000,409.4780247304487,999
2024-09-17 15:44:44.716000,409.48015403914405,995
2024-09-17 15:44:44.749000,409.46038604457874,998
2024-09-17 15:44:44.781000,409.4565461598673,9
2024-09-17 15:44:44.789000,409.4875943925459,104
2024-09-17 15:44:44.866000,409.4704775476555,8
2024-09-17 15:44:44.923000,409.47974486900745,996
2024-09-17 15:44:44.944000,409.48803749614615,100
2024-09-17 15:44:44.997000,409.4609326062629,105
2024-09-17 15:44:45.028000,409.4347363546662,100
2024-09-17 15:44:45.194000,409.4436599879472,99
2024-09-17 15:44:45.280000,409.44810309903073,10
2024-09-17 15:44:45.285000,409.4581562283913,1001
2024-09-17 15:44:45.290000,409.4428277058671,1004
2024-09-17 15:44:45.346000,409.4501544587491,1001
2024-09-17 15:44:45.373000,409.4464483969945,999
2024-09-17 15:44:45.389000,409.4410808547245,996
2024-09-17 15:44:45.583000,409.44788796198,96
2024-09-17 15:44:45.647000,409.4584134265297,13
2024-09-17 15:44:45.671000,409.4747242295825,1005
2024-09-17 15:44:45.757000,409.46228903522433,1004
2024-09-17 15:44:45.876000,409.44861972986826,1001
2024-09-17 15:44:45.936000,409.4591375927332,6
2024-09-17 15:44:45.970000,409.4652790683364,1000
2024-09-17 15:44:46.294000,409.4499707245754,1002
2024-09-17 15:44:46.341000,409.437562435162,95
2024-09-17 15:44:46.589000,409.4660354558049,1000
2024-09-17 15:44:46.859000,409.4627982614713,13
2024-09-17 15:44:46.897000,409.45571927409,10
2024-09-17 15:44:47.007000,409.38600587306655,98
2024-09-17 15:44:47.030000,409.40115394608966,995
2024-09-17 15:44:47.074000,409.3989468438839,103
2024-09-17 15:44:47.149000,409.3730690842298,1002
2024-09-17 15:44:47.162000,409.4201012044249,996
2024-09-17 15:44:47.195000,409.4259808307825,14
2024-09-17 15:44:47.230000,409.35977362249525,7
2024-09-17 15:44:47.406000,409.4223993879029,95
2024-09-17 15:44:47.469000,409.402286682626,9
2024-09-17 15:44:47.498000,409.393451236458,997
2024-09-17 15:44:47.525000,409.4059102617092,11
2024-09-17 15:44:47.533000,409.42595567707184,8
2024-09-17 15:44:47.537000,409.4068199780235,99
2024-09-17 15:44:47.550000,409.42150485721015,1000
2024-09-17 15:44:47.575000,409.3876521849431,998
2024-09-17 15:44:47.577000,409.413337070717,9
2024-09-17 15:44:47.594000,409.4207348512366,7
2024-09-17 15:44:47.611000,409.4260538567164,13
2024-09-17 15:44:47.651000,409.4180351755762,15
2024-09-17 15:44:47.744000,409.4099981325091,1004
2024-09-17 15:44:47.788000,409.36307870305546,1005
2024-09-17 15:44:47.792000,409.4005256688757,12
2024-09-17 15:44:47.818000,409.4386186608063,5
2024-09-17 15:44:47.836000,409.4187832866567,12
2024-09-17 15:44:47.951000,409.4252930481155,105
2024-09-17 15:44:48.005000,409.37875341357744,10
2024-09-17 15:44:48.036000,409.3979322439012,102
2024-09-17 15:44:48.095000,409.4189835520722,998
2024-09-17 15:44:48.097000,409.3851208193473,102
2024-09-17 15:44:48.175000,409.4182118972477,1002
2024-09-17 15:44:48.210000,409.3574201607949,13
2024-09-17 15:44:48.239000,409.36637134067934,14
2024-09-17 15:44:48.313000,409.3598466985776,100
2024-09-17 15:44:48.339000,409.38557556699305,996
2024-09-17 15:44:48.344000,409.34819005064,96
2024-09-17 15:44:48.379000,409.38564916305,104
2024-09-17 15:44:48.505000,409.4079495665252,104
2024-09-17 15:44:48.544000,409.4199974853935,103
2024-09-17 15:44:48.562000,409.4045258955821,1003
2024-09-17 15:44:48.689000,409.435935692241,995
2024-09-17 15:44:48.694000,409.3836082117127,11
2024-09-17 15:44:48.725000,409.40633127405823,100
2024-09-17 15:44:48.737000,409.426024356897,97
2024-09-17 15:44:48.769000,409.4162061595967,9
2024-09-17 15:44:48.899000,409.3540801605709,1005
2024-09-17 15:44:48.916000,409.3556690327628,995
2024-09-17 15:44:48.936000,409.3688782196382,1002
2024-09-17 15:44:48.976000,409.3689037189493,995
2024-09-17 15:44:48.981000,409.408716539788,1002
2024-09-17 15:44:48.991000,409.4097971210412,7
2024-09-17 15:44:49.224000,409.40295501164303,997
2024-09-17 15:44:49.297000,409.43682792666914,98
2024-09-17 15:44:49.438000,409.4271945148912,100
2024-09-17 15:44:49.458000,409.3908618221128,95
2024-09-17 15:44:49.466000,409.4042468999284,12
2024-09-17 15:44:49.486000,409.4265598814354,5
2024-09-17 15:44:49.637000,409.4297675912727,96
2024-09-17 15:44:49.736000,409.38600905795874,14
2024-09-17 15:44:49.906000,409.4263671429088,5
2024-09-17 15:44:49.928000,409.3993220706429,14
2024-09-17 15:44:50.148000,409.3675663294883,95
2024-09-17 15:44:50.205000,409.35881657666704,1000
2024-09-17 15:44:50.208000,409.3649695064582,1000
2024-09-17 15:44:50.231000,409.3608218433,9
2024-09-17 15:44:50.380000,409.3647557623196,104
2024-09-17 15:44:50.532000,409.43195454725577,100
2024-09-17 15:44:50.576000,409.38936336001086,98
2024-09-17 15:44:50.711000,409.4074181292909,999
2024-09-17 15:44:50.730000,409.3500410191376,103
2024-09-17 15:44:50.800000,409.3574055455177,1003
2024-09-17 15:44:50.863000,409.4094862943509,104
2024-09-17 15:44:50.898000,409.3510292634299,999
2024-09-17 15:44:50.955000,409.383620203629,10
2024-09-17 15:44:51.036000,409.3518273541102,1000
2024-09-17 15:44:51.368000,409.3599566194383,1003
2024-09-17 15:44:51.682000,409.3326404084084,105
2024-09-17 15:44:51.808000,409.3561360974906,14
2024-09-17 15:44:52.470000,409.3178678495475,1003
2024-09-17 15:44:53.032000,409.3689123427857,95
2024-09-17 15:44:53.144000,409.3247115477443,98
2024-09-17 15:44:53.167000,409.3390203271301,100
2024-09-17 15:44:53.176000,409.3885671305367,996
2024-09-17 15:44:53.186000,409.3873852385156,98
2024-09-17 15:44:53.190000,409.3862695918716,1002
2024-09-17 15:44:53.207000,409.3635224058785,13
2024-09-17 15:44:53.289000,409.3806406992493,13
2024-09-17 15:44:53.306000,409.3677910935308,100
2024-09-17 15:44:53.307000,409.385113425672,12
2024-09-17 15:44:53.332000,409.332099942385,15
2024-09-17 15:44:53.340000,409.392280118569,105
2024-09-17 15:44:53.428000,409.3597633103396,101
2024-09-17 15:44:53.429000,409.3503241077364,104
2024-09-17 15:44:53.579000,409.35142391626135,98
2024-09-17 15:44:53.648000,409.39518005887646,10
2024-09-17 15:44:53.681000,409.3907932454553,14
2024-09-17 15:44:53.697000,409.3517768805888,996
2024-09-17 15:44:53.724000,409.3841254617561,5
2024-09-17 15:44:53.754000,409.36965166182233,1004
2024-09-17 15:44:53.825000,409.3313264627644,1005
2024-09-17 15:44:53.850000,409.3921682347223,998
2024-09-17 15:44:53.978000,409.3805096630892,13
2024-09-17 15:44:54.646000,409.3366976560743,99
2024-09-17 15:44:56.068000,409.3247937774868,1000
2024-09-17 15:44:56.085000,409.317306975824,101
2024-09-17 15:44:56.369000,409.32281636144734,10
2024-09-17 15:44:56.370000,409.3162450732808,7
2024-09-17 15:44:56.408000,409.3328688738771,13
2024-09-17 15:44:56.443000,409.3299080128642,996
2024-09-17 15:44:56.496000,409.3179596847646,1003
2024-09-17 15:44:56.504000,416.5170677825357,1002
2024-09-17 15:44:56.535000,416.46560411188005,995
2024-09-17 15:44:56.579000,409.32282574468815,996
2024-09-17 15:44:56.794000,409.31955200102135,10
2024-09-17 15:44:56.795000,409.323472766302,7
2024-09-17 15:44:56.910000,409.3183940124647,10
2024-09-17 15:44:56.964000,409.318617574364,1000
2024-09-17 15:44:56.980000,409.3275174874214,9
2024-09-17 15:44:56.990000,409.3235774873044,99
2024-09-17 15:44:57.221000,409.313811757677,9
2024-09-17 15:44:58.110000,409.2920681813106,104
2024-09-17 15:44:58.171000,409.350107450504,13
2024-09-17 15:44:58.208000,409.2230486045535,15
2024-09-17 15:44:58.214000,409.2722214020832,14
2024-09-17 15:44:58.229000,409.26919964391726,13
2024-09-17 15:44:58.245000,409.3296797856383,1004
2024-09-17 15:44:58.375000,409.2511165677542,1000
2024-09-17 15:44:58.379000,409.3249786793924,99
2024-09-17 15:44:58.388000,409.2545754680548,104
2024-09-17 15:44:58.463000,409.3108683092622,97
2024-09-17 15:44:58.506000,409.32150607231375,13
2024-09-17 15:44:58.523000,409.2841670294716,103
2024-09-17 15:44:58.570000,409.24840067177263,14
2024-09-17 15:44:58.625000,409.2710696314807,1005
2024-09-17 15:44:58.628000,409.3424120013433,996
2024-09-17 15:44:58.642000,409.27028449484646,99
2024-09-17 15:44:58.676000,409.31148285826936,96
2024-09-17 15:44:58.695000,409.2789756467975,10
2024-09-17 15:44:58.747000,409.3001735961138,99
2024-09-17 15:44:58.754000,409.344984194717,10
2024-09-17 15:44:58.826000,409.2415810180445,98
2024-09-17 15:44:58.843000,409.2792245998679,100
2024-09-17 15:44:58.853000,409.34816083591227,1004
2024-09-17 15:44:58.900000,409.2833495439806,9
2024-09-17 15:44:58.910000,409.3408810157901,1005
2024-09-17 15:44:58.927000,409.2773150944497,1000
2024-09-17 15:44:58.940000,409.2768037026392,96
2024-09-17 15:44:59.023000,409.3322861800912,13
2024-09-17 15:44:59.038000,409.292328143089,10
2024-09-17 15:44:59.068000,409.3111163592065,104
2024-09-17 15:44:59.097000,409.3137978411036,11
2024-09-17 15:44:59.165000,409.3633108039233,1001
2024-09-17 15:44:59.181000,409.32805111064704,999
2024-09-17 15:44:59.188000,409.3224036719196,1000
2024-09-17 15:44:59.229000,409.3122000997984,998
2024-09-17 15:44:59.263000,409.3232095956612,15
2024-09-17 15:44:59.282000,409.32711162693806,1004
2024-09-17 15:44:59.314000,409.3118454413184,998
2024-09-17 15:44:59.337000,409.3180774841644,997
2024-09-17 15:44:59.365000,409.3178628528997,98
2024-09-17 15:44:59.396000,409.3064233838156,11
2024-09-17 15:44:59.400000,409.293584035242,101
2024-09-17 15:44:59.445000,409.3556331172314,9
2024-09-17 15:44:59.466000,409.3212220979376,15
2024-09-17 15:44:59.512000,409.3160995591845,96
2024-09-17 15:44:59.537000,409.3547184405274,100
2024-09-17 15:44:59.611000,409.3217590581451,105
2024-09-17 15:44:59.654000,409.3086327656085,7
2024-09-17 15:44:59.710000,409.3013860611229,997
2024-09-17 15:44:59.797000,409.33164453882347,105
2024-09-17 15:44:59.827000,409.3253250221135,105
2024-09-17 15:44:59.850000,409.32841807103387,102
2024-09-17 15:44:59.907000,409.313207283096,103
2024-09-17 15:44:59.963000,409.336877354723,1000
