Timestamp,Price,Size
2024-09-19 15:09:00.301000,420.4283385984191,99
2024-09-19 15:09:00.327000,420.4463681475973,15
2024-09-19 15:09:00.515000,420.45603227479353,1004
2024-09-19 15:09:00.544000,420.47719916512654,10
2024-09-19 15:09:00.623000,420.4826948955685,96
2024-09-19 15:09:00.736000,420.4869262694792,995
2024-09-19 15:09:00.760000,420.43378811193656,8
2024-09-19 15:09:00.899000,420.49366052504746,8
2024-09-19 15:09:01.030000,420.427826240948,95
2024-09-19 15:09:01.071000,420.4505787532573,1003
2024-09-19 15:09:01.298000,420.4807128622032,996
2024-09-19 15:09:01.311000,420.4472289200429,997
2024-09-19 15:09:01.338000,420.4417163288503,104
2024-09-19 15:09:01.633000,420.4692023397253,95
2024-09-19 15:09:01.663000,420.4358600968889,1003
2024-09-19 15:09:01.694000,420.4512686841972,8
2024-09-19 15:09:01.879000,420.4707634625642,8
2024-09-19 15:09:01.927000,420.4866865965076,6
2024-09-19 15:09:02.222000,420.44433877358586,99
2024-09-19 15:09:02.256000,420.4467204451784,997
2024-09-19 15:09:02.317000,420.4717114770994,102
2024-09-19 15:09:02.405000,420.4653951508124,103
2024-09-19 15:09:02.493000,420.4688063668925,1000
2024-09-19 15:09:02.593000,420.43596763702345,14
2024-09-19 15:09:02.641000,420.5130276921236,998
2024-09-19 15:09:02.814000,420.46247943545006,1001
2024-09-19 15:09:02.824000,420.5002174976135,104
2024-09-19 15:09:02.862000,420.47040747419214,105
2024-09-19 15:09:02.913000,420.4723627532533,7
2024-09-19 15:09:02.990000,420.5216492648989,1001
2024-09-19 15:09:03.050000,420.49244037514006,1000
2024-09-19 15:09:03.086000,420.5008149799026,997
2024-09-19 15:09:03.108000,420.4793418570227,1003
2024-09-19 15:09:03.224000,420.5017037476261,1003
2024-09-19 15:09:03.263000,420.492669338458,100
2024-09-19 15:09:03.398000,420.490188574396,98
2024-09-19 15:09:03.601000,420.4908573481258,13
2024-09-19 15:09:03.619000,420.4999693250533,103
2024-09-19 15:09:03.708000,420.501403241432,998
2024-09-19 15:09:03.817000,420.49960825203794,1001
2024-09-19 15:09:03.844000,420.5079116560019,95
2024-09-19 15:09:03.861000,420.4956510334741,1004
2024-09-19 15:09:03.964000,420.4823485911222,1002
2024-09-19 15:09:03.986000,420.49852858660006,1005
2024-09-19 15:09:04.027000,420.4600822554384,1000
2024-09-19 15:09:04.045000,420.4447635450623,5
2024-09-19 15:09:04.059000,420.4993712004924,104
2024-09-19 15:09:04.169000,420.4650106908879,1001
2024-09-19 15:09:04.177000,420.4324592523576,5
2024-09-19 15:09:04.246000,420.4390233206639,104
2024-09-19 15:09:04.249000,420.476165289403,1003
2024-09-19 15:09:04.297000,420.5056797446557,1004
2024-09-19 15:09:04.423000,420.4677074954882,97
2024-09-19 15:09:04.493000,420.50299580726505,995
2024-09-19 15:09:04.527000,420.4939933156252,6
2024-09-19 15:09:04.639000,420.5039677912034,100
2024-09-19 15:09:04.748000,420.45003469413393,103
2024-09-19 15:09:04.750000,420.4383672281353,1004
2024-09-19 15:09:04.834000,420.4745300977384,1002
2024-09-19 15:09:04.899000,420.4879938834381,12
2024-09-19 15:09:06.296000,420.43636620263294,96
2024-09-19 15:09:06.485000,420.45096185783416,5
2024-09-19 15:09:07.120000,420.34249045457,1003
2024-09-19 15:09:07.122000,420.373043988051,1002
2024-09-19 15:09:07.125000,420.3727159499073,999
2024-09-19 15:09:07.149000,420.3572771180343,13
2024-09-19 15:09:07.158000,420.3523197353077,8
2024-09-19 15:09:07.172000,420.34278607624736,10
2024-09-19 15:09:07.270000,420.3913926712824,1000
2024-09-19 15:09:07.290000,420.3637091056417,99
2024-09-19 15:09:07.312000,420.3560422499317,96
2024-09-19 15:09:07.396000,420.40880433362287,105
2024-09-19 15:09:07.450000,420.362751823372,12
2024-09-19 15:09:07.482000,420.42903652394966,1002
2024-09-19 15:09:07.494000,420.4302526026486,100
2024-09-19 15:09:07.606000,420.3780168412297,1003
2024-09-19 15:09:07.686000,420.4032450123277,98
2024-09-19 15:09:07.766000,420.3803969956728,8
2024-09-19 15:09:07.810000,420.35419158049433,99
2024-09-19 15:09:07.836000,420.3512183026205,997
2024-09-19 15:09:07.846000,420.4117604261534,1001
2024-09-19 15:09:07.883000,420.4410278048532,1005
2024-09-19 15:09:07.923000,420.4113560202608,998
2024-09-19 15:09:07.930000,420.3752974014225,105
2024-09-19 15:09:08.357000,420.367673795089,96
2024-09-19 15:09:08.618000,420.3593181195979,7
2024-09-19 15:09:09.068000,420.3843186307669,1003
2024-09-19 15:09:09.102000,420.3704183469157,8
2024-09-19 15:09:09.296000,418.5982212312209,104
2024-09-19 15:09:10.774000,420.3513313954908,7
2024-09-19 15:09:10.828000,420.3470182244504,995
2024-09-19 15:09:11.023000,420.3479236690489,998
2024-09-19 15:09:11.195000,420.2852313271805,5
2024-09-19 15:09:11.232000,420.28869290365606,11
2024-09-19 15:09:11.270000,420.37068479762274,15
2024-09-19 15:09:11.280000,420.2944374598722,14
2024-09-19 15:09:11.355000,420.2901401471698,12
2024-09-19 15:09:11.446000,420.2794687315495,100
2024-09-19 15:09:11.447000,420.2749880312773,10
2024-09-19 15:09:11.455000,420.3544356966749,96
2024-09-19 15:09:11.515000,420.34700711841424,101
2024-09-19 15:09:11.521000,420.33487169162674,105
2024-09-19 15:09:11.529000,420.2634183038306,97
2024-09-19 15:09:11.538000,420.2976817092501,995
2024-09-19 15:09:11.608000,420.31630208350975,98
2024-09-19 15:09:11.634000,420.26599905648345,101
2024-09-19 15:09:11.643000,420.3288687629693,13
2024-09-19 15:09:11.894000,420.3482133852446,1005
2024-09-19 15:09:11.895000,420.2824940840282,101
2024-09-19 15:09:11.946000,420.3084077497344,13
2024-09-19 15:09:11.974000,420.346584825996,1000
2024-09-19 15:09:11.993000,420.3041643255187,6
2024-09-19 15:09:11.996000,420.2842718629336,10
2024-09-19 15:09:12.040000,420.275629233689,9
2024-09-19 15:09:12.090000,420.29081557956687,6
2024-09-19 15:09:12.090000,420.2708149718269,102
2024-09-19 15:09:12.105000,420.2589693442231,101
2024-09-19 15:09:12.151000,420.2619450313829,1000
2024-09-19 15:09:12.172000,420.285651527608,15
2024-09-19 15:09:12.237000,420.2643861159132,1004
2024-09-19 15:09:12.250000,420.27918332906967,15
2024-09-19 15:09:12.308000,420.2693615857826,13
2024-09-19 15:09:12.324000,420.2809381378252,12
2024-09-19 15:09:12.412000,420.284307405892,1005
2024-09-19 15:09:12.432000,420.2710071374096,105
2024-09-19 15:09:12.437000,420.2744214738572,5
2024-09-19 15:09:12.460000,420.2731600245822,99
2024-09-19 15:09:12.491000,420.25792165200687,1003
2024-09-19 15:09:12.492000,420.28022938333055,1004
2024-09-19 15:09:12.522000,420.25734513878217,15
2024-09-19 15:09:12.525000,420.2797787545777,12
2024-09-19 15:09:12.555000,420.2660607615727,9
2024-09-19 15:09:12.588000,420.26050601258,7
2024-09-19 15:09:12.629000,420.2740910305757,13
2024-09-19 15:09:12.656000,420.2662299603289,102
2024-09-19 15:09:12.658000,420.2647250910723,1002
2024-09-19 15:09:12.748000,420.2521743893983,1002
2024-09-19 15:09:12.809000,420.2714002754655,10
2024-09-19 15:09:12.988000,420.2742006301556,105
2024-09-19 15:09:13.072000,420.26307962357697,995
2024-09-19 15:09:13.153000,420.27888461529847,10
2024-09-19 15:09:13.189000,420.26600891841576,99
2024-09-19 15:09:13.203000,420.2494643790483,7
2024-09-19 15:09:13.278000,420.2616137226797,14
2024-09-19 15:09:13.397000,420.2653054684054,105
2024-09-19 15:09:13.446000,420.2686062726102,8
2024-09-19 15:09:13.608000,420.2744793547026,105
2024-09-19 15:09:13.711000,420.2575840479845,1002
2024-09-19 15:09:13.724000,420.2729426411439,1000
2024-09-19 15:09:13.747000,420.258166028305,105
2024-09-19 15:09:13.784000,420.28067098867285,6
2024-09-19 15:09:13.817000,420.2685414319498,1001
2024-09-19 15:09:13.900000,420.2581738642316,1002
2024-09-19 15:09:13.924000,420.2760360620794,11
2024-09-19 15:09:13.939000,420.2730114932882,11
2024-09-19 15:09:14.090000,420.2279007164199,96
2024-09-19 15:09:14.135000,420.2403513307879,12
2024-09-19 15:09:14.138000,420.2540664840406,104
2024-09-19 15:09:14.142000,420.2675777894789,95
2024-09-19 15:09:14.144000,420.2650808075744,995
2024-09-19 15:09:14.272000,420.2373382176558,102
2024-09-19 15:09:14.298000,420.22118412242895,7
2024-09-19 15:09:14.306000,420.24316611240863,10
2024-09-19 15:09:14.633000,420.2857701787603,1004
2024-09-19 15:09:14.681000,420.25112939419336,1005
2024-09-19 15:09:14.729000,420.2844320611754,10
2024-09-19 15:09:14.736000,420.23870137054695,101
2024-09-19 15:09:14.801000,420.2422790244904,995
2024-09-19 15:09:14.885000,420.25743310364834,999
2024-09-19 15:09:14.887000,420.25604355870666,9
2024-09-19 15:09:14.921000,420.2523431680097,5
2024-09-19 15:09:14.947000,420.267746388654,97
2024-09-19 15:09:14.958000,420.2203042942037,14
2024-09-19 15:09:15.479000,420.2546135801736,1001
2024-09-19 15:09:15.513000,420.2642703605115,99
2024-09-19 15:09:15.920000,420.24662003083927,104
2024-09-19 15:09:16.087000,420.2557441464777,105
2024-09-19 15:09:16.288000,420.2670373049274,1003
2024-09-19 15:09:16.386000,420.2244135004285,105
2024-09-19 15:09:16.510000,420.16503205697177,999
2024-09-19 15:09:16.753000,420.1839807600458,1004
2024-09-19 15:09:16.755000,420.1605357952535,100
2024-09-19 15:09:16.767000,420.16987292982026,8
2024-09-19 15:09:16.844000,420.22130835090616,100
2024-09-19 15:09:16.854000,420.1759074224031,7
2024-09-19 15:09:16.948000,420.2330431121856,105
2024-09-19 15:09:16.963000,420.2391282962714,11
2024-09-19 15:09:16.976000,420.2048522495805,104
2024-09-19 15:09:17.038000,420.17495444745657,999
2024-09-19 15:09:17.091000,420.1578401835976,98
2024-09-19 15:09:17.108000,420.2267846302424,10
2024-09-19 15:09:17.118000,420.1633440786532,11
2024-09-19 15:09:17.137000,420.2084410922957,11
2024-09-19 15:09:17.180000,420.1793948072131,996
2024-09-19 15:09:17.207000,420.17655112989024,1005
2024-09-19 15:09:17.236000,420.20769488004,1004
2024-09-19 15:09:17.243000,420.22415221193,1002
2024-09-19 15:09:17.326000,420.2011701085357,12
2024-09-19 15:09:17.467000,420.1929081796703,998
2024-09-19 15:09:17.573000,420.1784442792441,996
2024-09-19 15:09:17.618000,420.2472342278941,997
2024-09-19 15:09:17.642000,420.2226694616005,1004
2024-09-19 15:09:17.707000,420.23327997717695,102
2024-09-19 15:09:17.751000,420.23728438471215,7
2024-09-19 15:09:17.826000,420.1845048458196,13
2024-09-19 15:09:17.835000,420.1948689494201,1001
2024-09-19 15:09:17.864000,420.22779997804975,1005
2024-09-19 15:09:17.922000,420.18196027999056,9
2024-09-19 15:09:17.952000,420.1671841785125,104
2024-09-19 15:09:18.038000,420.159031747088,8
2024-09-19 15:09:18.126000,420.1442780221151,997
2024-09-19 15:09:18.262000,420.1709102584042,102
2024-09-19 15:09:18.299000,420.1592153411294,104
2024-09-19 15:09:18.430000,420.138391397472,103
2024-09-19 15:09:18.673000,420.151377796543,9
2024-09-19 15:09:19.609000,420.1402768405964,104
2024-09-19 15:09:19.663000,420.13904803161074,97
2024-09-19 15:09:19.828000,420.1284052078072,998
2024-09-19 15:09:20.025000,420.121840006953,14
2024-09-19 15:09:20.052000,420.1186505323832,11
2024-09-19 15:09:20.053000,420.135816104026,5
2024-09-19 15:09:20.060000,420.0931117768076,98
2024-09-19 15:09:20.068000,420.09849970073975,1002
2024-09-19 15:09:20.068000,420.1182287615261,999
2024-09-19 15:09:20.122000,420.1298673343243,1000
2024-09-19 15:09:20.159000,420.1373536036185,12
2024-09-19 15:09:20.216000,420.11211328904034,996
2024-09-19 15:09:20.217000,420.1129269361346,6
2024-09-19 15:09:20.249000,420.1290104326852,100
2024-09-19 15:09:20.251000,420.1298488628907,1003
2024-09-19 15:09:20.286000,420.1042462330132,98
2024-09-19 15:09:20.351000,420.1435668274944,998
2024-09-19 15:09:20.451000,420.11669015094566,102
2024-09-19 15:09:20.457000,420.14245279159945,1004
2024-09-19 15:09:20.507000,420.1238290469662,96
2024-09-19 15:09:20.548000,420.14516048617486,1001
2024-09-19 15:09:20.657000,420.122721983972,15
2024-09-19 15:09:20.668000,420.1038789745063,96
2024-09-19 15:09:20.704000,420.1129491963317,1005
2024-09-19 15:09:20.739000,420.11906332691,97
2024-09-19 15:09:20.755000,420.1257657547913,13
2024-09-19 15:09:20.785000,420.1053729282928,996
2024-09-19 15:09:20.834000,420.1183858293159,102
2024-09-19 15:09:20.897000,420.1019976918398,6
2024-09-19 15:09:20.986000,420.1085740942291,105
2024-09-19 15:09:21.420000,420.08750857375816,1002
2024-09-19 15:09:21.422000,420.1034364010646,15
2024-09-19 15:09:21.501000,420.0947694698836,1003
2024-09-19 15:09:21.527000,420.1160967616866,99
2024-09-19 15:09:21.547000,420.0909127455076,97
2024-09-19 15:09:21.570000,420.12937215435466,9
2024-09-19 15:09:21.754000,420.1195921142953,5
2024-09-19 15:09:21.948000,418.92386522845015,101
2024-09-19 15:09:22.029000,420.0800471174279,96
2024-09-19 15:09:22.166000,420.0751164745523,999
2024-09-19 15:09:22.256000,420.0583823155914,101
2024-09-19 15:09:22.436000,420.0769174576644,9
2024-09-19 15:09:22.511000,420.08061125797934,102
2024-09-19 15:09:22.549000,420.03150254881103,95
2024-09-19 15:09:22.600000,420.044124150654,11
2024-09-19 15:09:22.687000,420.0651236791211,11
2024-09-19 15:09:22.788000,420.0402850025348,98
2024-09-19 15:09:22.818000,420.0779935626956,1000
2024-09-19 15:09:23.011000,420.0330104402484,97
2024-09-19 15:09:23.034000,420.0290350579711,997
2024-09-19 15:09:23.090000,420.0324737373226,999
2024-09-19 15:09:23.114000,420.0155453276825,12
2024-09-19 15:09:23.123000,420.0289218703094,997
2024-09-19 15:09:23.151000,420.0141720275192,5
2024-09-19 15:09:23.196000,420.0369367213947,997
2024-09-19 15:09:23.270000,420.04035983271416,9
2024-09-19 15:09:23.325000,420.0265295423985,1002
2024-09-19 15:09:23.343000,420.0376101609764,99
2024-09-19 15:09:23.484000,420.00924919018826,96
2024-09-19 15:09:23.730000,420.0411465086093,6
2024-09-19 15:09:23.786000,420.0438839248788,101
2024-09-19 15:09:23.798000,420.0895279944551,5
2024-09-19 15:09:23.879000,420.0277455941472,5
2024-09-19 15:09:23.904000,420.0205406689139,101
2024-09-19 15:09:23.955000,420.0405246953462,103
2024-09-19 15:09:23.956000,420.0361713446264,100
2024-09-19 15:09:24.019000,420.04336649109126,101
2024-09-19 15:09:24.294000,420.0247302118097,10
2024-09-19 15:09:24.311000,420.0187047372322,102
2024-09-19 15:09:24.320000,420.03286405478246,7
2024-09-19 15:09:24.346000,420.0840920573144,95
2024-09-19 15:09:24.359000,420.06550916158295,996
2024-09-19 15:09:24.380000,420.0285098532863,11
2024-09-19 15:09:24.417000,420.0786661627329,6
2024-09-19 15:09:24.426000,420.0851683080961,10
2024-09-19 15:09:24.441000,420.00936192531736,102
2024-09-19 15:09:24.502000,420.0194649600909,998
2024-09-19 15:09:24.510000,420.08553652039984,6
2024-09-19 15:09:24.533000,420.0790331474562,12
2024-09-19 15:09:24.551000,420.0643538138254,996
2024-09-19 15:09:24.627000,420.0724796871822,97
2024-09-19 15:09:24.647000,420.0099201907439,98
2024-09-19 15:09:24.680000,419.99881543052817,7
2024-09-19 15:09:24.741000,420.0826297220652,98
2024-09-19 15:09:24.773000,420.00952015452015,996
2024-09-19 15:09:24.793000,420.08856353666937,999
2024-09-19 15:09:24.803000,420.0414002983011,1001
2024-09-19 15:09:24.807000,420.06718932971575,100
2024-09-19 15:09:24.825000,420.0605484330503,1001
2024-09-19 15:09:24.863000,420.0235183281149,97
2024-09-19 15:09:24.895000,420.065728736646,9
2024-09-19 15:09:25.025000,419.9349872484341,5
2024-09-19 15:09:25.026000,419.9310864405618,6
2024-09-19 15:09:25.038000,419.9437749437898,15
2024-09-19 15:09:25.098000,419.9365290754872,99
2024-09-19 15:09:25.132000,419.977381551572,996
2024-09-19 15:09:25.155000,419.9285312015799,1003
2024-09-19 15:09:25.156000,419.9270459268465,100
2024-09-19 15:09:25.196000,419.9311185467256,995
2024-09-19 15:09:25.225000,419.9579554120541,12
2024-09-19 15:09:25.242000,419.9713438652561,103
2024-09-19 15:09:25.278000,419.934068492605,1004
2024-09-19 15:09:25.278000,419.90734255361946,1000
2024-09-19 15:09:25.322000,419.9240381134227,104
2024-09-19 15:09:25.346000,419.9432194731895,5
2024-09-19 15:09:25.468000,419.9844038337729,104
2024-09-19 15:09:25.525000,419.91822781532574,5
2024-09-19 15:09:25.538000,419.9960053163957,14
2024-09-19 15:09:25.558000,419.9216984498776,102
2024-09-19 15:09:25.583000,419.95308514560406,100
2024-09-19 15:09:25.600000,419.91521937331686,8
2024-09-19 15:09:25.632000,419.9099383481488,99
2024-09-19 15:09:25.700000,419.9285815401694,12
2024-09-19 15:09:25.787000,419.9771141457831,103
2024-09-19 15:09:25.794000,419.92367936447033,997
2024-09-19 15:09:25.812000,419.95165291849537,1002
2024-09-19 15:09:25.829000,419.9362605574444,13
2024-09-19 15:09:25.875000,419.9299484224092,97
2024-09-19 15:09:25.957000,419.916969497797,8
2024-09-19 15:09:25.959000,419.9459331655712,5
2024-09-19 15:09:26.138000,419.9711458262552,15
2024-09-19 15:09:26.500000,419.96090436960696,98
2024-09-19 15:09:26.704000,419.96062003541874,11
2024-09-19 15:09:26.902000,419.9701405167005,10
2024-09-19 15:09:26.969000,419.9861688662376,995
2024-09-19 15:09:27.093000,419.9839803781707,1004
2024-09-19 15:09:27.256000,419.9540190895791,1003
2024-09-19 15:09:27.260000,419.9565672465518,7
2024-09-19 15:09:27.410000,419.975231467157,1002
2024-09-19 15:09:27.918000,419.9725366227036,999
2024-09-19 15:09:27.954000,419.9669682482152,7
2024-09-19 15:09:27.986000,419.9722276663085,996
2024-09-19 15:09:28.009000,419.998828526264,99
2024-09-19 15:09:28.025000,420.00443318563583,5
2024-09-19 15:09:28.057000,419.96400991277017,10
2024-09-19 15:09:28.063000,419.9647882823082,105
2024-09-19 15:09:28.145000,419.9612419894334,1001
2024-09-19 15:09:28.166000,419.9867903669168,14
2024-09-19 15:09:28.187000,420.0003516506284,15
2024-09-19 15:09:28.207000,420.0135177633044,998
2024-09-19 15:09:28.216000,419.9904275022337,996
2024-09-19 15:09:28.241000,420.0104747512708,1004
2024-09-19 15:09:28.555000,419.9492155100703,95
2024-09-19 15:09:28.679000,419.96234339104825,11
2024-09-19 15:09:28.690000,420.01500437130426,999
2024-09-19 15:09:28.704000,419.9880904301215,105
2024-09-19 15:09:28.727000,419.96843639392057,996
2024-09-19 15:09:28.816000,420.0209351157841,105
2024-09-19 15:09:28.856000,419.9569462343373,11
2024-09-19 15:09:28.900000,419.98522867148336,996
2024-09-19 15:09:28.940000,419.9257717104706,9
2024-09-19 15:09:28.967000,419.9996599611635,1000
2024-09-19 15:09:28.973000,419.9499616664088,999
2024-09-19 15:09:29.228000,419.9472515514869,1000
2024-09-19 15:09:29.636000,419.94840534571256,8
2024-09-19 15:09:29.926000,419.94913691576136,96
2024-09-19 15:09:30.467000,419.9240804428234,6
2024-09-19 15:09:30.768000,419.9412578592471,12
2024-09-19 15:09:30.953000,419.9374407876273,1002
2024-09-19 15:09:32.036000,419.9883475236296,98
2024-09-19 15:09:32.185000,419.9470070778517,10
2024-09-19 15:09:32.204000,419.980242082524,13
2024-09-19 15:09:32.414000,419.97721845476207,14
2024-09-19 15:09:32.959000,419.9436977934301,97
2024-09-19 15:09:33.367000,420.0400471817379,997
2024-09-19 15:09:33.882000,420.0369065859115,6
2024-09-19 15:09:34.173000,420.0501818080882,997
2024-09-19 15:09:34.478000,420.0510525644431,101
2024-09-19 15:09:36.034000,420.0452554220881,104
2024-09-19 15:09:36.196000,420.0555184847197,97
2024-09-19 15:09:36.553000,420.0439872330703,1005
2024-09-19 15:09:36.841000,420.0532877074433,14
2024-09-19 15:09:36.881000,420.0663962639788,9
2024-09-19 15:09:36.965000,420.0557042961362,15
2024-09-19 15:09:37.009000,420.0385106193369,102
2024-09-19 15:09:37.094000,420.02764892003455,96
2024-09-19 15:09:37.322000,420.016506157951,100
2024-09-19 15:09:37.824000,420.0244861528343,14
2024-09-19 15:09:37.940000,420.0417611231115,1000
2024-09-19 15:09:37.958000,420.0232101765933,12
2024-09-19 15:09:37.965000,420.0214728774385,9
2024-09-19 15:09:38.199000,420.047463625566,98
2024-09-19 15:09:38.784000,420.04318744972255,995
2024-09-19 15:09:39.002000,420.00959202191245,15
2024-09-19 15:09:39.019000,419.9242904668687,95
2024-09-19 15:09:39.127000,420.0132374092773,9
2024-09-19 15:09:39.148000,419.9541560217471,1002
2024-09-19 15:09:39.206000,419.99595721628873,14
2024-09-19 15:09:39.214000,420.0003110247243,101
2024-09-19 15:09:39.388000,419.9271754689931,104
2024-09-19 15:09:39.393000,419.92675933730817,999
2024-09-19 15:09:39.436000,419.9666496952856,6
2024-09-19 15:09:39.450000,419.9423236700447,8
2024-09-19 15:09:39.478000,420.00546362406186,103
2024-09-19 15:09:39.515000,419.926392900502,12
2024-09-19 15:09:39.577000,420.0053705115656,996
2024-09-19 15:09:39.622000,419.945652536893,101
2024-09-19 15:09:39.768000,419.9986414407407,13
2024-09-19 15:09:39.807000,420.0060506235994,99
2024-09-19 15:09:39.820000,420.0178892676883,7
2024-09-19 15:09:39.868000,420.0254855035914,996
2024-09-19 15:09:39.909000,420.02903935960217,103
2024-09-19 15:09:39.914000,420.016862719666,998
2024-09-19 15:09:39.989000,420.0146574450468,102
2024-09-19 15:09:40.007000,419.997335937352,13
2024-09-19 15:09:40.137000,419.9461188846875,10
2024-09-19 15:09:40.145000,419.9542684356544,1005
2024-09-19 15:09:40.220000,419.968225882368,1001
2024-09-19 15:09:40.271000,419.9252717328973,95
2024-09-19 15:09:40.363000,419.9687569807034,12
2024-09-19 15:09:40.380000,419.9734014911277,104
2024-09-19 15:09:40.405000,419.9611428299559,1000
2024-09-19 15:09:40.476000,419.99295063585487,995
2024-09-19 15:09:40.498000,420.00038561852006,1003
2024-09-19 15:09:40.520000,419.9443961949104,5
2024-09-19 15:09:40.557000,419.9384056096811,999
2024-09-19 15:09:40.727000,419.9530627804557,995
2024-09-19 15:09:40.742000,419.9239713483162,13
2024-09-19 15:09:40.758000,419.9934908615048,10
2024-09-19 15:09:40.784000,419.9668053914275,999
2024-09-19 15:09:40.837000,419.9249489378617,98
2024-09-19 15:09:40.848000,419.9925454944057,1005
2024-09-19 15:09:40.852000,419.9794732752525,1004
2024-09-19 15:09:40.867000,419.98656855623454,97
2024-09-19 15:09:40.872000,419.97384352721787,995
2024-09-19 15:09:40.990000,419.90423089107287,1001
2024-09-19 15:09:41.211000,420.0658767677232,999
2024-09-19 15:09:41.214000,420.0284038987597,102
2024-09-19 15:09:41.237000,420.0449863807219,5
2024-09-19 15:09:41.330000,420.0680172516761,15
2024-09-19 15:09:41.361000,420.00654594616094,97
2024-09-19 15:09:41.418000,420.0137338368886,95
2024-09-19 15:09:41.448000,420.0145845101865,996
2024-09-19 15:09:41.473000,420.0233642563756,14
2024-09-19 15:09:41.503000,420.06279083628345,10
2024-09-19 15:09:41.589000,420.0012019519045,1000
2024-09-19 15:09:41.795000,420.0342915225598,999
2024-09-19 15:09:41.805000,420.015106903942,996
2024-09-19 15:09:41.824000,420.0172086256233,7
2024-09-19 15:09:41.871000,420.0607421504826,1001
2024-09-19 15:09:42.011000,420.0385180107277,101
2024-09-19 15:09:42.043000,420.00214434812494,101
2024-09-19 15:09:42.083000,420.01184115748754,1000
2024-09-19 15:09:42.086000,420.0586021873132,101
2024-09-19 15:09:42.102000,420.0678452885384,1005
2024-09-19 15:09:42.145000,420.0909592647704,11
2024-09-19 15:09:42.174000,420.0434201048859,995
2024-09-19 15:09:42.258000,420.0520622006432,995
2024-09-19 15:09:42.269000,420.0507560239323,97
2024-09-19 15:09:42.309000,420.0708560296988,995
2024-09-19 15:09:42.336000,420.05232794404566,1005
2024-09-19 15:09:42.412000,420.0767758855412,97
2024-09-19 15:09:42.477000,420.05566330843806,95
2024-09-19 15:09:42.520000,420.033614208598,999
2024-09-19 15:09:42.616000,419.9978486827201,95
2024-09-19 15:09:42.617000,420.0217286154928,15
2024-09-19 15:09:42.654000,420.00884871410375,1000
2024-09-19 15:09:42.702000,420.0710574097958,1005
2024-09-19 15:09:42.780000,420.039233769847,105
2024-09-19 15:09:42.816000,420.0451205811684,1003
2024-09-19 15:09:42.833000,420.0542510877197,102
2024-09-19 15:09:42.836000,420.05234181604,105
2024-09-19 15:09:42.845000,420.05305673565726,15
2024-09-19 15:09:42.893000,420.0430352969077,6
2024-09-19 15:09:42.911000,420.0649120986377,1004
2024-09-19 15:09:42.915000,420.0256509777026,105
2024-09-19 15:09:42.922000,420.0653109331109,104
2024-09-19 15:09:42.941000,420.0554270537884,999
2024-09-19 15:09:43.025000,420.06148174704606,102
2024-09-19 15:09:43.881000,420.0644698997104,14
2024-09-19 15:09:44.069000,420.0668396799498,6
2024-09-19 15:09:44.081000,420.0515493198579,1003
2024-09-19 15:09:44.130000,420.0842746941889,95
2024-09-19 15:09:44.154000,420.0562015502754,8
2024-09-19 15:09:44.159000,420.0467112567333,9
2024-09-19 15:09:44.276000,420.06886067015074,8
2024-09-19 15:09:44.277000,420.0815958434942,1003
2024-09-19 15:09:44.294000,420.04867847100815,1002
2024-09-19 15:09:44.310000,420.05684278254665,101
2024-09-19 15:09:44.325000,420.0326266184048,12
2024-09-19 15:09:44.344000,420.0607829092659,1000
2024-09-19 15:09:44.414000,420.07256943898136,12
2024-09-19 15:09:44.417000,420.0549768631811,995
2024-09-19 15:09:44.422000,420.0466179476197,10
2024-09-19 15:09:44.435000,420.0183627144416,99
2024-09-19 15:09:44.506000,420.0465892123923,15
2024-09-19 15:09:44.608000,420.070191250976,1001
2024-09-19 15:09:44.615000,420.0605439001234,97
2024-09-19 15:09:44.707000,420.05842508108896,98
2024-09-19 15:09:44.799000,420.0613051842446,6
2024-09-19 15:09:44.868000,420.053489647914,96
2024-09-19 15:09:44.887000,420.077640267622,14
2024-09-19 15:09:44.935000,420.0897845747669,5
2024-09-19 15:09:44.976000,420.0657421125316,996
2024-09-19 15:09:45.060000,420.0731261687845,1000
2024-09-19 15:09:45.099000,420.0355559935306,102
2024-09-19 15:09:45.191000,420.0723981172143,1001
2024-09-19 15:09:45.257000,420.09439870574266,104
2024-09-19 15:09:45.365000,420.074173285346,1000
2024-09-19 15:09:45.415000,420.0489534485216,8
2024-09-19 15:09:45.509000,420.07284523512175,997
2024-09-19 15:09:45.578000,420.0898703374787,98
2024-09-19 15:09:45.649000,420.0839007725723,9
2024-09-19 15:09:45.857000,420.09768751615263,1003
2024-09-19 15:09:46.018000,420.0632734233296,99
2024-09-19 15:09:46.191000,420.066171179254,99
2024-09-19 15:09:46.239000,420.0874263559684,8
2024-09-19 15:09:46.295000,420.0776145996116,5
2024-09-19 15:09:46.302000,420.0864762310548,99
2024-09-19 15:09:46.483000,420.0434464353769,997
2024-09-19 15:09:46.498000,420.0713216056839,15
2024-09-19 15:09:46.517000,420.04028297815125,10
2024-09-19 15:09:46.535000,420.06339065434327,1002
2024-09-19 15:09:46.554000,420.0705873922033,14
2024-09-19 15:09:46.635000,420.0658802944124,1005
2024-09-19 15:09:46.642000,420.0677032880752,103
2024-09-19 15:09:46.670000,420.1027927394362,5
2024-09-19 15:09:46.697000,420.0573022764763,996
2024-09-19 15:09:46.736000,420.03727841427656,11
2024-09-19 15:09:46.874000,420.073966441047,104
2024-09-19 15:09:46.880000,420.1148839942592,105
2024-09-19 15:09:47.278000,420.1150493219597,15
2024-09-19 15:09:47.807000,420.09352849720057,1002
2024-09-19 15:09:48.105000,420.1019828199655,105
2024-09-19 15:09:48.111000,420.1262614676231,96
2024-09-19 15:09:48.156000,420.0886729894297,7
2024-09-19 15:09:48.280000,420.1252573437751,6
2024-09-19 15:09:48.282000,420.1124496725861,1001
2024-09-19 15:09:48.294000,420.078051962352,998
2024-09-19 15:09:48.307000,420.1138368050149,1001
2024-09-19 15:09:48.369000,420.1070091318596,995
2024-09-19 15:09:48.413000,420.0917547927229,96
2024-09-19 15:09:48.457000,420.123047007806,98
2024-09-19 15:09:48.527000,420.1043081826141,100
2024-09-19 15:09:48.553000,420.121196260989,1003
2024-09-19 15:09:48.571000,420.0655599872662,102
2024-09-19 15:09:48.574000,420.1023566925989,104
2024-09-19 15:09:48.584000,420.11109175276886,7
2024-09-19 15:09:48.648000,420.12343582653546,995
2024-09-19 15:09:48.681000,420.09570133210354,1005
2024-09-19 15:09:48.803000,420.1052148282936,101
2024-09-19 15:09:48.816000,420.0578083936685,14
2024-09-19 15:09:48.828000,420.1208787085028,995
2024-09-19 15:09:48.885000,420.10593735641305,1004
2024-09-19 15:09:48.890000,420.1133563135333,999
2024-09-19 15:09:48.926000,420.116138395888,96
2024-09-19 15:09:48.953000,420.0666650817216,999
2024-09-19 15:09:48.965000,420.1167902974393,7
2024-09-19 15:09:48.972000,420.05194673647,995
2024-09-19 15:09:49.058000,420.1535483051957,95
2024-09-19 15:09:49.110000,420.1870483719024,997
2024-09-19 15:09:49.179000,420.1388924242593,10
2024-09-19 15:09:49.240000,420.1471577082554,102
2024-09-19 15:09:49.274000,420.231566739233,1001
2024-09-19 15:09:49.399000,420.1473184200905,99
2024-09-19 15:09:49.429000,420.1711449450359,1002
2024-09-19 15:09:49.447000,420.1998337250142,7
2024-09-19 15:09:49.497000,420.13716039920286,13
2024-09-19 15:09:49.551000,420.2359076290531,97
2024-09-19 15:09:49.577000,420.2327483663371,6
2024-09-19 15:09:49.641000,420.2355457125681,10
2024-09-19 15:09:49.813000,420.1533293540132,1002
2024-09-19 15:09:49.823000,420.2083491870002,5
2024-09-19 15:09:49.849000,420.1608535151791,7
2024-09-19 15:09:49.872000,420.2313600354168,15
2024-09-19 15:09:49.882000,420.2331695688642,996
2024-09-19 15:09:49.887000,420.21367765031965,11
2024-09-19 15:09:49.887000,420.1362683073224,11
2024-09-19 15:09:50.151000,420.2458618217493,100
2024-09-19 15:09:50.162000,420.3079175219682,1005
2024-09-19 15:09:50.177000,420.2910588622952,99
2024-09-19 15:09:50.266000,420.3003946750145,1002
2024-09-19 15:09:50.318000,420.2810998017687,95
2024-09-19 15:09:50.323000,420.31719601489385,96
2024-09-19 15:09:50.345000,420.28607602452615,1001
2024-09-19 15:09:50.363000,420.2902454244333,105
2024-09-19 15:09:50.439000,420.2512384216106,999
2024-09-19 15:09:50.479000,420.2920218017133,1002
2024-09-19 15:09:50.523000,420.24739515339326,97
2024-09-19 15:09:50.543000,420.2755899543578,96
2024-09-19 15:09:50.557000,420.3232058559356,7
2024-09-19 15:09:50.558000,420.27913685817873,97
2024-09-19 15:09:50.566000,420.3062009248001,5
2024-09-19 15:09:50.569000,420.300167604316,11
2024-09-19 15:09:50.648000,420.3244149547966,995
2024-09-19 15:09:50.669000,420.2968143254561,999
2024-09-19 15:09:50.698000,420.28817592010665,105
2024-09-19 15:09:50.702000,420.2484061376292,997
2024-09-19 15:09:50.726000,420.2919670769357,98
2024-09-19 15:09:50.839000,420.30819414214494,12
2024-09-19 15:09:50.846000,420.2974182363225,1002
2024-09-19 15:09:50.864000,420.3183462809936,99
2024-09-19 15:09:50.909000,420.2717180861352,102
2024-09-19 15:09:50.909000,420.25958825845424,95
2024-09-19 15:09:50.911000,420.2661446167087,1002
2024-09-19 15:09:50.941000,420.2277118661973,102
2024-09-19 15:09:51.005000,420.3208373543307,996
2024-09-19 15:09:51.570000,420.3372069595082,9
2024-09-19 15:09:51.682000,420.33149801460144,996
2024-09-19 15:09:51.752000,420.3513247048938,14
2024-09-19 15:09:51.779000,420.3481039766794,5
2024-09-19 15:09:51.847000,420.32431545010905,1002
2024-09-19 15:09:52.172000,420.2583616667067,1001
2024-09-19 15:09:52.191000,420.3325959588142,102
2024-09-19 15:09:52.281000,420.3221761709438,11
2024-09-19 15:09:52.296000,420.3239726648961,15
2024-09-19 15:09:52.318000,420.2628195799986,104
2024-09-19 15:09:52.352000,420.3175960624096,999
2024-09-19 15:09:52.365000,420.3202803298757,14
2024-09-19 15:09:52.459000,420.29847211121495,96
2024-09-19 15:09:52.485000,420.2610785690202,997
2024-09-19 15:09:52.486000,420.2798482090144,996
2024-09-19 15:09:52.501000,420.3376743117344,997
2024-09-19 15:09:52.510000,420.2794185278865,7
2024-09-19 15:09:52.516000,420.32693178824826,1001
2024-09-19 15:09:52.541000,418.7370386346845,99
2024-09-19 15:09:52.560000,420.3441436456524,1000
2024-09-19 15:09:52.588000,420.3317275894923,11
2024-09-19 15:09:52.617000,420.298844438949,13
2024-09-19 15:09:52.630000,420.3356505755287,1002
2024-09-19 15:09:52.653000,420.33720338848,104
2024-09-19 15:09:52.738000,420.27160723063326,103
2024-09-19 15:09:52.793000,420.34084727708455,98
2024-09-19 15:09:52.860000,420.3408210359493,13
2024-09-19 15:09:52.936000,420.2644326652208,5
2024-09-19 15:09:52.959000,420.2771436120153,105
2024-09-19 15:09:52.962000,420.2707186150316,996
2024-09-19 15:09:52.978000,420.3299621201781,1005
2024-09-19 15:09:53.127000,420.2959311721468,99
2024-09-19 15:09:53.148000,420.3128482629738,104
2024-09-19 15:09:53.200000,420.2848339866724,13
2024-09-19 15:09:53.383000,420.3235671465201,13
2024-09-19 15:09:53.648000,420.3184389581948,998
2024-09-19 15:09:53.696000,420.2828644149315,5
2024-09-19 15:09:53.707000,420.32586955754215,6
2024-09-19 15:09:53.947000,420.28006961078427,14
2024-09-19 15:09:54.007000,420.2627443527553,100
2024-09-19 15:09:54.012000,420.2757903989455,14
2024-09-19 15:09:54.061000,420.2041004431872,15
2024-09-19 15:09:54.062000,420.21042277003033,999
2024-09-19 15:09:54.154000,420.2611665108366,1003
2024-09-19 15:09:54.191000,420.2219180211156,99
2024-09-19 15:09:54.287000,420.2815690691942,14
2024-09-19 15:09:54.291000,420.2824112998821,105
2024-09-19 15:09:54.302000,420.1983344765291,7
2024-09-19 15:09:54.309000,420.2165798205826,102
2024-09-19 15:09:54.322000,420.2148110496266,7
2024-09-19 15:09:54.329000,420.2809932238224,1003
2024-09-19 15:09:54.332000,420.2674738239479,13
2024-09-19 15:09:54.380000,420.2271040557432,997
2024-09-19 15:09:54.402000,420.22786899587214,998
2024-09-19 15:09:54.521000,420.290516416765,5
2024-09-19 15:09:54.560000,420.269700609212,1000
2024-09-19 15:09:54.580000,420.2806038701442,1003
2024-09-19 15:09:54.629000,420.27253205496737,1003
2024-09-19 15:09:54.668000,420.2846580394914,995
2024-09-19 15:09:54.674000,420.1952460842276,103
2024-09-19 15:09:54.707000,420.2468945544858,104
2024-09-19 15:09:54.736000,420.2851972911486,10
2024-09-19 15:09:54.764000,420.2603880110014,1005
2024-09-19 15:09:54.808000,420.2620333577442,6
2024-09-19 15:09:54.827000,420.2519469957517,10
2024-09-19 15:09:54.875000,420.26599998997744,9
2024-09-19 15:09:54.884000,420.2561614225771,7
2024-09-19 15:09:55.077000,420.1866643064555,13
2024-09-19 15:09:55.115000,420.17894643562494,14
2024-09-19 15:09:55.221000,420.19401832050215,997
2024-09-19 15:09:55.229000,420.2350760665809,6
2024-09-19 15:09:55.244000,420.1958031044617,5
2024-09-19 15:09:55.257000,420.2410782975914,1005
2024-09-19 15:09:55.294000,420.2217253429593,105
2024-09-19 15:09:55.339000,420.1873984759159,95
2024-09-19 15:09:55.370000,420.209925566884,5
2024-09-19 15:09:55.383000,420.2203577282588,6
2024-09-19 15:09:55.398000,420.2222299881575,996
2024-09-19 15:09:55.490000,420.16685761383,104
2024-09-19 15:09:55.546000,420.208881665358,105
2024-09-19 15:09:55.665000,420.2484913143382,1004
2024-09-19 15:09:55.905000,420.24068237718063,9
2024-09-19 15:09:55.993000,420.1884851577862,13
2024-09-19 15:09:56.011000,420.1823822374898,11
2024-09-19 15:09:56.037000,420.2012889605349,100
2024-09-19 15:09:56.038000,420.2070579724908,101
2024-09-19 15:09:56.065000,420.1968758469674,101
2024-09-19 15:09:56.090000,420.1849961077928,101
2024-09-19 15:09:56.103000,420.218854477265,1001
2024-09-19 15:09:56.273000,420.1852563022135,13
2024-09-19 15:09:56.281000,420.2159517195722,14
2024-09-19 15:09:56.318000,420.21405224301935,14
2024-09-19 15:09:56.361000,420.1726978396719,11
2024-09-19 15:09:56.397000,420.2123433516135,7
2024-09-19 15:09:56.411000,420.2092743693156,1004
2024-09-19 15:09:56.523000,420.2109924844288,9
2024-09-19 15:09:56.571000,420.2060427888579,1001
2024-09-19 15:09:56.628000,420.1773814901617,103
2024-09-19 15:09:56.681000,420.1865183310099,5
2024-09-19 15:09:56.687000,418.596970385566,101
2024-09-19 15:09:56.701000,420.1809857410916,9
2024-09-19 15:09:56.763000,420.1656786564345,1000
2024-09-19 15:09:56.778000,420.18874009361457,105
2024-09-19 15:09:56.780000,420.2084546844639,1000
2024-09-19 15:09:56.783000,420.2145998651207,6
2024-09-19 15:09:56.799000,420.21987319079216,999
2024-09-19 15:09:56.812000,420.1920359516689,99
2024-09-19 15:09:56.815000,420.2153644352919,998
2024-09-19 15:09:56.883000,420.20596671881685,9
2024-09-19 15:09:56.902000,420.1941929510048,10
2024-09-19 15:09:56.974000,420.175414384317,105
2024-09-19 15:09:57.142000,420.153342022497,11
2024-09-19 15:09:57.238000,420.1559072638504,13
2024-09-19 15:09:57.296000,420.142078187276,7
2024-09-19 15:09:57.345000,420.1826126838199,101
2024-09-19 15:09:57.408000,420.15723500357393,1001
2024-09-19 15:09:57.696000,420.1642979670981,14
2024-09-19 15:09:57.734000,420.1522782872245,998
2024-09-19 15:09:57.886000,420.1401359874627,101
2024-09-19 15:09:58.101000,420.1474345256589,9
2024-09-19 15:09:58.279000,420.1533958229047,5
2024-09-19 15:09:58.374000,420.1642897831399,1005
2024-09-19 15:09:58.440000,420.14342569303057,1003
2024-09-19 15:09:58.647000,420.15864609296113,10
2024-09-19 15:09:58.677000,420.1459716335506,998
2024-09-19 15:09:58.740000,420.1533581325232,101
2024-09-19 15:09:58.850000,420.1394238510704,6
2024-09-19 15:09:59.295000,420.1205985825064,14
2024-09-19 15:09:59.320000,420.13876213432894,13
2024-09-19 15:09:59.332000,420.11786025266224,1005
2024-09-19 15:09:59.460000,420.1382192504651,996
2024-09-19 15:09:59.617000,420.1124506748439,999
2024-09-19 15:09:59.624000,420.106316770185,1003
2024-09-19 15:09:59.651000,420.1208769107764,9
2024-09-19 15:09:59.710000,420.1199187277057,995
2024-09-19 15:09:59.791000,420.1059355450621,99
2024-09-19 15:09:59.804000,420.0998342291925,105
2024-09-19 15:09:59.823000,420.1339780206354,1005
2024-09-19 15:09:59.953000,420.1320257286589,103
