Timestamp,Price,Size
2024-09-18 10:54:00.001000,412.3308749928709,1001
2024-09-18 10:54:00.031000,412.3358751886794,995
2024-09-18 10:54:00.036000,412.32677300713306,10
2024-09-18 10:54:00.077000,412.32205103970045,96
2024-09-18 10:54:00.196000,412.3449565645377,95
2024-09-18 10:54:00.223000,412.3362164555237,105
2024-09-18 10:54:00.367000,412.3157534980281,7
2024-09-18 10:54:00.369000,412.3306930149656,7
2024-09-18 10:54:00.407000,412.3439815135397,12
2024-09-18 10:54:00.458000,412.38251052896624,998
2024-09-18 10:54:00.505000,412.32292328844926,1005
2024-09-18 10:54:00.512000,412.3396703036786,999
2024-09-18 10:54:00.565000,412.35795584923966,8
2024-09-18 10:54:00.712000,412.3474841098648,103
2024-09-18 10:54:00.723000,412.3221525418676,96
2024-09-18 10:54:00.733000,412.3333644885285,1000
2024-09-18 10:54:00.737000,412.3386046068462,8
2024-09-18 10:54:00.760000,412.3490976052409,1004
2024-09-18 10:54:00.761000,412.3344877994125,7
2024-09-18 10:54:00.921000,412.34080750144943,1003
2024-09-18 10:54:00.928000,412.3605678060742,101
2024-09-18 10:54:00.971000,412.3174628928292,1001
2024-09-18 10:54:01.472000,412.41522877447386,997
2024-09-18 10:54:01.631000,412.3814020494096,100
2024-09-18 10:54:01.794000,412.3896234097862,5
2024-09-18 10:54:01.832000,412.39919590714095,1001
2024-09-18 10:54:02.131000,412.4768463283627,100
2024-09-18 10:54:02.177000,412.4562518565343,100
2024-09-18 10:54:02.216000,412.4433855482624,1005
2024-09-18 10:54:02.221000,412.46214070570585,98
2024-09-18 10:54:02.268000,412.46504740194666,104
2024-09-18 10:54:02.328000,412.42790136155946,995
2024-09-18 10:54:02.409000,412.47157973664406,5
2024-09-18 10:54:02.486000,412.45648614517336,6
2024-09-18 10:54:02.517000,412.4705469291309,11
2024-09-18 10:54:02.545000,412.4827950878293,10
2024-09-18 10:54:02.662000,412.4844480355832,999
2024-09-18 10:54:02.689000,412.4568182858298,12
2024-09-18 10:54:02.705000,412.43826943812206,8
2024-09-18 10:54:02.732000,412.4582189713942,10
2024-09-18 10:54:02.812000,412.4507397371613,100
2024-09-18 10:54:02.857000,412.4480866640197,1004
2024-09-18 10:54:03.040000,412.46118091540535,998
2024-09-18 10:54:03.116000,412.44255677988673,104
2024-09-18 10:54:03.133000,412.4467977849658,102
2024-09-18 10:54:03.188000,412.48046447799805,105
2024-09-18 10:54:03.210000,412.4585228284166,11
2024-09-18 10:54:03.311000,412.4539373797915,1002
2024-09-18 10:54:03.755000,412.4682912353697,15
2024-09-18 10:54:03.850000,412.43999080880377,1000
2024-09-18 10:54:03.853000,412.49433393185615,14
2024-09-18 10:54:04.083000,412.5418180815687,98
2024-09-18 10:54:04.163000,412.48706368596174,95
2024-09-18 10:54:04.246000,412.5230646727224,11
2024-09-18 10:54:04.275000,412.5093322871933,1003
2024-09-18 10:54:04.304000,412.5400437515783,15
2024-09-18 10:54:04.313000,412.5198585579584,104
2024-09-18 10:54:04.396000,412.5102912745693,14
2024-09-18 10:54:04.505000,412.4792164995137,14
2024-09-18 10:54:04.556000,412.5153904950657,101
2024-09-18 10:54:04.650000,412.52239850167103,1004
2024-09-18 10:54:04.692000,412.52211586517495,997
2024-09-18 10:54:04.696000,412.4806271588881,999
2024-09-18 10:54:04.760000,412.4953997843806,11
2024-09-18 10:54:04.817000,412.4893508790495,1000
2024-09-18 10:54:04.905000,412.5063988350136,14
2024-09-18 10:54:04.915000,412.4738186954631,997
2024-09-18 10:54:04.915000,412.4805439721847,8
2024-09-18 10:54:04.928000,412.475848219205,1005
2024-09-18 10:54:04.956000,412.5476328514908,998
2024-09-18 10:54:05.165000,412.552326277912,6
2024-09-18 10:54:05.246000,412.5695174967443,998
2024-09-18 10:54:05.268000,412.5585532805468,997
2024-09-18 10:54:05.305000,412.5750260114302,998
2024-09-18 10:54:05.375000,412.5821917361638,101
2024-09-18 10:54:05.408000,412.5697170358133,997
2024-09-18 10:54:05.436000,412.5613608581517,5
2024-09-18 10:54:05.449000,412.5429709486234,96
2024-09-18 10:54:05.471000,412.5863987012831,11
2024-09-18 10:54:05.474000,412.54995777579904,98
2024-09-18 10:54:05.532000,412.5611265170833,1005
2024-09-18 10:54:05.557000,412.5380877088855,1000
2024-09-18 10:54:05.557000,412.5335664200143,100
2024-09-18 10:54:05.594000,412.5506037674886,1000
2024-09-18 10:54:05.627000,412.561998186562,997
2024-09-18 10:54:05.858000,412.535428792853,14
2024-09-18 10:54:06.316000,412.6066710244722,996
2024-09-18 10:54:06.352000,412.6217045998173,12
2024-09-18 10:54:06.354000,412.58297176051553,8
2024-09-18 10:54:06.578000,412.5577808672053,103
2024-09-18 10:54:06.580000,412.5620669676462,95
2024-09-18 10:54:06.793000,412.5746091616328,14
2024-09-18 10:54:06.807000,412.5822122506763,13
2024-09-18 10:54:06.899000,412.6143351441431,103
2024-09-18 10:54:07.004000,412.6241203316522,1001
2024-09-18 10:54:07.015000,412.62922365877535,995
2024-09-18 10:54:07.065000,412.6338926956146,14
2024-09-18 10:54:07.067000,412.6328888956817,997
2024-09-18 10:54:07.091000,412.634548503009,95
2024-09-18 10:54:07.248000,412.6280008281985,997
2024-09-18 10:54:07.469000,412.62915853003057,1002
2024-09-18 10:54:07.670000,412.62750109914793,996
2024-09-18 10:54:07.827000,412.6374608045477,95
2024-09-18 10:54:07.853000,412.6193281005054,99
2024-09-18 10:54:07.906000,412.6345849339489,97
2024-09-18 10:54:07.970000,412.6300189105791,995
2024-09-18 10:54:08.331000,412.6220009894466,10
2024-09-18 10:54:08.348000,412.6177710430067,97
2024-09-18 10:54:08.392000,412.6253740241776,6
2024-09-18 10:54:08.393000,412.62433864457296,104
2024-09-18 10:54:08.511000,412.62032777348617,101
2024-09-18 10:54:08.761000,412.6041449865245,1002
2024-09-18 10:54:08.784000,412.5941869365661,101
2024-09-18 10:54:08.894000,412.6028841331212,997
2024-09-18 10:54:09.049000,412.58537780663767,997
2024-09-18 10:54:09.053000,412.5671252165301,103
2024-09-18 10:54:09.088000,412.5971371724793,7
2024-09-18 10:54:09.090000,412.5772291452547,998
2024-09-18 10:54:09.090000,412.5917231762944,99
2024-09-18 10:54:09.176000,412.6089516423993,100
2024-09-18 10:54:09.215000,412.5796285071653,95
2024-09-18 10:54:09.250000,412.585533393649,10
2024-09-18 10:54:09.303000,412.6005573474683,1002
2024-09-18 10:54:09.304000,412.6115357788252,996
2024-09-18 10:54:09.370000,412.5994430532478,101
2024-09-18 10:54:09.384000,412.5660052528667,999
2024-09-18 10:54:09.392000,412.5940318763245,6
2024-09-18 10:54:09.423000,412.6151828281031,98
2024-09-18 10:54:09.437000,412.5929568080796,8
2024-09-18 10:54:09.481000,412.5827086949652,101
2024-09-18 10:54:09.512000,412.6013089587814,96
2024-09-18 10:54:09.573000,412.5819119543126,14
2024-09-18 10:54:09.635000,412.5940428455188,99
2024-09-18 10:54:09.642000,412.5961512099375,101
2024-09-18 10:54:09.643000,412.606656555597,103
2024-09-18 10:54:09.840000,412.5898274650547,9
2024-09-18 10:54:09.920000,412.5789379551317,11
2024-09-18 10:54:09.937000,412.6044096555024,9
2024-09-18 10:54:10.140000,412.4878943338344,104
2024-09-18 10:54:10.153000,412.49930593770017,103
2024-09-18 10:54:10.162000,412.5010012603287,996
2024-09-18 10:54:10.190000,412.5152629431837,12
2024-09-18 10:54:10.200000,412.51441790997006,5
2024-09-18 10:54:10.212000,412.5116669477619,14
2024-09-18 10:54:10.278000,412.5289073322224,10
2024-09-18 10:54:10.375000,412.5557953888605,98
2024-09-18 10:54:10.419000,412.5544773571911,98
2024-09-18 10:54:10.435000,412.4966303205345,96
2024-09-18 10:54:10.444000,412.57443851296,8
2024-09-18 10:54:10.491000,412.51608408630966,1002
2024-09-18 10:54:10.502000,412.5287451523138,8
2024-09-18 10:54:10.506000,412.54034076922176,1005
2024-09-18 10:54:10.566000,412.5186858076775,9
2024-09-18 10:54:10.588000,412.5314783838968,105
2024-09-18 10:54:10.620000,412.5722458784605,98
2024-09-18 10:54:10.639000,412.5064662474063,97
2024-09-18 10:54:10.644000,412.5126460532621,13
2024-09-18 10:54:10.678000,412.5143319666654,105
2024-09-18 10:54:10.683000,412.5637617263503,998
2024-09-18 10:54:10.685000,412.5629372227336,95
2024-09-18 10:54:10.687000,412.5192624119829,10
2024-09-18 10:54:10.716000,412.4741540147212,99
2024-09-18 10:54:10.737000,412.4946342918794,103
2024-09-18 10:54:10.890000,412.5302938933752,104
2024-09-18 10:54:10.920000,412.54487872752605,13
2024-09-18 10:54:10.957000,412.5189069826339,100
2024-09-18 10:54:10.988000,412.52719106660186,999
2024-09-18 10:54:10.989000,412.50587722572834,8
2024-09-18 10:54:11.087000,412.425324733056,11
2024-09-18 10:54:11.181000,412.42153430063536,96
2024-09-18 10:54:11.287000,412.4292546872896,98
2024-09-18 10:54:11.652000,412.4190884467811,11
2024-09-18 10:54:11.800000,412.4228706159666,1000
2024-09-18 10:54:11.925000,412.4543439661948,97
2024-09-18 10:54:12.205000,412.4337198915581,1004
2024-09-18 10:54:12.394000,412.4571757946466,1000
2024-09-18 10:54:12.501000,412.45742689424776,15
2024-09-18 10:54:12.581000,412.4520920202712,105
2024-09-18 10:54:12.688000,412.4375089543902,15
2024-09-18 10:54:12.745000,412.4465238676093,995
2024-09-18 10:54:13.825000,412.441263597924,95
2024-09-18 10:54:14.037000,412.4379986330051,1000
2024-09-18 10:54:15.005000,412.4335568255248,13
2024-09-18 10:54:15.051000,412.4556826846907,97
2024-09-18 10:54:15.058000,412.4413357950488,13
2024-09-18 10:54:15.070000,412.4795841080616,96
2024-09-18 10:54:15.181000,412.3623202084559,11
2024-09-18 10:54:15.184000,412.4318956028084,12
2024-09-18 10:54:15.186000,412.4285764275929,11
2024-09-18 10:54:15.219000,412.4396045612962,1005
2024-09-18 10:54:15.223000,412.44967656630894,1000
2024-09-18 10:54:15.244000,412.3699919135863,995
2024-09-18 10:54:15.266000,412.3680420037613,104
2024-09-18 10:54:15.376000,412.4451264605484,5
2024-09-18 10:54:15.384000,412.37289711673503,14
2024-09-18 10:54:15.399000,412.4539154928819,12
2024-09-18 10:54:15.408000,412.4524336736623,7
2024-09-18 10:54:15.512000,412.4113509225236,100
2024-09-18 10:54:15.528000,412.3373606812384,1000
2024-09-18 10:54:15.552000,412.48250404666544,10
2024-09-18 10:54:15.555000,412.4757974659996,999
2024-09-18 10:54:15.572000,412.45073386690416,12
2024-09-18 10:54:15.595000,412.4602888813399,1003
2024-09-18 10:54:15.639000,412.3339325891495,11
2024-09-18 10:54:15.663000,412.3397699431358,7
2024-09-18 10:54:15.679000,412.4920172026301,102
2024-09-18 10:54:15.806000,412.4858241761808,998
2024-09-18 10:54:15.876000,412.450880993876,7
2024-09-18 10:54:15.955000,412.4365595931697,1000
2024-09-18 10:54:15.983000,412.3491177114019,13
2024-09-18 10:54:16.291000,412.3445185032573,997
2024-09-18 10:54:16.553000,412.3419027839343,96
2024-09-18 10:54:16.801000,412.3445147077003,101
2024-09-18 10:54:17.001000,412.3574637151761,104
2024-09-18 10:54:17.032000,412.3652202362587,101
2024-09-18 10:54:17.035000,412.3682434185539,104
2024-09-18 10:54:17.668000,412.3626044017561,1002
2024-09-18 10:54:17.775000,412.36565584100543,12
2024-09-18 10:54:17.803000,412.3638579880535,11
2024-09-18 10:54:17.877000,412.3670261862855,15
2024-09-18 10:54:17.969000,412.3895789498464,999
2024-09-18 10:54:18.078000,412.4177929046572,105
2024-09-18 10:54:18.202000,412.40479164317713,104
2024-09-18 10:54:18.204000,412.375466643768,995
2024-09-18 10:54:18.208000,412.4039926686752,998
2024-09-18 10:54:18.210000,412.391950707179,1004
2024-09-18 10:54:18.350000,412.3773638856323,105
2024-09-18 10:54:18.368000,412.38927835954814,97
2024-09-18 10:54:18.368000,412.3892123059516,103
2024-09-18 10:54:18.397000,412.3949408558025,15
2024-09-18 10:54:18.467000,412.3999738489771,1000
2024-09-18 10:54:18.548000,412.4310872696826,105
2024-09-18 10:54:18.548000,412.3942113582858,12
2024-09-18 10:54:18.572000,412.43408358202527,98
2024-09-18 10:54:18.634000,412.3796302543428,102
2024-09-18 10:54:18.659000,412.40909494702805,998
2024-09-18 10:54:18.672000,412.3889954952735,997
2024-09-18 10:54:18.680000,412.4414206108677,97
2024-09-18 10:54:18.686000,412.4375373488728,997
2024-09-18 10:54:18.691000,412.3924308516909,1003
2024-09-18 10:54:18.739000,412.3906920093114,1000
2024-09-18 10:54:18.766000,412.4400423409804,98
2024-09-18 10:54:18.781000,412.4425357368887,6
2024-09-18 10:54:18.830000,412.374721749276,105
2024-09-18 10:54:18.834000,412.40084049681934,97
2024-09-18 10:54:18.943000,412.37446609253465,96
2024-09-18 10:54:18.944000,412.43081763204935,1004
2024-09-18 10:54:18.951000,412.3975764932754,105
2024-09-18 10:54:18.976000,412.43914962473656,997
2024-09-18 10:54:19.020000,412.4138404297132,1000
2024-09-18 10:54:19.084000,412.4158797110763,995
2024-09-18 10:54:19.085000,412.4005184231605,102
2024-09-18 10:54:19.130000,412.3847513570346,101
2024-09-18 10:54:19.255000,412.38799915122064,10
2024-09-18 10:54:19.303000,412.4312914671195,14
2024-09-18 10:54:19.341000,412.3947534576064,996
2024-09-18 10:54:19.376000,412.4201346164018,13
2024-09-18 10:54:19.386000,412.4236053206571,95
2024-09-18 10:54:19.488000,412.3852957132111,9
2024-09-18 10:54:19.503000,412.4214383596259,6
2024-09-18 10:54:19.584000,412.39627922825247,100
2024-09-18 10:54:19.601000,412.4210021989531,100
2024-09-18 10:54:19.639000,412.43599311835817,997
2024-09-18 10:54:19.692000,412.4202999208322,9
2024-09-18 10:54:19.698000,412.42923556215777,11
2024-09-18 10:54:19.701000,412.4327749792922,103
2024-09-18 10:54:19.774000,412.4211177500047,14
2024-09-18 10:54:19.782000,412.3924447748262,15
2024-09-18 10:54:19.839000,412.44152927622673,13
2024-09-18 10:54:19.875000,412.3876182065325,1000
2024-09-18 10:54:19.889000,412.4369836590205,1005
2024-09-18 10:54:19.918000,412.3783482971089,7
2024-09-18 10:54:19.975000,412.4182112614622,101
2024-09-18 10:54:20.026000,412.4470842372671,9
2024-09-18 10:54:20.153000,412.45087862731424,1002
2024-09-18 10:54:20.161000,412.4429604150544,14
2024-09-18 10:54:20.168000,412.43664887705154,1001
2024-09-18 10:54:20.212000,412.4455711093383,6
2024-09-18 10:54:20.386000,412.45629834045815,5
2024-09-18 10:54:20.412000,412.4308570570557,5
2024-09-18 10:54:20.512000,412.43659979016405,12
2024-09-18 10:54:20.595000,412.4355266067933,5
2024-09-18 10:54:20.751000,412.4571614553825,1001
2024-09-18 10:54:20.762000,412.4356993222004,103
2024-09-18 10:54:20.883000,412.4594951024466,96
2024-09-18 10:54:20.970000,412.4365030937505,98
2024-09-18 10:54:21.009000,412.4329143150852,1000
2024-09-18 10:54:21.072000,412.4577251803594,1000
2024-09-18 10:54:21.185000,412.4159638676748,14
2024-09-18 10:54:21.203000,412.43499770892606,997
2024-09-18 10:54:21.299000,412.4262118578008,999
2024-09-18 10:54:21.348000,412.409504736872,97
2024-09-18 10:54:21.349000,412.4323015431896,97
2024-09-18 10:54:21.376000,412.4237959429082,996
2024-09-18 10:54:21.389000,412.4290667613957,15
2024-09-18 10:54:21.414000,412.3814731785213,996
2024-09-18 10:54:21.439000,412.4353332596671,13
2024-09-18 10:54:21.451000,412.43738742843095,1003
2024-09-18 10:54:21.490000,412.3990601901132,104
2024-09-18 10:54:21.609000,412.45858773508814,99
2024-09-18 10:54:21.660000,412.4660354074454,100
2024-09-18 10:54:21.668000,412.4410089566792,8
2024-09-18 10:54:21.778000,412.4258612798702,1003
2024-09-18 10:54:21.807000,412.4097794842921,9
2024-09-18 10:54:21.842000,412.4584080380193,10
2024-09-18 10:54:21.856000,412.37537886135055,101
2024-09-18 10:54:21.864000,412.4353245868807,99
2024-09-18 10:54:21.880000,412.4590348299401,9
2024-09-18 10:54:21.982000,412.3918948657093,9
2024-09-18 10:54:22.006000,412.4123361933785,1002
2024-09-18 10:54:22.182000,412.4116896600065,998
2024-09-18 10:54:22.310000,412.38675276907793,998
2024-09-18 10:54:22.400000,412.4121586580375,5
2024-09-18 10:54:22.423000,412.4039454367723,12
2024-09-18 10:54:22.507000,412.39693519837766,98
2024-09-18 10:54:22.547000,412.3959619800564,95
2024-09-18 10:54:22.586000,412.3782821976464,10
2024-09-18 10:54:22.671000,412.4002581497245,5
2024-09-18 10:54:22.863000,412.37473219472207,13
2024-09-18 10:54:23.013000,412.3774099515909,13
2024-09-18 10:54:23.016000,412.32332965665415,1001
2024-09-18 10:54:23.087000,412.3344424723738,1003
2024-09-18 10:54:23.103000,412.3496318895602,96
2024-09-18 10:54:23.126000,412.33523347575897,98
2024-09-18 10:54:23.168000,412.3499833076299,1004
2024-09-18 10:54:23.203000,412.38699280433343,95
2024-09-18 10:54:23.212000,412.3551634934764,99
2024-09-18 10:54:23.235000,412.3582804636358,104
2024-09-18 10:54:23.261000,412.37389337789625,99
2024-09-18 10:54:23.266000,412.3379158392842,101
2024-09-18 10:54:23.279000,412.37134133346814,1002
2024-09-18 10:54:23.283000,412.35927990372096,1000
2024-09-18 10:54:23.286000,412.3458404131765,1003
2024-09-18 10:54:23.291000,412.3720141522611,98
2024-09-18 10:54:23.322000,412.3384853869017,998
2024-09-18 10:54:23.332000,412.3647518253378,15
2024-09-18 10:54:23.338000,412.3902113273463,8
2024-09-18 10:54:23.347000,412.331132640905,1003
2024-09-18 10:54:23.354000,412.3454404378202,98
2024-09-18 10:54:23.585000,412.3438008702024,102
2024-09-18 10:54:23.591000,412.3346317760156,100
2024-09-18 10:54:23.602000,412.3486050457272,99
2024-09-18 10:54:23.661000,412.37455148839376,6
2024-09-18 10:54:23.704000,412.3874465838922,996
2024-09-18 10:54:23.764000,412.3340799671296,6
2024-09-18 10:54:23.871000,412.3303862010736,104
2024-09-18 10:54:23.881000,412.3363261756101,1004
2024-09-18 10:54:23.918000,412.3689959604864,1000
2024-09-18 10:54:24.030000,412.3188383125273,103
2024-09-18 10:54:24.048000,412.34384345096913,96
2024-09-18 10:54:24.090000,412.2843365015509,97
2024-09-18 10:54:24.134000,412.2775452234401,97
2024-09-18 10:54:24.155000,412.2935771212585,105
2024-09-18 10:54:24.217000,412.3145502690585,10
2024-09-18 10:54:24.346000,412.3195227982741,104
2024-09-18 10:54:24.367000,412.3107302500409,1000
2024-09-18 10:54:24.413000,412.2920582774832,1004
2024-09-18 10:54:24.439000,412.2920727369912,996
2024-09-18 10:54:24.513000,412.37406092916007,996
2024-09-18 10:54:24.630000,412.2906758856167,103
2024-09-18 10:54:24.645000,412.31390540375344,1000
2024-09-18 10:54:24.693000,412.3126496025708,1000
2024-09-18 10:54:24.710000,412.3333966425748,7
2024-09-18 10:54:24.775000,412.3490090620055,97
2024-09-18 10:54:24.780000,412.3098736923518,104
2024-09-18 10:54:24.866000,412.3368135230234,101
2024-09-18 10:54:24.964000,412.3174381799072,1002
2024-09-18 10:54:24.971000,412.3542174570212,995
2024-09-18 10:54:25.025000,412.3405130282309,995
2024-09-18 10:54:25.129000,412.3582547030933,1000
2024-09-18 10:54:25.176000,412.3321527391853,10
2024-09-18 10:54:25.203000,412.34251295553673,10
2024-09-18 10:54:25.215000,412.3643704170594,9
2024-09-18 10:54:25.216000,412.360686840861,8
2024-09-18 10:54:25.217000,412.368735231452,12
2024-09-18 10:54:25.229000,412.32419524666335,999
2024-09-18 10:54:25.261000,412.3520829565668,999
2024-09-18 10:54:25.269000,412.3497833306342,96
2024-09-18 10:54:25.276000,412.3660895552728,14
2024-09-18 10:54:25.284000,412.3594190075644,100
2024-09-18 10:54:25.292000,412.3229679683371,15
2024-09-18 10:54:25.315000,412.35116133521706,1001
2024-09-18 10:54:25.334000,412.3274029922962,105
2024-09-18 10:54:25.352000,412.3595173538563,8
2024-09-18 10:54:25.364000,412.3306268589773,6
2024-09-18 10:54:25.438000,412.3261131853704,12
2024-09-18 10:54:25.478000,412.3247851439296,98
2024-09-18 10:54:25.515000,412.3581152817417,15
2024-09-18 10:54:25.545000,412.3460597483044,5
2024-09-18 10:54:25.680000,412.3487385982266,10
2024-09-18 10:54:25.748000,412.31060343196174,98
2024-09-18 10:54:25.831000,412.319272954118,1001
2024-09-18 10:54:25.876000,412.32639078363474,100
2024-09-18 10:54:25.877000,412.3559816995519,98
2024-09-18 10:54:25.915000,412.3337467222552,999
2024-09-18 10:54:25.964000,412.3630506046682,1002
2024-09-18 10:54:25.969000,412.3650078247576,97
2024-09-18 10:54:26.486000,412.363632090994,5
2024-09-18 10:54:26.495000,412.3576618275616,102
2024-09-18 10:54:26.501000,412.36280396642553,1004
2024-09-18 10:54:26.708000,412.3548199216642,99
2024-09-18 10:54:26.892000,412.3674572246072,10
2024-09-18 10:54:26.912000,412.36594847001805,14
2024-09-18 10:54:27.026000,412.42787961516353,1005
2024-09-18 10:54:27.028000,412.3598281102792,1002
2024-09-18 10:54:27.029000,412.44839109101554,10
2024-09-18 10:54:27.063000,412.4272219547312,6
2024-09-18 10:54:27.118000,412.3841837546317,11
2024-09-18 10:54:27.232000,412.4461936824912,1002
2024-09-18 10:54:27.261000,412.3801560183297,6
2024-09-18 10:54:27.326000,412.43213053322575,97
2024-09-18 10:54:27.367000,412.4289624272875,9
2024-09-18 10:54:27.410000,412.4348438843801,5
2024-09-18 10:54:27.435000,412.40458674092935,105
2024-09-18 10:54:27.475000,412.3885597571864,6
2024-09-18 10:54:27.565000,412.41993946179184,1002
2024-09-18 10:54:27.603000,412.4231608237123,998
2024-09-18 10:54:27.652000,412.3943544545788,996
2024-09-18 10:54:27.677000,412.3725481393744,1000
2024-09-18 10:54:27.677000,412.4092328246345,11
2024-09-18 10:54:27.719000,412.4434132878663,8
2024-09-18 10:54:27.730000,412.38696221412647,9
2024-09-18 10:54:27.867000,412.4210625608495,8
2024-09-18 10:54:27.886000,412.45435671929454,1005
2024-09-18 10:54:27.910000,412.36746248089526,102
2024-09-18 10:54:27.922000,412.4461055727854,100
2024-09-18 10:54:27.962000,412.42837528407136,7
2024-09-18 10:54:27.968000,412.4125106961829,15
2024-09-18 10:54:27.990000,412.3859841630297,100
2024-09-18 10:54:28.009000,412.4902712011242,996
2024-09-18 10:54:28.023000,412.4598699578262,103
2024-09-18 10:54:28.092000,412.4762309712232,1004
2024-09-18 10:54:28.162000,412.47760408437057,14
2024-09-18 10:54:28.214000,412.4829776968304,14
2024-09-18 10:54:28.243000,412.4524962188846,1004
2024-09-18 10:54:28.354000,412.46078677753246,1001
2024-09-18 10:54:28.366000,412.46732078829336,996
2024-09-18 10:54:28.413000,412.4806079933235,104
2024-09-18 10:54:28.439000,412.437816396931,98
2024-09-18 10:54:28.472000,412.4643108074228,97
2024-09-18 10:54:28.539000,412.44748021851314,1000
2024-09-18 10:54:28.635000,412.47645622864735,104
2024-09-18 10:54:28.652000,412.4566058322671,1004
2024-09-18 10:54:28.658000,412.4332419133346,997
2024-09-18 10:54:28.762000,412.4998788426876,99
2024-09-18 10:54:28.793000,412.424878958276,6
2024-09-18 10:54:28.816000,412.5016682502312,103
2024-09-18 10:54:28.834000,412.43088455240434,14
2024-09-18 10:54:28.862000,412.44433522344127,101
2024-09-18 10:54:28.954000,412.4958877886919,12
2024-09-18 10:54:29.042000,412.4503960929195,97
2024-09-18 10:54:29.135000,412.4296616614288,103
2024-09-18 10:54:29.171000,412.4423342799996,1003
2024-09-18 10:54:29.300000,412.49375554034617,9
2024-09-18 10:54:29.318000,412.4459046473872,10
2024-09-18 10:54:29.325000,412.41957626749706,103
2024-09-18 10:54:29.361000,412.4655075141418,1004
2024-09-18 10:54:29.428000,412.4324928660874,95
2024-09-18 10:54:29.538000,412.4783129808463,99
2024-09-18 10:54:29.553000,412.453545581668,8
2024-09-18 10:54:29.680000,412.4807064128453,11
2024-09-18 10:54:29.706000,412.4555369585933,98
2024-09-18 10:54:29.734000,412.4920984092663,8
2024-09-18 10:54:29.742000,412.4865977424111,14
2024-09-18 10:54:29.806000,412.4581642469494,7
2024-09-18 10:54:29.815000,412.45375506198894,996
2024-09-18 10:54:29.931000,412.4736710694237,995
2024-09-18 10:54:29.970000,412.4785114898086,5
2024-09-18 10:54:30.046000,412.4359339382888,8
2024-09-18 10:54:30.222000,412.441566009353,14
2024-09-18 10:54:31.672000,412.4350056634849,1000
2024-09-18 10:54:32.020000,412.4399029070223,14
2024-09-18 10:54:32.052000,412.3983031730701,996
2024-09-18 10:54:32.056000,412.4578005491302,8
2024-09-18 10:54:32.174000,412.4364101768671,996
2024-09-18 10:54:32.205000,412.4019828511038,998
2024-09-18 10:54:32.299000,412.4425879497912,98
2024-09-18 10:54:32.338000,412.3961703690914,1001
2024-09-18 10:54:32.340000,412.4026958097472,8
2024-09-18 10:54:32.365000,412.3800212869185,7
2024-09-18 10:54:32.371000,412.4023783964301,6
2024-09-18 10:54:32.398000,412.3928732002415,5
2024-09-18 10:54:32.403000,412.4033227609689,1005
2024-09-18 10:54:32.427000,412.4126334389171,5
2024-09-18 10:54:32.585000,412.4226659620443,103
2024-09-18 10:54:32.586000,412.4017451806288,999
2024-09-18 10:54:32.634000,412.4278387420118,95
2024-09-18 10:54:32.733000,412.3962061824138,1001
2024-09-18 10:54:32.743000,412.39746132290094,7
2024-09-18 10:54:32.800000,412.4354809039912,101
2024-09-18 10:54:32.937000,412.4559683761693,97
2024-09-18 10:54:32.956000,412.3813907847597,1003
2024-09-18 10:54:32.972000,412.3839254491903,999
2024-09-18 10:54:32.975000,412.4049694555141,103
2024-09-18 10:54:32.980000,412.4446858520285,13
2024-09-18 10:54:33.055000,412.3927072612705,95
2024-09-18 10:54:33.092000,412.4017084457119,1000
2024-09-18 10:54:33.161000,412.41880248743934,105
2024-09-18 10:54:33.174000,412.41643499794526,1001
2024-09-18 10:54:33.181000,412.4336643465271,1000
2024-09-18 10:54:33.292000,412.4115528618776,105
2024-09-18 10:54:33.355000,412.40778807175263,97
2024-09-18 10:54:33.356000,412.40169552248113,7
2024-09-18 10:54:33.404000,412.39223334138086,998
2024-09-18 10:54:33.411000,412.40656197467,105
2024-09-18 10:54:33.429000,412.39669949358665,105
2024-09-18 10:54:33.438000,412.39934249476937,9
2024-09-18 10:54:33.469000,412.41675451693806,15
2024-09-18 10:54:33.584000,412.4059265997696,1004
2024-09-18 10:54:33.666000,412.4181728404527,104
2024-09-18 10:54:33.752000,412.4265048125425,5
2024-09-18 10:54:33.792000,412.4220422805463,9
2024-09-18 10:54:33.875000,412.4051306510066,11
2024-09-18 10:54:33.900000,412.4087213467494,103
2024-09-18 10:54:33.937000,412.3865920270068,8
2024-09-18 10:54:33.979000,412.3796943503328,95
2024-09-18 10:54:34.003000,412.3457063268498,998
2024-09-18 10:54:34.151000,412.38316365432667,99
2024-09-18 10:54:34.161000,412.3569668635553,5
2024-09-18 10:54:34.207000,412.4001755600895,996
2024-09-18 10:54:34.209000,412.3227806130918,1005
2024-09-18 10:54:34.265000,412.3987015757125,13
2024-09-18 10:54:34.277000,412.3679618041842,13
2024-09-18 10:54:34.281000,412.3596143151485,10
2024-09-18 10:54:34.300000,412.38459023482585,5
2024-09-18 10:54:34.416000,412.3657712886248,101
2024-09-18 10:54:34.421000,412.3987754741216,997
2024-09-18 10:54:34.433000,412.4037519018189,97
2024-09-18 10:54:34.469000,412.3938886342449,9
2024-09-18 10:54:34.470000,412.3558803680517,995
2024-09-18 10:54:34.484000,412.3879352265522,97
2024-09-18 10:54:34.649000,412.3473839477874,996
2024-09-18 10:54:34.714000,412.3555588669428,101
2024-09-18 10:54:34.736000,412.3626665500261,100
2024-09-18 10:54:34.948000,412.3502705526788,102
2024-09-18 10:54:34.970000,412.3525937853224,99
2024-09-18 10:54:34.976000,412.3728693419268,1003
2024-09-18 10:54:35.030000,412.35030402746105,100
2024-09-18 10:54:35.075000,412.3341020560693,96
2024-09-18 10:54:35.102000,412.36382821382585,998
2024-09-18 10:54:35.125000,412.3753238219411,1005
2024-09-18 10:54:35.141000,412.3560990554282,96
2024-09-18 10:54:35.163000,412.368581846252,102
2024-09-18 10:54:35.258000,412.3201568330493,104
2024-09-18 10:54:35.308000,412.3018516932655,7
2024-09-18 10:54:35.402000,412.3062173293342,102
2024-09-18 10:54:35.417000,412.348626667533,5
2024-09-18 10:54:35.488000,412.3030798905601,5
2024-09-18 10:54:35.521000,412.32571144471206,996
2024-09-18 10:54:35.572000,412.3907964759767,1002
2024-09-18 10:54:35.623000,412.31214547355216,105
2024-09-18 10:54:35.624000,412.31213889172784,8
2024-09-18 10:54:35.643000,412.3891995852731,104
2024-09-18 10:54:35.781000,412.39504634552026,5
2024-09-18 10:54:35.784000,412.3789262804379,1001
2024-09-18 10:54:35.798000,412.3877118484057,105
2024-09-18 10:54:35.858000,412.3436918147338,99
2024-09-18 10:54:36.076000,412.3248250545741,995
2024-09-18 10:54:36.171000,412.33929854265966,102
2024-09-18 10:54:36.260000,412.3425152574841,104
2024-09-18 10:54:36.291000,412.3336659417184,7
2024-09-18 10:54:36.327000,412.3407267852152,997
2024-09-18 10:54:36.347000,412.341058183415,1004
2024-09-18 10:54:36.445000,412.3221924810725,11
2024-09-18 10:54:36.470000,412.30721822525976,997
2024-09-18 10:54:36.475000,412.3210817887128,998
2024-09-18 10:54:36.496000,412.31789086540766,1001
2024-09-18 10:54:36.581000,412.346187551989,8
2024-09-18 10:54:36.593000,412.3098249580543,5
2024-09-18 10:54:36.615000,412.3342332514011,11
2024-09-18 10:54:36.647000,412.3180583382322,96
2024-09-18 10:54:36.672000,412.33624689459344,995
2024-09-18 10:54:36.702000,412.3009264438069,5
2024-09-18 10:54:36.769000,412.34412695881474,10
2024-09-18 10:54:36.825000,412.3477729153984,10
2024-09-18 10:54:36.828000,412.3090897263712,15
2024-09-18 10:54:36.843000,412.3325422926666,5
2024-09-18 10:54:36.865000,412.3287241154624,1001
2024-09-18 10:54:36.878000,412.3259629407137,5
2024-09-18 10:54:36.882000,412.333122881586,103
2024-09-18 10:54:36.914000,412.3427927613584,8
2024-09-18 10:54:36.918000,412.3452061349317,1000
2024-09-18 10:54:36.956000,412.3137921211104,103
2024-09-18 10:54:36.956000,412.3351913169019,998
2024-09-18 10:54:37.058000,412.3191852130067,6
2024-09-18 10:54:37.190000,412.2798141248097,1002
2024-09-18 10:54:37.215000,412.2564552000074,101
2024-09-18 10:54:37.264000,412.3210372820621,101
2024-09-18 10:54:37.299000,412.31810228916686,6
2024-09-18 10:54:37.326000,412.3112007974923,1003
2024-09-18 10:54:37.390000,412.33446340930254,999
2024-09-18 10:54:37.572000,412.3020534907813,97
2024-09-18 10:54:37.607000,412.3015036044513,105
2024-09-18 10:54:37.614000,412.2843665855627,7
2024-09-18 10:54:37.616000,412.30128802275976,13
2024-09-18 10:54:37.687000,412.308264452704,103
2024-09-18 10:54:37.718000,412.3106174260225,97
2024-09-18 10:54:37.791000,412.2894079632208,100
2024-09-18 10:54:37.796000,412.2736602742405,95
2024-09-18 10:54:37.861000,412.2838337050537,104
2024-09-18 10:54:37.862000,412.3251864034176,97
2024-09-18 10:54:37.863000,412.27214725645433,998
2024-09-18 10:54:37.872000,412.2622677889889,1000
2024-09-18 10:54:37.880000,412.3083914107811,1000
2024-09-18 10:54:38,412.2510097048445,9
2024-09-18 10:54:38.072000,412.2570810874481,101
2024-09-18 10:54:38.103000,412.2579508648069,99
2024-09-18 10:54:38.126000,412.2545942412039,99
2024-09-18 10:54:38.128000,412.27313802279474,1002
2024-09-18 10:54:38.210000,412.2709393897442,15
2024-09-18 10:54:38.247000,412.2467896919151,98
2024-09-18 10:54:38.265000,412.2860524087154,999
2024-09-18 10:54:38.418000,412.2673176193308,97
2024-09-18 10:54:38.441000,412.2955359439537,15
2024-09-18 10:54:38.453000,412.2589514287175,104
2024-09-18 10:54:38.577000,412.3040167909043,101
2024-09-18 10:54:38.606000,412.2968176489756,998
2024-09-18 10:54:38.633000,412.2786046691432,98
2024-09-18 10:54:38.676000,412.2757539594969,1001
2024-09-18 10:54:38.744000,412.2637800706845,995
2024-09-18 10:54:38.786000,412.3048715876107,998
2024-09-18 10:54:38.983000,412.2753244884521,998
2024-09-18 10:54:39.094000,412.263285579466,102
2024-09-18 10:54:39.224000,412.3368282153528,995
2024-09-18 10:54:39.238000,412.338043664224,103
2024-09-18 10:54:39.304000,412.3018879339745,998
2024-09-18 10:54:39.341000,412.3277186414999,8
2024-09-18 10:54:39.374000,412.3039559139393,1001
2024-09-18 10:54:39.525000,412.3540191991516,995
2024-09-18 10:54:39.572000,412.3422874220128,13
2024-09-18 10:54:39.583000,412.28401412541047,105
2024-09-18 10:54:39.605000,412.3253764235191,15
2024-09-18 10:54:39.632000,412.2735409078534,5
2024-09-18 10:54:39.657000,412.31006439686894,1002
2024-09-18 10:54:39.707000,412.2578688807984,999
2024-09-18 10:54:39.708000,412.3363925578194,12
2024-09-18 10:54:39.749000,412.34734319342266,7
2024-09-18 10:54:39.840000,412.2844593366255,101
2024-09-18 10:54:39.842000,412.3483730264204,9
2024-09-18 10:54:39.987000,412.3330699933708,103
2024-09-18 10:54:40.019000,412.3002991714524,104
2024-09-18 10:54:40.079000,412.2747662061963,97
2024-09-18 10:54:40.128000,412.2913342629683,104
2024-09-18 10:54:40.129000,412.29081014224965,97
2024-09-18 10:54:40.156000,412.2844615206732,1001
2024-09-18 10:54:40.204000,412.2673257054195,105
2024-09-18 10:54:40.223000,412.2776950720268,102
2024-09-18 10:54:40.337000,412.3379698700869,7
2024-09-18 10:54:40.356000,412.3423428749573,996
2024-09-18 10:54:40.389000,412.2774756566508,104
2024-09-18 10:54:40.411000,412.2889659447836,1004
2024-09-18 10:54:40.539000,412.26905368286936,1005
2024-09-18 10:54:40.592000,412.2924827551234,99
2024-09-18 10:54:40.728000,412.3135190368705,15
2024-09-18 10:54:40.798000,412.2860037322869,99
2024-09-18 10:54:40.813000,412.3074999090156,95
2024-09-18 10:54:40.910000,412.29557378514585,12
2024-09-18 10:54:41.001000,412.3363576964293,100
2024-09-18 10:54:41.070000,412.399856879859,1003
2024-09-18 10:54:41.077000,412.36667027799206,102
2024-09-18 10:54:41.098000,412.3386002505611,15
2024-09-18 10:54:41.161000,412.3604483312421,999
2024-09-18 10:54:41.369000,412.3803573045744,101
2024-09-18 10:54:41.391000,412.369115373982,95
2024-09-18 10:54:41.514000,412.32008634888814,997
2024-09-18 10:54:41.537000,412.4126980729191,1005
2024-09-18 10:54:41.549000,412.41756975280725,13
2024-09-18 10:54:41.549000,412.3728335307605,997
2024-09-18 10:54:41.555000,412.3690150471592,102
2024-09-18 10:54:41.580000,412.3328539316462,997
2024-09-18 10:54:41.619000,412.3498675763451,1004
2024-09-18 10:54:41.810000,412.3635883869939,12
2024-09-18 10:54:41.840000,412.3466332754304,8
2024-09-18 10:54:41.879000,412.4226196932861,1005
2024-09-18 10:54:41.882000,412.3898692308595,996
2024-09-18 10:54:41.960000,412.34355511326834,102
2024-09-18 10:54:41.962000,412.4229818841277,11
2024-09-18 10:54:42.141000,412.3234190380187,10
2024-09-18 10:54:42.172000,412.3261091764596,996
2024-09-18 10:54:42.293000,412.3110726347034,100
2024-09-18 10:54:42.305000,412.3159569942738,14
2024-09-18 10:54:42.432000,412.3096493786006,997
2024-09-18 10:54:42.445000,412.3046178876604,9
2024-09-18 10:54:43.038000,412.3181198853377,99
2024-09-18 10:54:43.080000,412.2703246132338,11
2024-09-18 10:54:43.105000,412.31026874961753,5
2024-09-18 10:54:43.121000,412.2853416840504,9
2024-09-18 10:54:43.156000,412.31318177045375,12
2024-09-18 10:54:43.254000,412.32543905809945,103
2024-09-18 10:54:43.264000,412.32220651466815,1000
2024-09-18 10:54:43.328000,412.3143842532584,96
2024-09-18 10:54:43.329000,412.3267465294636,15
2024-09-18 10:54:43.368000,412.2671391995034,97
2024-09-18 10:54:43.379000,412.3291252126968,101
2024-09-18 10:54:43.402000,412.2611284976009,103
2024-09-18 10:54:43.404000,412.30070657081023,1002
2024-09-18 10:54:43.435000,412.3370289588249,14
2024-09-18 10:54:43.498000,412.33164197699256,96
2024-09-18 10:54:43.538000,412.3056109862381,1005
2024-09-18 10:54:43.562000,412.325465185008,95
2024-09-18 10:54:43.614000,412.2416876598541,999
2024-09-18 10:54:43.684000,412.32502586163287,12
2024-09-18 10:54:43.713000,412.27733629396926,997
2024-09-18 10:54:43.728000,412.2844538904267,105
2024-09-18 10:54:43.753000,412.33393899774177,100
2024-09-18 10:54:43.768000,412.3184319711697,101
2024-09-18 10:54:43.776000,412.3118543358916,6
2024-09-18 10:54:43.789000,412.30678740766655,7
2024-09-18 10:54:43.828000,412.2887911310859,97
2024-09-18 10:54:43.862000,412.2594537904916,1000
2024-09-18 10:54:43.958000,412.31188056545545,1005
2024-09-18 10:54:43.974000,412.3183135302848,1005
2024-09-18 10:54:44.008000,412.2612128718301,1002
2024-09-18 10:54:44.123000,412.25473547460257,997
2024-09-18 10:54:44.185000,412.2731283828902,6
2024-09-18 10:54:44.431000,412.26453957976565,105
2024-09-18 10:54:44.537000,412.2757685921643,13
2024-09-18 10:54:44.572000,412.2585633506514,103
2024-09-18 10:54:44.605000,412.2545733215419,97
2024-09-18 10:54:44.695000,412.2730998247417,95
2024-09-18 10:54:44.776000,412.2564175045696,97
2024-09-18 10:54:44.843000,412.277205164802,1001
2024-09-18 10:54:45.007000,412.2664043248451,995
2024-09-18 10:54:45.091000,412.3131207263107,13
2024-09-18 10:54:45.125000,412.2846892231596,102
2024-09-18 10:54:45.204000,412.26973763778767,1002
2024-09-18 10:54:45.253000,412.2731946826434,98
2024-09-18 10:54:45.349000,412.26064292118457,997
2024-09-18 10:54:45.645000,412.2935625756775,999
2024-09-18 10:54:45.753000,412.26593272758464,9
2024-09-18 10:54:45.966000,412.2666918263385,8
2024-09-18 10:54:46.077000,412.31751384175,6
2024-09-18 10:54:46.176000,412.29694879615926,8
2024-09-18 10:54:46.484000,412.2862704156045,5
2024-09-18 10:54:46.573000,412.284952680833,11
2024-09-18 10:54:46.593000,412.31214344670485,1000
2024-09-18 10:54:46.739000,412.2945831257984,13
2024-09-18 10:54:46.860000,412.2965725064085,95
2024-09-18 10:54:46.889000,412.2927258065215,97
2024-09-18 10:54:46.917000,412.2989738157594,98
2024-09-18 10:54:47.031000,412.2550543589869,11
2024-09-18 10:54:47.037000,412.2928191035911,6
2024-09-18 10:54:47.047000,412.28121370974327,13
2024-09-18 10:54:47.137000,412.2645552193509,15
2024-09-18 10:54:47.186000,412.2877377225292,1005
2024-09-18 10:54:47.204000,412.2623178249778,13
2024-09-18 10:54:47.287000,412.27183503586656,14
2024-09-18 10:54:47.386000,412.2636944766521,996
2024-09-18 10:54:47.388000,412.27098824335513,13
2024-09-18 10:54:47.422000,412.3011198392428,1005
2024-09-18 10:54:47.501000,412.2857213306991,995
2024-09-18 10:54:47.563000,412.2441997029224,1003
2024-09-18 10:54:47.568000,412.2858695874588,102
2024-09-18 10:54:47.651000,412.3030005543588,10
2024-09-18 10:54:47.700000,412.3001681791497,5
2024-09-18 10:54:47.723000,412.2410116121643,1000
2024-09-18 10:54:47.746000,412.2751520616637,997
2024-09-18 10:54:47.750000,412.274400260302,7
2024-09-18 10:54:47.751000,412.27664620737335,103
2024-09-18 10:54:47.788000,412.2720919705888,998
2024-09-18 10:54:47.883000,412.2770600488981,101
2024-09-18 10:54:47.931000,412.25479011811046,97
2024-09-18 10:54:48.003000,412.2824981276031,1000
2024-09-18 10:54:48.019000,412.293599103847,95
2024-09-18 10:54:48.175000,412.27926544166615,5
2024-09-18 10:54:48.213000,412.30820150685713,997
2024-09-18 10:54:48.334000,412.29382509235535,96
2024-09-18 10:54:48.466000,412.28733889612965,1003
2024-09-18 10:54:48.584000,412.2982773114156,97
2024-09-18 10:54:48.882000,412.2749070715653,105
2024-09-18 10:54:49.633000,412.2869225170148,103
2024-09-18 10:54:49.987000,412.2770235970141,13
2024-09-18 10:54:50.062000,412.3288265454294,15
2024-09-18 10:54:50.063000,412.2959033540738,995
2024-09-18 10:54:50.066000,412.3052398004306,95
2024-09-18 10:54:50.081000,412.3032285382531,996
2024-09-18 10:54:50.106000,412.3419245124112,995
2024-09-18 10:54:50.240000,412.3072387524886,14
2024-09-18 10:54:50.322000,412.30582370461445,14
2024-09-18 10:54:50.414000,412.313497572955,10
2024-09-18 10:54:50.454000,412.33078365113954,98
2024-09-18 10:54:50.471000,412.296433226244,96
2024-09-18 10:54:50.509000,412.3056075083991,999
2024-09-18 10:54:50.640000,412.3121702811979,14
2024-09-18 10:54:50.701000,412.302286075686,1004
2024-09-18 10:54:50.720000,412.3188597926799,995
2024-09-18 10:54:50.742000,412.3149044315726,15
2024-09-18 10:54:50.828000,412.3114759340007,15
2024-09-18 10:54:50.842000,412.3167733156842,105
2024-09-18 10:54:50.843000,412.30026752087576,95
2024-09-18 10:54:50.901000,412.3093677358199,15
2024-09-18 10:54:50.922000,412.3479436777111,101
2024-09-18 10:54:50.926000,412.2936024223857,12
2024-09-18 10:54:50.982000,412.3166946281744,104
2024-09-18 10:54:51.218000,412.317963003425,1005
2024-09-18 10:54:51.445000,412.30206370703735,1004
2024-09-18 10:54:51.471000,412.3098191593455,7
2024-09-18 10:54:52.007000,412.3098721559838,102
2024-09-18 10:54:52.008000,412.3351288396068,11
2024-09-18 10:54:52.037000,412.3116816725419,996
2024-09-18 10:54:52.109000,412.3208167586373,98
2024-09-18 10:54:52.115000,412.3352147973047,102
2024-09-18 10:54:52.249000,412.3213011357811,1001
2024-09-18 10:54:52.310000,412.3328571729241,95
2024-09-18 10:54:52.338000,412.31564869026886,1000
2024-09-18 10:54:52.350000,412.3136614543227,15
2024-09-18 10:54:52.363000,412.32921656964834,14
2024-09-18 10:54:52.364000,412.3227928056159,7
2024-09-18 10:54:52.371000,412.2972205831528,103
2024-09-18 10:54:52.522000,412.3467901417772,12
2024-09-18 10:54:52.561000,412.3442335083095,1004
2024-09-18 10:54:52.594000,412.3004949152421,97
2024-09-18 10:54:52.676000,412.30909751234896,1003
2024-09-18 10:54:52.712000,412.3176071076591,95
2024-09-18 10:54:52.720000,412.29085455247,15
2024-09-18 10:54:52.842000,412.3360411327387,96
2024-09-18 10:54:52.855000,412.3221277620336,102
2024-09-18 10:54:52.872000,412.3212796147262,9
2024-09-18 10:54:52.968000,412.3044087980693,8
2024-09-18 10:54:55.104000,412.384752095974,7
2024-09-18 10:54:55.155000,412.3657526541619,12
2024-09-18 10:54:55.319000,412.3104054890693,1002
2024-09-18 10:54:55.331000,412.3516413477346,101
2024-09-18 10:54:55.415000,412.317105051387,999
2024-09-18 10:54:55.440000,412.3448456269184,997
2024-09-18 10:54:55.445000,412.31767702559625,15
2024-09-18 10:54:55.464000,412.3678337135828,8
2024-09-18 10:54:55.466000,412.3567176679274,98
2024-09-18 10:54:55.475000,412.3529923685128,8
2024-09-18 10:54:55.487000,412.3544654485742,12
2024-09-18 10:54:55.503000,412.35119817978887,13
2024-09-18 10:54:55.650000,412.3564829470372,97
2024-09-18 10:54:55.653000,412.3589431970097,11
2024-09-18 10:54:55.663000,412.3318779058064,1002
2024-09-18 10:54:55.717000,412.3456905930934,996
2024-09-18 10:54:55.834000,412.392524946982,997
2024-09-18 10:54:55.873000,412.3777567187949,5
2024-09-18 10:54:55.974000,412.3532379101315,997
2024-09-18 10:54:56.345000,412.2892500707335,1002
2024-09-18 10:54:56.624000,412.2971558520511,1005
2024-09-18 10:54:56.748000,412.29614409309255,6
2024-09-18 10:54:56.867000,412.2958332872578,101
2024-09-18 10:54:57.011000,412.32157359127945,998
2024-09-18 10:54:57.020000,412.3476448518924,5
2024-09-18 10:54:57.037000,412.3433486396385,11
2024-09-18 10:54:57.057000,412.28631254015033,8
2024-09-18 10:54:57.062000,412.3208129732593,97
2024-09-18 10:54:57.064000,412.296340784937,105
2024-09-18 10:54:57.149000,412.3351351333755,98
2024-09-18 10:54:57.224000,412.30475504430393,998
2024-09-18 10:54:57.228000,412.27824993519135,1004
2024-09-18 10:54:57.264000,412.2402510508917,98
2024-09-18 10:54:57.338000,412.3311579646272,1001
2024-09-18 10:54:57.350000,412.299624232428,97
2024-09-18 10:54:57.358000,412.3446406726865,12
2024-09-18 10:54:57.367000,412.3006961570152,998
2024-09-18 10:54:57.400000,412.3258352933243,995
2024-09-18 10:54:57.460000,412.3276657147439,100
2024-09-18 10:54:57.517000,412.3141027875943,14
2024-09-18 10:54:57.523000,412.3244785079372,103
2024-09-18 10:54:57.568000,412.3338745920866,10
2024-09-18 10:54:57.569000,412.2983124771341,999
2024-09-18 10:54:57.608000,412.2694355913613,7
2024-09-18 10:54:57.621000,412.3231531813569,1005
2024-09-18 10:54:57.696000,412.3475107240844,995
2024-09-18 10:54:57.760000,412.34136163986665,12
2024-09-18 10:54:57.786000,412.3404400021337,99
2024-09-18 10:54:57.844000,412.2767810561151,8
2024-09-18 10:54:57.922000,412.3084668415681,12
2024-09-18 10:54:58.011000,412.2697777093264,12
2024-09-18 10:54:58.034000,412.2944959865571,6
2024-09-18 10:54:58.081000,412.2810658187209,997
2024-09-18 10:54:58.138000,412.2536627161422,1002
2024-09-18 10:54:58.194000,412.24498602268335,101
2024-09-18 10:54:58.242000,412.25290468628384,5
2024-09-18 10:54:58.385000,412.2553365093706,1002
2024-09-18 10:54:58.410000,412.2725186806621,10
2024-09-18 10:54:58.415000,412.2662847687236,995
2024-09-18 10:54:58.429000,412.2674902304626,8
2024-09-18 10:54:58.440000,412.2370062754704,100
2024-09-18 10:54:58.499000,412.2713793136926,99
2024-09-18 10:54:58.554000,412.2597731222672,15
2024-09-18 10:54:58.646000,412.2561313796531,7
2024-09-18 10:54:58.672000,412.2454321185832,101
2024-09-18 10:54:58.675000,412.2902606489112,101
2024-09-18 10:54:58.700000,412.2608422693546,10
2024-09-18 10:54:58.719000,412.23605482786456,5
2024-09-18 10:54:58.749000,412.3072225365305,15
2024-09-18 10:54:58.869000,412.2672205988149,9
2024-09-18 10:54:58.883000,412.3071733750013,1001
2024-09-18 10:54:58.892000,412.26462574807096,96
2024-09-18 10:54:58.894000,412.2943332008861,97
2024-09-18 10:54:58.933000,412.2515991169615,997
2024-09-18 10:54:58.961000,412.2262952899108,1000
2024-09-18 10:54:59.057000,412.2709953346305,99
2024-09-18 10:54:59.134000,412.29053157645615,6
2024-09-18 10:54:59.200000,412.2770539081634,995
2024-09-18 10:54:59.243000,412.2916570519143,9
2024-09-18 10:54:59.262000,412.2728848705104,98
2024-09-18 10:54:59.402000,412.2445054711261,13
2024-09-18 10:54:59.450000,412.3057507983824,13
2024-09-18 10:54:59.451000,412.29424535776326,999
2024-09-18 10:54:59.491000,412.2781445116839,102
2024-09-18 10:54:59.505000,412.2576495848116,997
2024-09-18 10:54:59.507000,412.2899367625607,7
2024-09-18 10:54:59.533000,412.2505584129755,1004
2024-09-18 10:54:59.635000,412.273883812787,9
2024-09-18 10:54:59.648000,412.2668256646865,5
2024-09-18 10:54:59.716000,412.29441185103633,101
2024-09-18 10:54:59.845000,412.2914629808844,1001
2024-09-18 10:54:59.911000,412.2800503278765,997
