Timestamp,Price,Size
2024-09-20 15:23:00,429.4795746095977,10
2024-09-20 15:23:00.012000,429.4666705524887,11
2024-09-20 15:23:00.077000,429.4579262703653,996
2024-09-20 15:23:00.090000,429.4775386879304,95
2024-09-20 15:23:00.172000,429.491707294932,96
2024-09-20 15:23:00.360000,429.47601743132,96
2024-09-20 15:23:00.388000,429.4915151950318,100
2024-09-20 15:23:00.398000,429.4767067375364,96
2024-09-20 15:23:00.426000,429.45135039885736,101
2024-09-20 15:23:00.432000,429.4935577227578,104
2024-09-20 15:23:00.466000,429.4828846419856,996
2024-09-20 15:23:00.591000,429.4624324479624,1002
2024-09-20 15:23:00.704000,429.46824492700017,1003
2024-09-20 15:23:00.811000,429.4620467178002,105
2024-09-20 15:23:00.879000,424.3404428296292,102
2024-09-20 15:23:00.958000,429.4744228703668,98
2024-09-20 15:23:00.997000,429.461917604109,995
2024-09-20 15:23:01.019000,429.4529450846339,101
2024-09-20 15:23:01.043000,429.40781822755474,6
2024-09-20 15:23:01.072000,429.50959017367353,1003
2024-09-20 15:23:01.087000,429.4463698970024,9
2024-09-20 15:23:01.099000,429.4151355461673,6
2024-09-20 15:23:01.142000,429.5124136016927,97
2024-09-20 15:23:01.214000,429.40341807327246,1002
2024-09-20 15:23:01.248000,429.4145863119857,101
2024-09-20 15:23:01.280000,429.4283308427776,102
2024-09-20 15:23:01.390000,429.4960296351479,7
2024-09-20 15:23:01.401000,429.4977119092264,1000
2024-09-20 15:23:01.438000,429.4494586713951,97
2024-09-20 15:23:01.465000,429.41326233573926,15
2024-09-20 15:23:01.568000,429.3834009178521,995
2024-09-20 15:23:01.598000,429.3978518648734,1005
2024-09-20 15:23:01.710000,424.4201901261814,95
2024-09-20 15:23:01.860000,429.5109667863076,997
2024-09-20 15:23:01.880000,429.5264149088164,1004
2024-09-20 15:23:01.918000,429.5286900511367,1004
2024-09-20 15:23:01.958000,429.392075446458,10
2024-09-20 15:23:02.026000,429.5642913996934,10
2024-09-20 15:23:02.062000,429.5589106368252,996
2024-09-20 15:23:02.113000,429.5479197520896,104
2024-09-20 15:23:02.132000,429.5959521396267,996
2024-09-20 15:23:02.138000,429.6365732059876,105
2024-09-20 15:23:02.148000,429.6060566939368,1005
2024-09-20 15:23:02.194000,429.572854014806,997
2024-09-20 15:23:02.195000,429.6175081572742,997
2024-09-20 15:23:02.284000,429.5598946557614,995
2024-09-20 15:23:02.356000,429.5701258473094,15
2024-09-20 15:23:02.412000,429.6020144436271,15
2024-09-20 15:23:02.415000,429.6001345536727,101
2024-09-20 15:23:02.432000,429.59407291120607,997
2024-09-20 15:23:02.443000,429.59241906485465,11
2024-09-20 15:23:02.485000,429.6191381173383,9
2024-09-20 15:23:02.497000,429.6184289297632,999
2024-09-20 15:23:02.521000,429.62208403891793,999
2024-09-20 15:23:02.581000,429.6045076979261,997
2024-09-20 15:23:02.674000,429.619828356901,8
2024-09-20 15:23:02.781000,429.60569265387255,104
2024-09-20 15:23:02.821000,429.5698848779562,103
2024-09-20 15:23:02.832000,429.6236397468128,1004
2024-09-20 15:23:02.844000,429.5826032218099,1000
2024-09-20 15:23:02.844000,429.59300931766745,1004
2024-09-20 15:23:02.913000,429.6199082576507,1001
2024-09-20 15:23:02.913000,429.5772264224102,1003
2024-09-20 15:23:03.058000,429.65992565087765,105
2024-09-20 15:23:03.110000,429.6304355174981,98
2024-09-20 15:23:03.111000,429.64261977430783,5
2024-09-20 15:23:03.323000,429.6227223536749,97
2024-09-20 15:23:03.725000,429.6685103003827,102
2024-09-20 15:23:03.756000,429.653654803668,1003
2024-09-20 15:23:03.798000,429.6404759197849,100
2024-09-20 15:23:03.798000,429.6657675071976,95
2024-09-20 15:23:03.804000,429.6235542439159,98
2024-09-20 15:23:04.050000,429.6384526693863,12
2024-09-20 15:23:04.050000,429.6574178128784,11
2024-09-20 15:23:04.058000,429.6223617562917,13
2024-09-20 15:23:04.059000,429.599475463072,99
2024-09-20 15:23:04.173000,429.6033698706264,14
2024-09-20 15:23:04.211000,429.61398020415214,103
2024-09-20 15:23:04.247000,429.6308674323466,1003
2024-09-20 15:23:04.251000,429.6330481981444,95
2024-09-20 15:23:04.335000,429.6114394329021,997
2024-09-20 15:23:04.344000,429.6164603433645,13
2024-09-20 15:23:04.376000,429.56750228579233,99
2024-09-20 15:23:04.419000,429.6581469413794,101
2024-09-20 15:23:04.500000,429.6190681555153,14
2024-09-20 15:23:04.665000,429.61273494344897,104
2024-09-20 15:23:04.823000,429.5680923139891,1005
2024-09-20 15:23:04.870000,429.55436550454016,95
2024-09-20 15:23:05.421000,429.5081094853778,105
2024-09-20 15:23:05.440000,429.54998271908426,1005
2024-09-20 15:23:05.482000,429.5180027275884,999
2024-09-20 15:23:05.957000,429.49643510619234,105
2024-09-20 15:23:05.979000,429.5058728146026,99
2024-09-20 15:23:06.106000,429.4663047754751,14
2024-09-20 15:23:06.113000,429.53120100915686,100
2024-09-20 15:23:06.122000,429.51786357132937,98
2024-09-20 15:23:06.158000,429.5443121737164,10
2024-09-20 15:23:06.224000,429.5062827183041,105
2024-09-20 15:23:06.266000,429.49692018703854,98
2024-09-20 15:23:06.308000,429.53153471234486,1002
2024-09-20 15:23:06.325000,429.4802098067505,1001
2024-09-20 15:23:06.337000,429.4602365583606,98
2024-09-20 15:23:06.373000,429.4905388495959,995
2024-09-20 15:23:06.481000,429.4938638922951,103
2024-09-20 15:23:06.537000,429.5027964571677,97
2024-09-20 15:23:06.674000,429.4563128564053,1004
2024-09-20 15:23:06.711000,429.47316409720185,999
2024-09-20 15:23:06.761000,429.5166071261721,11
2024-09-20 15:23:06.780000,429.4682017228419,8
2024-09-20 15:23:06.803000,429.50994799778186,98
2024-09-20 15:23:06.846000,429.5290571514112,996
2024-09-20 15:23:06.948000,429.52308355678537,995
2024-09-20 15:23:06.964000,429.5330510782526,102
2024-09-20 15:23:06.986000,429.532055626776,1002
2024-09-20 15:23:06.990000,429.5344217935343,101
2024-09-20 15:23:07.093000,429.49377267789055,99
2024-09-20 15:23:07.227000,429.4497584846736,5
2024-09-20 15:23:07.229000,429.4856760567002,1003
2024-09-20 15:23:07.269000,429.4877967628923,98
2024-09-20 15:23:07.551000,429.49389273222977,104
2024-09-20 15:23:07.553000,429.47846149537696,105
2024-09-20 15:23:07.656000,429.4586278620536,997
2024-09-20 15:23:07.716000,429.4270831141757,12
2024-09-20 15:23:07.743000,429.4680875191112,101
2024-09-20 15:23:07.752000,429.4650922127615,1002
2024-09-20 15:23:07.815000,429.4785892173064,998
2024-09-20 15:23:08.002000,429.4231852063578,996
2024-09-20 15:23:08.292000,429.4791003496909,1005
2024-09-20 15:23:08.410000,429.450676166822,1004
2024-09-20 15:23:08.463000,429.4712526819743,995
2024-09-20 15:23:08.521000,429.4940534274149,9
2024-09-20 15:23:08.539000,429.4908388356396,8
2024-09-20 15:23:08.598000,429.4473873476581,13
2024-09-20 15:23:08.699000,429.4755953935769,7
2024-09-20 15:23:09.057000,429.41641869332005,1002
2024-09-20 15:23:09.101000,429.4347815765214,99
2024-09-20 15:23:09.170000,429.4078443944094,14
2024-09-20 15:23:09.213000,429.44678489761066,8
2024-09-20 15:23:09.227000,429.4111815158138,103
2024-09-20 15:23:09.284000,429.4026193077024,102
2024-09-20 15:23:09.299000,429.3866427409731,8
2024-09-20 15:23:09.312000,429.4156543742503,10
2024-09-20 15:23:09.359000,429.4470982669837,101
2024-09-20 15:23:09.383000,429.4296079806216,1002
2024-09-20 15:23:09.393000,429.40910659820025,8
2024-09-20 15:23:09.508000,429.3974603962737,8
2024-09-20 15:23:09.527000,429.4322890295557,1004
2024-09-20 15:23:09.527000,429.38238615702113,6
2024-09-20 15:23:09.630000,429.4339398719882,997
2024-09-20 15:23:09.645000,429.4399822631706,1001
2024-09-20 15:23:09.657000,429.4210399097919,9
2024-09-20 15:23:09.658000,429.40751967821234,1002
2024-09-20 15:23:09.708000,429.4175400719796,7
2024-09-20 15:23:09.937000,429.4134280704196,105
2024-09-20 15:23:09.990000,429.4386859538212,7
2024-09-20 15:23:09.992000,429.43209325444326,998
2024-09-20 15:23:10.006000,429.3874316489682,998
2024-09-20 15:23:10.046000,429.3747504062888,1005
2024-09-20 15:23:10.111000,429.30144136490816,11
2024-09-20 15:23:10.120000,429.4032994168321,96
2024-09-20 15:23:10.125000,429.4235374284879,1001
2024-09-20 15:23:10.173000,429.40506896275787,1000
2024-09-20 15:23:10.208000,429.4116050852096,9
2024-09-20 15:23:10.209000,429.376780763688,103
2024-09-20 15:23:10.232000,429.4032885689866,8
2024-09-20 15:23:10.308000,429.3628999472052,105
2024-09-20 15:23:10.381000,429.38520274365175,99
2024-09-20 15:23:10.418000,429.2900071931938,1003
2024-09-20 15:23:10.459000,429.3083637159388,997
2024-09-20 15:23:10.542000,429.3702728491643,102
2024-09-20 15:23:10.548000,429.3721283622176,100
2024-09-20 15:23:10.564000,429.3435630990234,99
2024-09-20 15:23:10.594000,429.4039916474514,104
2024-09-20 15:23:10.635000,429.3877014038168,98
2024-09-20 15:23:10.694000,429.4148726336566,15
2024-09-20 15:23:10.761000,429.3459811607399,105
2024-09-20 15:23:10.785000,429.411325779198,996
2024-09-20 15:23:10.868000,429.3973160170647,95
2024-09-20 15:23:10.868000,429.3980490191872,997
2024-09-20 15:23:10.868000,429.3444967475902,95
2024-09-20 15:23:10.948000,429.3936327817018,997
2024-09-20 15:23:10.965000,429.4332977029916,5
2024-09-20 15:23:11.289000,429.29799485654274,103
2024-09-20 15:23:11.374000,429.2920924592641,14
2024-09-20 15:23:11.630000,429.3201250443872,998
2024-09-20 15:23:11.837000,429.30301974338136,103
2024-09-20 15:23:12,429.31394334201343,14
2024-09-20 15:23:12.028000,429.3530236056002,1005
2024-09-20 15:23:12.111000,429.2739179273085,998
2024-09-20 15:23:12.164000,429.3435328879676,5
2024-09-20 15:23:12.248000,429.3175236991703,96
2024-09-20 15:23:12.409000,429.3512194844197,9
2024-09-20 15:23:12.458000,429.3117830947711,1001
2024-09-20 15:23:12.463000,429.3033363069914,102
2024-09-20 15:23:12.467000,429.3496934872166,13
2024-09-20 15:23:12.549000,429.2828814155743,1004
2024-09-20 15:23:12.578000,429.3383577172935,102
2024-09-20 15:23:12.602000,429.30546821232224,5
2024-09-20 15:23:12.676000,429.3483824903975,995
2024-09-20 15:23:12.709000,429.3155595439846,9
2024-09-20 15:23:12.721000,429.2651845404267,11
2024-09-20 15:23:12.734000,429.2634200717472,97
2024-09-20 15:23:12.817000,429.269900004652,7
2024-09-20 15:23:12.852000,429.3292334910072,6
2024-09-20 15:23:12.973000,429.3471146442196,103
2024-09-20 15:23:12.981000,429.35046716826014,96
2024-09-20 15:23:12.986000,429.2631843617634,97
2024-09-20 15:23:12.989000,429.3029634921901,1004
2024-09-20 15:23:13.033000,429.2623567629854,998
2024-09-20 15:23:13.044000,429.2297749322908,15
2024-09-20 15:23:13.048000,429.2273831191312,995
2024-09-20 15:23:13.108000,429.2291175430574,10
2024-09-20 15:23:13.131000,429.18021927165177,10
2024-09-20 15:23:13.156000,429.2454646642734,1004
2024-09-20 15:23:13.185000,429.156160823296,995
2024-09-20 15:23:13.369000,429.15328893643726,10
2024-09-20 15:23:13.388000,429.29840247874,998
2024-09-20 15:23:13.404000,429.2801579769143,15
2024-09-20 15:23:13.444000,429.2447993190247,8
2024-09-20 15:23:13.456000,429.1832619114999,995
2024-09-20 15:23:13.601000,429.1399801490679,1000
2024-09-20 15:23:13.630000,429.2479189883409,14
2024-09-20 15:23:13.656000,429.23983611787264,95
2024-09-20 15:23:13.757000,429.2627857168055,995
2024-09-20 15:23:13.784000,429.1516532680062,9
2024-09-20 15:23:13.821000,429.2703891195958,14
2024-09-20 15:23:13.870000,429.1888914145823,104
2024-09-20 15:23:13.883000,429.31344183236166,98
2024-09-20 15:23:14.086000,429.2067356384541,995
2024-09-20 15:23:14.091000,429.16865040764606,7
2024-09-20 15:23:14.133000,429.1767069439084,1001
2024-09-20 15:23:14.172000,429.1870874947998,102
2024-09-20 15:23:14.192000,429.14971546716,105
2024-09-20 15:23:14.309000,429.1477388845021,104
2024-09-20 15:23:14.342000,429.202924710858,10
2024-09-20 15:23:14.422000,429.1885242096398,1000
2024-09-20 15:23:14.619000,429.1433913093406,101
2024-09-20 15:23:14.634000,429.1820090173989,997
2024-09-20 15:23:14.651000,429.1988171655027,13
2024-09-20 15:23:14.691000,429.17091249613406,999
2024-09-20 15:23:14.697000,429.1449423830163,998
2024-09-20 15:23:14.736000,429.187247308118,5
2024-09-20 15:23:14.755000,429.21313023198894,996
2024-09-20 15:23:14.757000,429.1864546021829,99
2024-09-20 15:23:14.779000,429.1753266958576,7
2024-09-20 15:23:14.779000,429.20932083040935,96
2024-09-20 15:23:14.836000,429.1702672934978,97
2024-09-20 15:23:14.853000,429.1960911670405,1003
2024-09-20 15:23:14.853000,429.1984872817056,998
2024-09-20 15:23:14.863000,429.22386762018425,99
2024-09-20 15:23:14.919000,429.18015146107103,95
2024-09-20 15:23:14.988000,429.18914457280016,1001
2024-09-20 15:23:15.051000,429.2104954651186,999
2024-09-20 15:23:15.080000,429.2065484233413,99
2024-09-20 15:23:15.222000,429.1969960368648,1002
2024-09-20 15:23:15.268000,429.2002822430453,15
2024-09-20 15:23:15.273000,429.1944914876996,996
2024-09-20 15:23:15.291000,429.1553558164785,104
2024-09-20 15:23:15.318000,429.2027789128476,11
2024-09-20 15:23:15.326000,429.2069561148394,98
2024-09-20 15:23:15.414000,429.2042310460452,102
2024-09-20 15:23:15.468000,429.2149333693972,6
2024-09-20 15:23:15.470000,429.2039996636828,996
2024-09-20 15:23:15.486000,429.1865831950984,1003
2024-09-20 15:23:15.529000,429.1847968897676,5
2024-09-20 15:23:15.566000,429.1858836030342,104
2024-09-20 15:23:15.712000,429.21375392831146,10
2024-09-20 15:23:15.796000,429.19073576169535,6
2024-09-20 15:23:15.842000,429.16483829091794,1001
2024-09-20 15:23:15.870000,429.17942343114737,1004
2024-09-20 15:23:16.112000,429.1823522271818,103
2024-09-20 15:23:16.127000,429.141654469656,96
2024-09-20 15:23:16.308000,429.15768548625306,10
2024-09-20 15:23:16.349000,429.1607055483463,997
2024-09-20 15:23:16.919000,429.17435812961264,14
2024-09-20 15:23:16.949000,429.1617835437463,98
2024-09-20 15:23:16.990000,429.1358072484837,1003
2024-09-20 15:23:17.035000,429.155234083537,996
2024-09-20 15:23:17.038000,429.157379653133,9
2024-09-20 15:23:17.048000,429.1611944545012,11
2024-09-20 15:23:17.075000,429.1545922236717,105
2024-09-20 15:23:17.110000,429.16703630682144,9
2024-09-20 15:23:17.136000,424.4163188507216,1002
2024-09-20 15:23:17.178000,429.1103489360664,5
2024-09-20 15:23:17.194000,429.1639022497688,103
2024-09-20 15:23:17.270000,429.1550875469699,997
2024-09-20 15:23:17.299000,429.1667878656616,7
2024-09-20 15:23:17.424000,429.1567030790981,998
2024-09-20 15:23:17.479000,429.16577471729977,1000
2024-09-20 15:23:17.484000,429.1722867336083,104
2024-09-20 15:23:17.497000,429.1874206919837,14
2024-09-20 15:23:17.541000,429.1526129415921,13
2024-09-20 15:23:17.543000,429.1596627872759,101
2024-09-20 15:23:17.556000,429.1750790715813,100
2024-09-20 15:23:17.648000,429.1293207209573,100
2024-09-20 15:23:17.672000,429.1551014292477,12
2024-09-20 15:23:17.679000,429.10853076472057,9
2024-09-20 15:23:17.731000,429.1611890447734,12
2024-09-20 15:23:17.749000,429.1626446355857,1003
2024-09-20 15:23:17.773000,429.1488187281248,5
2024-09-20 15:23:17.819000,429.13433811796176,95
2024-09-20 15:23:17.874000,429.1637547646659,95
2024-09-20 15:23:17.965000,429.1873366064258,97
2024-09-20 15:23:17.988000,429.15742743936056,105
2024-09-20 15:23:17.994000,429.1568038373745,104
2024-09-20 15:23:18.001000,429.1424431295157,8
2024-09-20 15:23:18.005000,429.1575216502872,98
2024-09-20 15:23:18.029000,429.1613318585362,8
2024-09-20 15:23:18.071000,429.16072338113696,13
2024-09-20 15:23:18.112000,429.1322330177058,104
2024-09-20 15:23:18.201000,429.12055413548086,105
2024-09-20 15:23:18.205000,429.12910516093103,1005
2024-09-20 15:23:18.371000,429.1273090661732,105
2024-09-20 15:23:18.425000,429.1564178235975,5
2024-09-20 15:23:18.452000,429.15850319791,8
2024-09-20 15:23:18.502000,429.1605657184751,11
2024-09-20 15:23:18.524000,429.1720283719487,14
2024-09-20 15:23:18.535000,429.1121989939146,998
2024-09-20 15:23:18.536000,429.1368095740998,97
2024-09-20 15:23:18.545000,429.1575947752034,105
2024-09-20 15:23:18.545000,429.154084022974,999
2024-09-20 15:23:18.550000,429.13433011939975,101
2024-09-20 15:23:18.631000,429.13461786989154,8
2024-09-20 15:23:18.685000,429.1373091888417,8
2024-09-20 15:23:18.717000,429.13736923057394,14
2024-09-20 15:23:18.735000,429.1361743673891,11
2024-09-20 15:23:18.839000,429.13571527504456,101
2024-09-20 15:23:18.894000,429.13768584647096,6
2024-09-20 15:23:18.956000,429.1245889542032,996
2024-09-20 15:23:18.977000,429.1393209261301,10
2024-09-20 15:23:18.989000,429.1330490536764,12
2024-09-20 15:23:19.035000,429.2005938751026,101
2024-09-20 15:23:19.049000,429.18312451316166,104
2024-09-20 15:23:19.136000,429.2170635879284,8
2024-09-20 15:23:19.164000,429.2001289844978,105
2024-09-20 15:23:19.166000,429.1955640004167,97
2024-09-20 15:23:19.176000,429.2065313151337,1001
2024-09-20 15:23:19.208000,429.2329736309831,12
2024-09-20 15:23:19.210000,429.2150681699783,102
2024-09-20 15:23:19.234000,429.21487428583305,11
2024-09-20 15:23:19.272000,429.1931134109001,15
2024-09-20 15:23:19.336000,429.1901174494512,97
2024-09-20 15:23:19.450000,429.1734761741008,1002
2024-09-20 15:23:19.465000,429.2014264008213,999
2024-09-20 15:23:19.471000,429.207939617728,999
2024-09-20 15:23:19.645000,429.1973911252302,101
2024-09-20 15:23:19.736000,429.20248781218055,997
2024-09-20 15:23:19.739000,429.2061543416148,103
2024-09-20 15:23:19.741000,429.20613942256887,1002
2024-09-20 15:23:19.764000,429.1952271501986,1004
2024-09-20 15:23:19.787000,429.1890425206986,6
2024-09-20 15:23:19.872000,429.16926784363153,1001
2024-09-20 15:23:19.942000,429.2067353816127,7
2024-09-20 15:23:20.055000,424.31093989392815,98
2024-09-20 15:23:20.090000,429.2638400255796,1004
2024-09-20 15:23:20.131000,429.2347820059492,1002
2024-09-20 15:23:20.155000,429.2494991022192,96
2024-09-20 15:23:20.219000,429.2346141535786,1002
2024-09-20 15:23:20.307000,429.2879297507016,8
2024-09-20 15:23:20.610000,429.2834225155343,999
2024-09-20 15:23:20.659000,429.23325398844094,5
2024-09-20 15:23:20.677000,429.2707576670783,105
2024-09-20 15:23:20.712000,429.2325909375535,11
2024-09-20 15:23:20.733000,429.2827043240442,12
2024-09-20 15:23:20.743000,429.2822086931053,105
2024-09-20 15:23:20.754000,429.2143550676524,997
2024-09-20 15:23:20.831000,429.22016027412536,102
2024-09-20 15:23:20.940000,429.23818389034153,15
2024-09-20 15:23:20.981000,429.2314457807005,6
2024-09-20 15:23:21.267000,429.2908618403758,7
2024-09-20 15:23:21.277000,429.2854068465774,8
2024-09-20 15:23:21.437000,429.3018163122749,100
2024-09-20 15:23:21.468000,429.2820294985447,13
2024-09-20 15:23:21.765000,429.2959499835288,999
2024-09-20 15:23:21.900000,429.2925571594761,97
2024-09-20 15:23:22.003000,429.27710694155337,103
2024-09-20 15:23:22.026000,429.2804337126874,9
2024-09-20 15:23:22.053000,429.2629103942278,10
2024-09-20 15:23:22.115000,429.2857224797581,1000
2024-09-20 15:23:22.172000,429.266637783081,1005
2024-09-20 15:23:22.189000,429.293519652425,995
2024-09-20 15:23:22.351000,429.3011549010718,995
2024-09-20 15:23:22.375000,429.28216688995593,99
2024-09-20 15:23:22.407000,429.2931055388224,1002
2024-09-20 15:23:22.420000,429.2953592805833,11
2024-09-20 15:23:22.430000,429.2512413007982,99
2024-09-20 15:23:22.458000,429.26761934911576,13
2024-09-20 15:23:22.472000,429.2563894434497,104
2024-09-20 15:23:22.492000,429.2478073960534,105
2024-09-20 15:23:22.572000,429.2936466530819,10
2024-09-20 15:23:22.592000,429.2971016776183,997
2024-09-20 15:23:22.642000,429.2808090085697,995
2024-09-20 15:23:22.670000,429.2455912036372,102
2024-09-20 15:23:22.687000,429.3220016518071,98
2024-09-20 15:23:22.691000,429.2598652465191,97
2024-09-20 15:23:22.710000,424.21243829574433,12
2024-09-20 15:23:22.720000,429.2734656117468,1001
2024-09-20 15:23:22.722000,429.3085884580758,14
2024-09-20 15:23:22.756000,429.29465443657534,998
2024-09-20 15:23:22.774000,429.30389300636233,11
2024-09-20 15:23:22.865000,429.26599164717607,105
2024-09-20 15:23:22.873000,429.2918874489042,95
2024-09-20 15:23:22.884000,429.2778808415624,101
2024-09-20 15:23:23.032000,429.136105477966,97
2024-09-20 15:23:23.051000,429.24182287492425,104
2024-09-20 15:23:23.128000,429.1773865978431,103
2024-09-20 15:23:23.153000,429.13338259252384,10
2024-09-20 15:23:23.251000,429.1423485734889,995
2024-09-20 15:23:23.337000,429.1653030265774,1003
2024-09-20 15:23:23.370000,429.2230148704601,103
2024-09-20 15:23:23.440000,429.1634242729809,1003
2024-09-20 15:23:23.475000,429.158239133989,104
2024-09-20 15:23:23.482000,429.1863055678816,1003
2024-09-20 15:23:23.503000,429.1220647229389,997
2024-09-20 15:23:23.548000,429.1783126648909,1001
2024-09-20 15:23:23.620000,429.19257629018847,9
2024-09-20 15:23:23.633000,429.1772008043405,1003
2024-09-20 15:23:23.656000,429.13771956558776,1001
2024-09-20 15:23:23.697000,429.2489120614179,102
2024-09-20 15:23:23.766000,429.2516921376149,6
2024-09-20 15:23:23.770000,429.220838524052,996
2024-09-20 15:23:23.845000,429.23593623538864,9
2024-09-20 15:23:23.945000,429.2031258480005,96
2024-09-20 15:23:23.967000,429.1374703177138,15
2024-09-20 15:23:23.977000,429.238021265752,8
2024-09-20 15:23:24.434000,429.17100687895976,7
2024-09-20 15:23:25.176000,429.15656236359257,98
2024-09-20 15:23:25.308000,429.1438053756885,13
2024-09-20 15:23:25.518000,429.1664515008754,102
2024-09-20 15:23:25.551000,429.1445832643471,7
2024-09-20 15:23:25.567000,429.150878358681,8
2024-09-20 15:23:25.620000,429.1288640371124,996
2024-09-20 15:23:25.644000,429.1682580240149,98
2024-09-20 15:23:25.997000,429.11492539189766,8
2024-09-20 15:23:26.006000,429.01771661866303,1002
2024-09-20 15:23:26.026000,429.02353111170254,1002
2024-09-20 15:23:26.036000,429.040673396192,101
2024-09-20 15:23:26.101000,429.0372771346016,99
2024-09-20 15:23:26.147000,429.0737482363218,99
2024-09-20 15:23:26.189000,429.0457904256271,9
2024-09-20 15:23:26.233000,429.0692175203274,1000
2024-09-20 15:23:26.245000,429.0313115701102,8
2024-09-20 15:23:26.325000,429.0224351598263,998
2024-09-20 15:23:26.455000,429.03454962757104,96
2024-09-20 15:23:26.463000,429.0675602136369,11
2024-09-20 15:23:26.512000,429.04548557283886,5
2024-09-20 15:23:26.557000,429.01134293482113,1003
2024-09-20 15:23:26.564000,429.0621645723353,9
2024-09-20 15:23:26.606000,429.0355631086035,997
2024-09-20 15:23:26.611000,429.0588199153066,105
2024-09-20 15:23:26.630000,429.0485035313239,996
2024-09-20 15:23:26.687000,429.0204013527354,101
2024-09-20 15:23:26.760000,429.0277291291396,98
2024-09-20 15:23:26.765000,429.0204372082464,11
2024-09-20 15:23:26.790000,429.0740571169306,104
2024-09-20 15:23:26.817000,429.1331247322783,7
2024-09-20 15:23:26.834000,429.12765928281607,8
2024-09-20 15:23:26.891000,429.0931230094509,1000
2024-09-20 15:23:26.892000,429.0620455673632,1001
2024-09-20 15:23:26.929000,429.10436857882513,95
2024-09-20 15:23:26.984000,424.2306392153967,104
2024-09-20 15:23:26.996000,429.0450516131832,5
2024-09-20 15:23:27.033000,429.07128183756464,104
2024-09-20 15:23:27.062000,429.0788598196198,96
2024-09-20 15:23:27.079000,429.0696952161291,1005
2024-09-20 15:23:27.125000,429.0712255379549,6
2024-09-20 15:23:27.125000,429.01791313366135,996
2024-09-20 15:23:27.127000,429.0094934813762,1004
2024-09-20 15:23:27.154000,429.0281480869698,996
2024-09-20 15:23:27.156000,429.0511330448729,13
2024-09-20 15:23:27.230000,429.0344350078473,6
2024-09-20 15:23:27.262000,429.07727652791823,1003
2024-09-20 15:23:27.268000,429.05082692875226,1004
2024-09-20 15:23:27.288000,428.9985809648288,997
2024-09-20 15:23:27.288000,429.0096262744096,1001
2024-09-20 15:23:27.306000,429.0052317739578,8
2024-09-20 15:23:27.314000,429.0257290404148,104
2024-09-20 15:23:27.326000,428.999853018201,102
2024-09-20 15:23:27.326000,429.0517973063504,997
2024-09-20 15:23:27.355000,429.0209642060447,98
2024-09-20 15:23:27.433000,429.0742665950559,11
2024-09-20 15:23:27.454000,428.9995219401492,998
2024-09-20 15:23:27.477000,429.0047369392733,103
2024-09-20 15:23:27.541000,428.99164883939983,100
2024-09-20 15:23:27.575000,429.0226422054963,6
2024-09-20 15:23:27.623000,429.0141583731069,1003
2024-09-20 15:23:27.644000,429.0685120781574,104
2024-09-20 15:23:27.806000,429.0067075905473,1005
2024-09-20 15:23:27.824000,429.060298018986,995
2024-09-20 15:23:27.846000,429.0436285367663,105
2024-09-20 15:23:27.859000,429.06002645920057,7
2024-09-20 15:23:28.015000,429.0255300551376,996
2024-09-20 15:23:28.024000,429.0741222964084,10
2024-09-20 15:23:28.044000,429.02180671627184,1000
2024-09-20 15:23:28.290000,429.0505413617524,7
2024-09-20 15:23:28.321000,429.0210254250695,97
2024-09-20 15:23:28.323000,429.0455745126384,99
2024-09-20 15:23:28.346000,429.0510625150405,13
2024-09-20 15:23:28.383000,429.03311583722433,995
2024-09-20 15:23:28.409000,429.0171494481659,8
2024-09-20 15:23:28.517000,429.0679824992383,101
2024-09-20 15:23:28.560000,429.0265084064593,100
2024-09-20 15:23:28.575000,429.05352982849286,5
2024-09-20 15:23:28.590000,429.10423196071145,998
2024-09-20 15:23:28.623000,429.0271356776679,5
2024-09-20 15:23:28.645000,429.041410591345,995
2024-09-20 15:23:28.655000,429.094779561085,6
2024-09-20 15:23:28.664000,429.0167870737122,97
2024-09-20 15:23:28.732000,429.05406807610825,9
2024-09-20 15:23:28.845000,429.0281994843117,10
2024-09-20 15:23:28.911000,429.01779458206806,101
2024-09-20 15:23:29.080000,429.11026249280445,995
2024-09-20 15:23:29.101000,429.1126137816437,1000
2024-09-20 15:23:29.283000,429.1137538211392,95
2024-09-20 15:23:29.289000,429.1027805833653,11
2024-09-20 15:23:29.444000,429.1292810622777,996
2024-09-20 15:23:29.621000,429.1152160494347,101
2024-09-20 15:23:29.934000,429.1053339499978,100
2024-09-20 15:23:29.947000,429.106575434157,1002
2024-09-20 15:23:29.966000,429.1021492938645,999
2024-09-20 15:23:30.029000,429.14707282375633,13
2024-09-20 15:23:30.259000,429.1798526804071,1001
2024-09-20 15:23:30.264000,429.1635699050859,14
2024-09-20 15:23:30.294000,429.1231204893687,12
2024-09-20 15:23:30.343000,429.1043053848938,995
2024-09-20 15:23:30.417000,429.18833870228406,102
2024-09-20 15:23:30.450000,429.1807487566345,8
2024-09-20 15:23:30.457000,429.1738350146351,99
2024-09-20 15:23:30.464000,429.1719316795913,1004
2024-09-20 15:23:30.543000,429.175042962839,99
2024-09-20 15:23:30.686000,429.1690300951457,103
2024-09-20 15:23:30.705000,429.1724193488493,1001
2024-09-20 15:23:30.750000,429.1637800818149,9
2024-09-20 15:23:30.809000,429.1579840645357,104
2024-09-20 15:23:30.879000,429.1672452184317,1005
2024-09-20 15:23:30.910000,429.131030973262,998
2024-09-20 15:23:30.956000,429.15368219588095,100
2024-09-20 15:23:30.976000,429.17947528941886,1002
2024-09-20 15:23:31.418000,429.17206241725694,10
2024-09-20 15:23:31.539000,429.1509495951818,6
2024-09-20 15:23:32.064000,429.1974733586105,6
2024-09-20 15:23:32.077000,429.1803229978908,105
2024-09-20 15:23:32.104000,429.1588551146579,100
2024-09-20 15:23:32.187000,429.18501289181455,1002
2024-09-20 15:23:32.349000,429.15423988985793,100
2024-09-20 15:23:32.476000,429.2029232407579,101
2024-09-20 15:23:32.565000,429.18153502203,11
2024-09-20 15:23:32.603000,429.21298494114814,997
2024-09-20 15:23:32.638000,429.1512803503363,95
2024-09-20 15:23:32.783000,429.20130825702216,1000
2024-09-20 15:23:32.799000,429.18327795961926,1000
2024-09-20 15:23:33.044000,429.1790464471193,12
2024-09-20 15:23:33.082000,429.19788700638367,9
2024-09-20 15:23:33.138000,429.19358811772986,1004
2024-09-20 15:23:33.226000,429.20973252663305,1001
2024-09-20 15:23:33.244000,429.2255999805485,1005
2024-09-20 15:23:33.250000,429.204519368189,7
2024-09-20 15:23:33.251000,429.2239320521868,1000
2024-09-20 15:23:33.343000,429.18961919822254,7
2024-09-20 15:23:33.370000,429.1974149814101,1003
2024-09-20 15:23:33.420000,429.2138892831986,95
2024-09-20 15:23:33.477000,429.1901497442241,1000
2024-09-20 15:23:33.491000,429.22285133290745,998
2024-09-20 15:23:33.591000,429.1927378475799,96
2024-09-20 15:23:33.603000,429.20064542736753,1001
2024-09-20 15:23:33.663000,429.1706400929141,6
2024-09-20 15:23:33.665000,429.2239005180684,7
2024-09-20 15:23:33.711000,429.1733497622944,999
2024-09-20 15:23:33.739000,429.1735055321698,10
2024-09-20 15:23:33.855000,429.1878901836124,11
2024-09-20 15:23:33.868000,429.2066133312575,1003
2024-09-20 15:23:33.937000,429.18320858416894,102
2024-09-20 15:23:34.678000,429.23206232039473,99
2024-09-20 15:23:35.151000,429.19968392880713,1003
2024-09-20 15:23:35.159000,429.20972337201147,13
2024-09-20 15:23:35.248000,429.1832809570125,6
2024-09-20 15:23:35.256000,429.2002541069701,102
2024-09-20 15:23:35.384000,429.2234298195623,1005
2024-09-20 15:23:35.402000,429.1819483422019,14
2024-09-20 15:23:35.539000,429.1981769057391,7
2024-09-20 15:23:35.645000,429.1790223348925,95
2024-09-20 15:23:35.680000,429.2175557683292,95
2024-09-20 15:23:35.720000,429.1867279412445,12
2024-09-20 15:23:35.753000,429.1884290490548,1005
2024-09-20 15:23:35.759000,429.1847341923764,8
2024-09-20 15:23:35.759000,429.1890822952956,998
2024-09-20 15:23:35.807000,429.21649377373336,13
2024-09-20 15:23:35.821000,429.2312658700056,96
2024-09-20 15:23:35.865000,429.2060124210413,8
2024-09-20 15:23:35.878000,429.191942629965,11
2024-09-20 15:23:35.905000,429.1981532918009,12
2024-09-20 15:23:36.178000,429.2143023244906,1003
2024-09-20 15:23:36.213000,429.22729078307646,6
2024-09-20 15:23:36.454000,429.216939425954,5
2024-09-20 15:23:36.506000,429.2033684892063,13
2024-09-20 15:23:36.955000,429.2155579752373,10
2024-09-20 15:23:37.026000,429.1963414426496,98
2024-09-20 15:23:37.078000,429.19039925002886,7
2024-09-20 15:23:37.089000,424.0523385392542,12
2024-09-20 15:23:37.099000,429.1797224791664,102
2024-09-20 15:23:37.314000,429.23598198347673,101
2024-09-20 15:23:37.417000,429.1832917913126,103
2024-09-20 15:23:37.488000,429.2002735887825,14
2024-09-20 15:23:37.535000,429.19171689685385,96
2024-09-20 15:23:37.570000,429.1947315920788,1002
2024-09-20 15:23:37.591000,429.1826623499901,96
2024-09-20 15:23:37.671000,429.2001516452499,5
2024-09-20 15:23:37.838000,429.2237027586694,9
2024-09-20 15:23:37.876000,429.2036357715479,6
2024-09-20 15:23:37.882000,429.2145349449485,6
2024-09-20 15:23:37.917000,429.2014359657501,100
2024-09-20 15:23:37.991000,429.1825098340007,12
2024-09-20 15:23:38.263000,429.2816285186427,7
2024-09-20 15:23:38.465000,429.2859712196784,6
2024-09-20 15:23:38.495000,429.27312077148656,1000
2024-09-20 15:23:38.505000,429.262182234284,5
2024-09-20 15:23:38.561000,429.24345964207566,14
2024-09-20 15:23:38.570000,429.2675062237424,1004
2024-09-20 15:23:38.574000,429.2565182780013,101
2024-09-20 15:23:38.588000,429.2560058795883,104
2024-09-20 15:23:38.618000,429.24226412846207,997
2024-09-20 15:23:38.678000,429.2760832372378,996
2024-09-20 15:23:38.792000,429.2712715159429,102
2024-09-20 15:23:38.852000,429.2936197551243,997
2024-09-20 15:23:38.912000,429.24873909734106,5
2024-09-20 15:23:38.940000,429.2779711658594,104
2024-09-20 15:23:39.044000,429.2955085095056,98
2024-09-20 15:23:39.062000,429.2713938061813,1000
2024-09-20 15:23:39.068000,429.28153375298,999
2024-09-20 15:23:39.124000,429.3124493520934,1002
2024-09-20 15:23:39.163000,429.2808518629163,100
2024-09-20 15:23:39.408000,429.323208049911,97
2024-09-20 15:23:39.605000,429.31632332691584,998
2024-09-20 15:23:39.608000,429.278678752814,9
2024-09-20 15:23:39.638000,429.317578578531,98
2024-09-20 15:23:39.724000,429.29966805715736,103
2024-09-20 15:23:39.740000,429.3043950122721,999
2024-09-20 15:23:39.865000,429.3260867437565,100
2024-09-20 15:23:39.940000,429.2828649869481,5
2024-09-20 15:23:40.076000,429.3215338193645,999
2024-09-20 15:23:40.284000,429.3192271404287,99
2024-09-20 15:23:40.354000,429.3283011463953,101
2024-09-20 15:23:40.396000,429.31694910497146,105
2024-09-20 15:23:40.441000,429.3129366692279,103
2024-09-20 15:23:40.465000,429.3154519925333,1002
2024-09-20 15:23:40.521000,429.3137966222108,11
2024-09-20 15:23:40.601000,429.3199890608391,101
2024-09-20 15:23:40.672000,429.30712849099376,102
2024-09-20 15:23:40.683000,429.28183864003023,996
2024-09-20 15:23:40.763000,429.32728433109867,1002
2024-09-20 15:23:40.970000,429.32769789547575,15
2024-09-20 15:23:41.033000,429.28224544481446,997
2024-09-20 15:23:41.190000,429.1707482694444,996
2024-09-20 15:23:41.192000,429.2582542316837,1005
2024-09-20 15:23:41.216000,429.2078888553384,998
2024-09-20 15:23:41.233000,429.266645992422,98
2024-09-20 15:23:41.256000,429.2598853879544,97
2024-09-20 15:23:41.266000,429.19899238718943,103
2024-09-20 15:23:41.356000,429.26092781198014,95
2024-09-20 15:23:41.430000,429.225362416664,999
2024-09-20 15:23:41.473000,429.2211555695669,96
2024-09-20 15:23:41.478000,429.20610709741777,1005
2024-09-20 15:23:41.486000,429.23106997612695,96
2024-09-20 15:23:41.501000,429.1719522279792,103
2024-09-20 15:23:41.652000,429.27237161848166,97
2024-09-20 15:23:41.682000,429.195103187068,8
2024-09-20 15:23:41.696000,429.2511576911557,95
2024-09-20 15:23:41.729000,429.258261918963,105
2024-09-20 15:23:41.737000,429.22481819838464,97
2024-09-20 15:23:41.782000,429.1972398522753,14
2024-09-20 15:23:41.880000,429.2132503536944,101
2024-09-20 15:23:41.884000,429.2066092160555,8
2024-09-20 15:23:41.889000,429.2052971077156,97
2024-09-20 15:23:41.922000,429.2044122235094,1001
2024-09-20 15:23:41.946000,429.2676437593457,1002
2024-09-20 15:23:41.955000,429.20541834578097,995
2024-09-20 15:23:41.982000,429.2051266222821,101
2024-09-20 15:23:42.003000,429.2477635284872,1003
2024-09-20 15:23:42.019000,429.243471076308,105
2024-09-20 15:23:42.092000,429.2416067737768,14
2024-09-20 15:23:42.255000,429.2198116745913,5
2024-09-20 15:23:42.303000,429.2544081191435,1004
2024-09-20 15:23:42.341000,429.25721432556594,995
2024-09-20 15:23:42.507000,429.2216699133527,7
2024-09-20 15:23:42.527000,429.1998630300662,1003
2024-09-20 15:23:42.578000,429.2466698130074,15
2024-09-20 15:23:42.597000,429.2232714133933,1000
2024-09-20 15:23:42.617000,429.2693061745762,96
2024-09-20 15:23:42.694000,429.2511894275818,10
2024-09-20 15:23:42.734000,429.2406797717388,995
2024-09-20 15:23:42.907000,429.261143282072,97
2024-09-20 15:23:42.972000,429.2376009628596,995
2024-09-20 15:23:43.077000,429.2797811499822,98
2024-09-20 15:23:43.169000,429.3551722183042,1005
2024-09-20 15:23:43.204000,429.3509955320305,996
2024-09-20 15:23:43.316000,429.33244644911485,105
2024-09-20 15:23:43.427000,429.3461503696124,1001
2024-09-20 15:23:43.429000,429.3147773583546,995
2024-09-20 15:23:43.446000,429.3510498271136,100
2024-09-20 15:23:43.645000,429.3535482296568,96
2024-09-20 15:23:43.651000,429.2477105362141,1005
2024-09-20 15:23:43.669000,429.29681293387387,102
2024-09-20 15:23:43.696000,429.2304677487751,15
2024-09-20 15:23:43.768000,429.33714264167946,15
2024-09-20 15:23:43.784000,429.23852646303845,999
2024-09-20 15:23:43.823000,429.2308032669532,996
2024-09-20 15:23:43.837000,429.3523398177152,1000
2024-09-20 15:23:43.945000,429.37877075783615,6
2024-09-20 15:23:44.006000,429.40068052960174,996
2024-09-20 15:23:44.065000,429.40927558768703,100
2024-09-20 15:23:44.098000,429.46284509278655,1004
2024-09-20 15:23:44.234000,429.4514743119608,1004
2024-09-20 15:23:44.268000,429.43993595314106,10
2024-09-20 15:23:44.315000,429.4538778974584,95
2024-09-20 15:23:44.374000,429.39523932892007,996
2024-09-20 15:23:44.379000,429.4303497362308,97
2024-09-20 15:23:44.427000,429.4501991972775,102
2024-09-20 15:23:44.442000,429.4711402424416,997
2024-09-20 15:23:44.486000,429.4810630899349,100
2024-09-20 15:23:44.524000,429.3701912069413,104
2024-09-20 15:23:44.662000,429.417384498248,98
2024-09-20 15:23:44.664000,429.4451474501822,1001
2024-09-20 15:23:44.739000,429.392988148652,999
2024-09-20 15:23:44.788000,429.44146226696864,105
2024-09-20 15:23:44.996000,429.4353007442602,98
2024-09-20 15:23:46.013000,429.4594099014153,105
2024-09-20 15:23:46.107000,429.438882231335,104
2024-09-20 15:23:46.121000,429.4802832812576,99
2024-09-20 15:23:46.158000,429.4344185576856,95
2024-09-20 15:23:46.226000,429.42635214638176,97
2024-09-20 15:23:46.261000,429.4272062848016,1001
2024-09-20 15:23:46.275000,429.4536487261363,9
2024-09-20 15:23:46.303000,429.43506060048287,101
2024-09-20 15:23:46.361000,429.42954964464826,996
2024-09-20 15:23:46.390000,429.44481229326834,1003
2024-09-20 15:23:46.449000,429.4241433303554,8
2024-09-20 15:23:46.461000,429.4492531236928,102
2024-09-20 15:23:46.533000,429.4655136087072,103
2024-09-20 15:23:46.574000,429.4645251829773,99
2024-09-20 15:23:46.747000,429.4411640393116,104
2024-09-20 15:23:46.786000,429.43838251777566,105
2024-09-20 15:23:46.814000,429.4315581880317,13
2024-09-20 15:23:46.824000,429.45530064241126,996
2024-09-20 15:23:46.847000,429.4285195806525,100
2024-09-20 15:23:46.863000,429.4700434257253,97
2024-09-20 15:23:46.991000,429.4434483378262,7
2024-09-20 15:23:47.086000,429.4335825957946,100
2024-09-20 15:23:47.099000,429.4158797485997,999
2024-09-20 15:23:47.133000,429.4061666877178,995
2024-09-20 15:23:47.134000,429.3266609326765,9
2024-09-20 15:23:47.167000,429.3166316001032,12
2024-09-20 15:23:47.204000,429.4176104458989,11
2024-09-20 15:23:47.206000,429.3629427566896,9
2024-09-20 15:23:47.228000,429.3926035602789,999
2024-09-20 15:23:47.358000,429.35707879063386,13
2024-09-20 15:23:47.383000,429.32632743951785,102
2024-09-20 15:23:47.419000,429.4139105888386,1005
2024-09-20 15:23:47.612000,429.3895115592043,1001
2024-09-20 15:23:47.632000,429.40004389849065,9
2024-09-20 15:23:47.696000,429.3693576846398,13
2024-09-20 15:23:47.703000,429.3783128572924,13
2024-09-20 15:23:47.719000,429.40143738531856,5
2024-09-20 15:23:47.724000,429.4403252597015,10
2024-09-20 15:23:47.787000,429.38062491948256,998
2024-09-20 15:23:47.808000,429.41427598840136,100
2024-09-20 15:23:47.811000,429.40018426250526,99
2024-09-20 15:23:47.824000,429.41016395888505,996
2024-09-20 15:23:47.832000,429.4181801406159,7
2024-09-20 15:23:47.838000,429.3717891547512,1003
2024-09-20 15:23:47.879000,429.401480221808,999
2024-09-20 15:23:47.889000,429.3875114781591,97
2024-09-20 15:23:47.958000,429.4090645132695,100
2024-09-20 15:23:47.988000,429.32472286379465,95
2024-09-20 15:23:48.059000,429.28978028514246,13
2024-09-20 15:23:48.827000,429.2794996591573,998
2024-09-20 15:23:48.937000,429.2848727250096,9
2024-09-20 15:23:49.091000,429.2876607224245,97
2024-09-20 15:23:49.157000,429.2576107606202,1002
2024-09-20 15:23:49.174000,429.2611003394828,996
2024-09-20 15:23:49.275000,429.2627423456193,102
2024-09-20 15:23:49.316000,423.9896785072028,99
2024-09-20 15:23:49.492000,429.2502868584898,10
2024-09-20 15:23:49.499000,429.2785684460258,103
2024-09-20 15:23:49.516000,429.2767820432752,96
2024-09-20 15:23:49.531000,429.2549972525859,105
2024-09-20 15:23:49.609000,429.2671996443826,995
2024-09-20 15:23:49.627000,429.2699916587487,999
2024-09-20 15:23:49.645000,429.28344430482935,995
2024-09-20 15:23:49.708000,429.2764336669124,97
2024-09-20 15:23:49.760000,429.2371679819789,1000
2024-09-20 15:23:49.993000,429.2851722097654,101
2024-09-20 15:23:50.002000,429.2224752858763,101
2024-09-20 15:23:50.091000,429.219957203233,104
2024-09-20 15:23:50.116000,429.2603398133868,14
2024-09-20 15:23:50.137000,429.2184256402527,14
2024-09-20 15:23:50.185000,429.2074369081012,95
2024-09-20 15:23:50.209000,429.1882644474864,1005
2024-09-20 15:23:50.306000,429.2078224880996,96
2024-09-20 15:23:50.561000,429.2345205693328,998
2024-09-20 15:23:50.581000,429.2346842849721,1000
2024-09-20 15:23:50.584000,429.21534473997207,101
2024-09-20 15:23:50.655000,429.2635432153729,9
2024-09-20 15:23:50.658000,429.2072897462876,999
2024-09-20 15:23:50.727000,429.2134658895311,1000
2024-09-20 15:23:50.732000,429.236441070033,995
2024-09-20 15:23:50.947000,429.23640414754857,103
2024-09-20 15:23:51.044000,429.2671122064916,96
2024-09-20 15:23:51.071000,429.2402262906512,103
2024-09-20 15:23:51.539000,429.258292555956,998
2024-09-20 15:23:51.631000,429.25157642666034,5
2024-09-20 15:23:51.763000,429.2514240981853,8
2024-09-20 15:23:51.765000,429.2627176557025,1005
2024-09-20 15:23:51.786000,429.2341268802213,8
2024-09-20 15:23:51.810000,429.2480528311572,14
2024-09-20 15:23:51.830000,429.2720869953085,1003
2024-09-20 15:23:52.021000,429.26595333590177,103
2024-09-20 15:23:52.076000,429.2836603323502,100
2024-09-20 15:23:52.082000,429.2915144823035,1004
2024-09-20 15:23:52.107000,429.2881172979506,6
2024-09-20 15:23:52.111000,429.2854664253595,104
2024-09-20 15:23:52.139000,429.2984684692248,102
2024-09-20 15:23:52.225000,429.3130123083084,95
2024-09-20 15:23:52.262000,429.3196178473953,999
2024-09-20 15:23:52.390000,429.2607107629489,995
2024-09-20 15:23:52.438000,429.2705299005953,7
2024-09-20 15:23:52.556000,429.28189839894856,97
2024-09-20 15:23:52.673000,429.2559022221402,995
2024-09-20 15:23:52.692000,429.2714440307013,13
2024-09-20 15:23:52.746000,429.2718765596516,9
2024-09-20 15:23:52.800000,429.2913268591242,995
2024-09-20 15:23:52.907000,429.2609294069362,999
2024-09-20 15:23:52.962000,429.28775134786326,12
2024-09-20 15:23:52.998000,429.3025139434662,99
2024-09-20 15:23:53.003000,429.28152004170215,99
2024-09-20 15:23:53.145000,429.3279760281817,13
2024-09-20 15:23:53.155000,429.2505413387439,996
2024-09-20 15:23:53.156000,429.29296706517766,103
2024-09-20 15:23:53.188000,429.2842454724012,12
2024-09-20 15:23:53.221000,429.2303946809562,96
2024-09-20 15:23:53.289000,429.2465892381017,105
2024-09-20 15:23:53.312000,429.2447953085077,15
2024-09-20 15:23:53.374000,429.27705777252726,100
2024-09-20 15:23:53.377000,429.3190049050793,1004
2024-09-20 15:23:53.396000,429.316865360408,101
2024-09-20 15:23:53.411000,429.2776061147253,14
2024-09-20 15:23:53.436000,429.3254469696506,103
2024-09-20 15:23:53.459000,429.329270271744,98
2024-09-20 15:23:53.514000,429.2676327383239,1004
2024-09-20 15:23:53.544000,429.2927224163323,99
2024-09-20 15:23:53.544000,429.2376795249731,996
2024-09-20 15:23:53.546000,429.2581986738254,96
2024-09-20 15:23:53.671000,429.3215538171614,97
2024-09-20 15:23:53.715000,429.252214945942,9
2024-09-20 15:23:53.760000,429.3152676205001,1000
2024-09-20 15:23:53.808000,429.245467763143,997
2024-09-20 15:23:53.855000,429.2885727957737,101
2024-09-20 15:23:53.901000,429.3273478171761,98
2024-09-20 15:23:53.903000,429.32626158330703,1002
2024-09-20 15:23:53.976000,429.3191525491702,995
2024-09-20 15:23:53.988000,429.2978955133007,100
2024-09-20 15:23:54.041000,429.2716847762608,996
2024-09-20 15:23:54.227000,429.271453561526,1001
2024-09-20 15:23:54.273000,429.2665627551826,996
2024-09-20 15:23:54.390000,429.28309410861687,14
2024-09-20 15:23:54.509000,429.2779464994507,996
2024-09-20 15:23:54.864000,429.2974034664326,997
2024-09-20 15:23:54.905000,429.2632660694941,9
2024-09-20 15:23:55.385000,429.2720832202657,15
2024-09-20 15:23:55.497000,429.2935408532673,99
2024-09-20 15:23:55.506000,429.3032101442507,95
2024-09-20 15:23:55.745000,429.27807881645214,996
2024-09-20 15:23:55.954000,429.2941445926796,5
2024-09-20 15:23:56,429.3406087230479,7
2024-09-20 15:23:56.014000,429.3044311517695,95
2024-09-20 15:23:56.092000,429.3286863280056,5
2024-09-20 15:23:56.098000,429.2983964699978,999
2024-09-20 15:23:56.111000,429.2897977692496,6
2024-09-20 15:23:56.232000,429.36463041259947,1004
2024-09-20 15:23:56.274000,429.32337211359584,6
2024-09-20 15:23:56.301000,429.26921491424736,15
2024-09-20 15:23:56.449000,429.3440448914734,1000
2024-09-20 15:23:56.462000,429.34867914900127,1001
2024-09-20 15:23:56.474000,429.3124421831912,999
2024-09-20 15:23:56.475000,429.30446250942185,98
2024-09-20 15:23:56.522000,429.31741742525713,13
2024-09-20 15:23:56.584000,429.279088797733,95
2024-09-20 15:23:56.605000,429.3032982562517,1002
2024-09-20 15:23:56.649000,429.2881654174289,103
2024-09-20 15:23:56.651000,429.3121915383652,13
2024-09-20 15:23:56.676000,429.2871329353907,103
2024-09-20 15:23:56.688000,429.3244562078416,101
2024-09-20 15:23:56.740000,429.3399364940842,1001
2024-09-20 15:23:56.758000,429.3212232106189,98
2024-09-20 15:23:56.767000,429.3459035578771,1002
2024-09-20 15:23:56.887000,429.3464151910293,99
2024-09-20 15:23:56.914000,429.29368012565607,104
2024-09-20 15:23:56.915000,429.36496712809145,101
2024-09-20 15:23:56.936000,429.3636343312846,96
2024-09-20 15:23:57.019000,429.29016255112526,96
2024-09-20 15:23:57.052000,429.2909075809054,9
2024-09-20 15:23:57.062000,429.31029938209633,9
2024-09-20 15:23:57.185000,429.3218970425645,997
2024-09-20 15:23:57.197000,429.2695099876703,101
2024-09-20 15:23:57.282000,429.2915109684545,13
2024-09-20 15:23:57.453000,429.2768688914271,8
2024-09-20 15:23:57.481000,429.30101883908,100
2024-09-20 15:23:57.499000,429.3006985624247,95
2024-09-20 15:23:57.571000,429.2960975685989,7
2024-09-20 15:23:57.645000,429.2963196951835,9
2024-09-20 15:23:57.685000,429.2741788227417,104
2024-09-20 15:23:57.792000,429.31454895246986,11
2024-09-20 15:23:57.875000,429.2787415823723,1005
2024-09-20 15:23:57.979000,429.33848724528593,1003
2024-09-20 15:23:58.025000,429.3377535699301,13
2024-09-20 15:23:58.046000,429.3535690821784,5
2024-09-20 15:23:58.105000,429.34296345932734,103
2024-09-20 15:23:58.108000,429.35483361152654,8
2024-09-20 15:23:58.204000,429.33174793753176,998
2024-09-20 15:23:58.243000,429.33377076995833,995
2024-09-20 15:23:58.266000,429.3414409324738,98
2024-09-20 15:23:58.272000,429.3161495488942,13
2024-09-20 15:23:58.300000,429.3520028882077,97
2024-09-20 15:23:58.341000,429.3446518670143,14
2024-09-20 15:23:58.345000,429.33469996296685,1003
2024-09-20 15:23:58.357000,429.3477019991438,996
2024-09-20 15:23:58.379000,429.32643896062746,995
2024-09-20 15:23:58.382000,429.348226486618,998
2024-09-20 15:23:58.388000,429.3360348492928,998
2024-09-20 15:23:58.401000,429.3272479117218,12
2024-09-20 15:23:58.431000,429.3419874359929,1000
2024-09-20 15:23:58.485000,429.3339844825799,14
2024-09-20 15:23:58.576000,429.3455274032973,9
2024-09-20 15:23:58.631000,429.350725278828,997
2024-09-20 15:23:58.711000,429.3425852859856,997
2024-09-20 15:23:58.733000,429.3691976268059,105
2024-09-20 15:23:58.751000,429.359673062484,10
2024-09-20 15:23:58.769000,429.34333657560506,997
2024-09-20 15:23:58.809000,429.3319222294697,98
2024-09-20 15:23:58.819000,429.3413400433405,8
2024-09-20 15:23:58.871000,429.34080870229445,1005
2024-09-20 15:23:58.933000,429.321087858636,104
2024-09-20 15:23:59.429000,429.359224744235,10
2024-09-20 15:23:59.474000,429.3402088251961,15
2024-09-20 15:23:59.689000,429.3476292524583,100
2024-09-20 15:23:59.732000,429.3599530056533,1005
