Timestamp,Price,Size
2024-09-17 15:09:00.042000,406.78928751649687,996
2024-09-17 15:09:00.170000,406.7876315717485,997
2024-09-17 15:09:00.218000,406.77414884621857,99
2024-09-17 15:09:00.387000,406.7842482951011,12
2024-09-17 15:09:00.414000,406.7615393339633,12
2024-09-17 15:09:00.540000,406.7830785412384,997
2024-09-17 15:09:00.654000,406.780409900836,99
2024-09-17 15:09:00.660000,406.80377283532295,998
2024-09-17 15:09:00.790000,406.7731152848267,1001
2024-09-17 15:09:00.844000,406.7899383251429,9
2024-09-17 15:09:00.902000,406.77022771652537,995
2024-09-17 15:09:00.913000,406.8086371630925,11
2024-09-17 15:09:00.967000,406.76658451978057,995
2024-09-17 15:09:01.046000,406.844191552279,104
2024-09-17 15:09:01.115000,406.8519088059133,101
2024-09-17 15:09:01.166000,406.8536549703251,105
2024-09-17 15:09:01.187000,406.8205447634169,6
2024-09-17 15:09:01.196000,406.81472588930376,95
2024-09-17 15:09:01.228000,406.8068301549412,105
2024-09-17 15:09:01.251000,406.813171779392,13
2024-09-17 15:09:01.271000,406.839288931574,1001
2024-09-17 15:09:01.308000,406.8221691470125,6
2024-09-17 15:09:01.386000,406.8118219767656,5
2024-09-17 15:09:01.422000,406.8093815883368,1002
2024-09-17 15:09:01.431000,406.80752250998495,10
2024-09-17 15:09:01.439000,406.8169037065588,100
2024-09-17 15:09:01.442000,406.8082615364428,15
2024-09-17 15:09:01.449000,406.7972592938288,13
2024-09-17 15:09:01.478000,406.8129150168393,996
2024-09-17 15:09:01.553000,406.8036752943727,1003
2024-09-17 15:09:01.567000,406.8132930056505,999
2024-09-17 15:09:01.569000,406.813705434202,103
2024-09-17 15:09:01.654000,406.7992007341378,10
2024-09-17 15:09:01.705000,406.8240049048492,998
2024-09-17 15:09:01.730000,406.8232515946896,99
2024-09-17 15:09:01.742000,406.84153801274937,9
2024-09-17 15:09:01.813000,406.8197462199485,100
2024-09-17 15:09:01.914000,406.8080827082415,15
2024-09-17 15:09:01.963000,406.8276775437178,1005
2024-09-17 15:09:01.970000,406.8091630401086,7
2024-09-17 15:09:02.232000,406.80534023173465,9
2024-09-17 15:09:02.999000,406.7849794519958,1005
2024-09-17 15:09:03.002000,406.7709507764968,105
2024-09-17 15:09:03.190000,406.79544256488106,998
2024-09-17 15:09:03.204000,406.76917032341686,1005
2024-09-17 15:09:03.260000,406.80725788753904,1000
2024-09-17 15:09:03.361000,406.7890936625203,103
2024-09-17 15:09:03.370000,406.79852665946805,6
2024-09-17 15:09:03.393000,406.81090075078873,5
2024-09-17 15:09:03.452000,406.8129798612006,101
2024-09-17 15:09:03.550000,406.80669637183536,1003
2024-09-17 15:09:03.602000,406.7910308754265,13
2024-09-17 15:09:03.637000,406.7930374381394,1001
2024-09-17 15:09:03.703000,406.8019092588166,98
2024-09-17 15:09:03.721000,406.7967771615078,1005
2024-09-17 15:09:03.940000,406.8015502108664,1000
2024-09-17 15:09:03.941000,406.79344083595225,95
2024-09-17 15:09:03.966000,406.7998983641572,99
2024-09-17 15:09:04.641000,406.83369984654826,98
2024-09-17 15:09:04.792000,406.8355691057268,105
2024-09-17 15:09:04.988000,406.8211371206755,1005
2024-09-17 15:09:04.996000,406.80396766427975,5
2024-09-17 15:09:05.054000,406.84021511311965,99
2024-09-17 15:09:05.057000,406.84012425225376,11
2024-09-17 15:09:05.073000,406.8284307185597,97
2024-09-17 15:09:05.077000,406.8461100019268,98
2024-09-17 15:09:05.097000,406.8259999114208,13
2024-09-17 15:09:05.150000,406.8191925596712,98
2024-09-17 15:09:05.163000,406.8158108761872,12
2024-09-17 15:09:05.177000,406.8427178896253,995
2024-09-17 15:09:05.208000,406.8264034616827,1005
2024-09-17 15:09:05.247000,406.84517359816977,1005
2024-09-17 15:09:05.307000,406.819519737613,1000
2024-09-17 15:09:05.337000,406.8325844178832,97
2024-09-17 15:09:05.369000,406.8206815382737,100
2024-09-17 15:09:05.423000,406.8307590902364,96
2024-09-17 15:09:05.507000,406.82255117492576,14
2024-09-17 15:09:05.678000,406.8355956095921,97
2024-09-17 15:09:05.724000,414.1137557513102,101
2024-09-17 15:09:05.749000,406.814808676392,11
2024-09-17 15:09:05.819000,406.8200147195224,104
2024-09-17 15:09:05.840000,406.8350288156858,96
2024-09-17 15:09:05.906000,406.82462322958617,103
2024-09-17 15:09:05.916000,406.8487567855281,97
2024-09-17 15:09:06.002000,406.9320591591281,99
2024-09-17 15:09:06.007000,406.9345779812402,996
2024-09-17 15:09:06.066000,406.9573073289069,101
2024-09-17 15:09:06.217000,406.93800325753193,1001
2024-09-17 15:09:06.271000,406.9427434439103,99
2024-09-17 15:09:06.493000,406.8821333049349,14
2024-09-17 15:09:06.505000,406.9291106591348,11
2024-09-17 15:09:06.527000,406.9503704498078,12
2024-09-17 15:09:06.569000,406.8761266864446,9
2024-09-17 15:09:06.580000,406.9196516150556,96
2024-09-17 15:09:06.676000,406.8783956097293,103
2024-09-17 15:09:06.677000,406.9211322157432,97
2024-09-17 15:09:06.680000,406.935386526453,95
2024-09-17 15:09:06.772000,406.9112463679859,100
2024-09-17 15:09:06.780000,406.9500568935042,102
2024-09-17 15:09:06.821000,406.9390096721425,10
2024-09-17 15:09:06.847000,406.92705277007127,104
2024-09-17 15:09:06.945000,406.8436319880138,6
2024-09-17 15:09:06.994000,406.90314031072506,997
2024-09-17 15:09:07.023000,406.8775588466375,1001
2024-09-17 15:09:07.029000,406.9237017169928,8
2024-09-17 15:09:07.076000,406.8949425890603,1004
2024-09-17 15:09:07.080000,406.9621110264995,9
2024-09-17 15:09:07.085000,406.95858044058497,8
2024-09-17 15:09:07.234000,406.9317499470609,1002
2024-09-17 15:09:07.249000,406.9547978564653,101
2024-09-17 15:09:07.366000,406.9503902846493,13
2024-09-17 15:09:07.404000,406.9369400355614,97
2024-09-17 15:09:07.471000,406.9452040854143,99
2024-09-17 15:09:07.591000,406.9631742016225,103
2024-09-17 15:09:07.606000,406.9490089248958,105
2024-09-17 15:09:07.656000,406.9015107187819,95
2024-09-17 15:09:07.732000,406.93592248665647,95
2024-09-17 15:09:07.749000,406.9506525155739,1005
2024-09-17 15:09:07.765000,406.9371730044823,95
2024-09-17 15:09:07.780000,406.9815373246375,10
2024-09-17 15:09:07.864000,406.9029930522747,98
2024-09-17 15:09:07.910000,406.9484240079888,14
2024-09-17 15:09:07.988000,406.9571229557655,1000
2024-09-17 15:09:08.019000,406.90172605690793,1004
2024-09-17 15:09:08.114000,406.8876989113361,105
2024-09-17 15:09:08.140000,406.9210164577382,103
2024-09-17 15:09:08.154000,406.90404550981,105
2024-09-17 15:09:08.190000,406.9137133238922,8
2024-09-17 15:09:08.248000,406.8774073159285,7
2024-09-17 15:09:08.249000,406.9178437059654,102
2024-09-17 15:09:08.250000,406.8598336015549,14
2024-09-17 15:09:08.265000,406.90091386605,1002
2024-09-17 15:09:08.306000,406.8634975991105,1000
2024-09-17 15:09:08.326000,406.8801773136914,996
2024-09-17 15:09:08.374000,406.8729371726826,998
2024-09-17 15:09:08.377000,406.8572628806762,103
2024-09-17 15:09:08.385000,406.8685630254605,7
2024-09-17 15:09:08.619000,406.8821754231888,8
2024-09-17 15:09:08.646000,406.9190426947256,103
2024-09-17 15:09:08.660000,406.8834021811053,13
2024-09-17 15:09:08.675000,406.876865472838,995
2024-09-17 15:09:08.705000,406.89901224683007,11
2024-09-17 15:09:08.713000,406.8568758743376,1003
2024-09-17 15:09:08.795000,406.8962137002911,1003
2024-09-17 15:09:08.842000,406.8691549501824,1000
2024-09-17 15:09:08.934000,406.87526084662494,9
2024-09-17 15:09:08.935000,406.890537688449,97
2024-09-17 15:09:08.963000,406.9118406142379,7
2024-09-17 15:09:08.982000,406.8781550847955,1004
2024-09-17 15:09:09.042000,406.9820391996883,5
2024-09-17 15:09:09.190000,406.9265347819903,99
2024-09-17 15:09:09.513000,406.9531922301109,95
2024-09-17 15:09:09.740000,406.9708720344097,95
2024-09-17 15:09:09.787000,406.9600331857453,9
2024-09-17 15:09:09.860000,414.1866612605414,998
2024-09-17 15:09:10.053000,406.9257690813858,9
2024-09-17 15:09:10.060000,406.8789761750159,1003
2024-09-17 15:09:10.198000,406.8350975949113,5
2024-09-17 15:09:10.222000,406.8673259266733,998
2024-09-17 15:09:10.247000,406.89706855869946,996
2024-09-17 15:09:10.271000,406.8451044990615,1005
2024-09-17 15:09:10.331000,406.9156005860853,5
2024-09-17 15:09:10.362000,406.9055931155255,7
2024-09-17 15:09:10.412000,406.8614218810672,13
2024-09-17 15:09:10.518000,406.832782771304,1004
2024-09-17 15:09:10.525000,406.9060733018959,13
2024-09-17 15:09:10.531000,406.8316704373581,101
2024-09-17 15:09:10.642000,406.9174673951755,96
2024-09-17 15:09:10.684000,406.8300741959986,999
2024-09-17 15:09:10.752000,406.8440877339999,101
2024-09-17 15:09:10.811000,406.8411004752062,97
2024-09-17 15:09:10.823000,406.83295588299353,105
2024-09-17 15:09:10.900000,406.9371012592744,1004
2024-09-17 15:09:10.934000,406.8581155957236,998
2024-09-17 15:09:11.020000,406.826991256092,98
2024-09-17 15:09:11.112000,406.8160657523821,102
2024-09-17 15:09:11.251000,406.85000886956647,11
2024-09-17 15:09:11.290000,406.8375464656653,9
2024-09-17 15:09:11.296000,406.818991089752,997
2024-09-17 15:09:11.339000,406.8959804860577,102
2024-09-17 15:09:11.381000,406.857936988432,997
2024-09-17 15:09:11.386000,406.81868450383286,15
2024-09-17 15:09:11.527000,406.8636643510393,97
2024-09-17 15:09:11.536000,406.8428761960026,1000
2024-09-17 15:09:11.549000,406.8391574279681,6
2024-09-17 15:09:11.575000,406.8789808019623,7
2024-09-17 15:09:11.599000,406.89412284885054,98
2024-09-17 15:09:11.616000,406.8144998874137,102
2024-09-17 15:09:11.639000,406.8299106379554,103
2024-09-17 15:09:11.681000,406.845830452284,7
2024-09-17 15:09:11.730000,406.821115602548,1002
2024-09-17 15:09:11.738000,406.8970127932825,101
2024-09-17 15:09:11.752000,406.8655075257162,997
2024-09-17 15:09:11.814000,406.83768330150593,101
2024-09-17 15:09:11.830000,406.830862527496,9
2024-09-17 15:09:11.874000,406.8744904089696,98
2024-09-17 15:09:11.891000,406.856393844176,100
2024-09-17 15:09:11.899000,406.8226498426216,104
2024-09-17 15:09:11.905000,406.839986618241,1001
2024-09-17 15:09:11.947000,406.8907550390104,5
2024-09-17 15:09:11.954000,406.8527383481147,995
2024-09-17 15:09:11.997000,406.855382754769,9
2024-09-17 15:09:12.011000,406.80873447077846,997
2024-09-17 15:09:12.025000,406.7998490259108,5
2024-09-17 15:09:12.104000,406.884002996227,1001
2024-09-17 15:09:12.190000,406.79678779608,1003
2024-09-17 15:09:12.194000,406.7890999435074,10
2024-09-17 15:09:12.207000,406.8661986807686,998
2024-09-17 15:09:12.217000,406.8923251516516,8
2024-09-17 15:09:12.302000,406.8206602510514,1004
2024-09-17 15:09:12.403000,406.831200581682,14
2024-09-17 15:09:12.438000,406.7767974277511,101
2024-09-17 15:09:12.496000,406.8020598664512,1004
2024-09-17 15:09:12.503000,406.7757289020933,995
2024-09-17 15:09:12.506000,406.8347730820062,99
2024-09-17 15:09:12.519000,406.83605122642456,1002
2024-09-17 15:09:12.563000,406.8341498249685,1003
2024-09-17 15:09:12.597000,406.8097637697287,1002
2024-09-17 15:09:12.601000,406.7851276275903,1000
2024-09-17 15:09:12.620000,406.82919469850265,101
2024-09-17 15:09:12.622000,406.8424604179339,101
2024-09-17 15:09:12.649000,406.8830937978944,101
2024-09-17 15:09:12.651000,406.88986933081935,1003
2024-09-17 15:09:12.810000,406.8311493972301,13
2024-09-17 15:09:12.819000,406.8423640064738,103
2024-09-17 15:09:12.923000,406.79893174408704,996
2024-09-17 15:09:12.923000,406.8898776788696,100
2024-09-17 15:09:12.925000,406.8517030461229,105
2024-09-17 15:09:12.952000,406.8136722926659,1004
2024-09-17 15:09:13.032000,406.9256717405118,1002
2024-09-17 15:09:13.092000,406.8975051897388,7
2024-09-17 15:09:13.594000,414.32982366966127,1004
2024-09-17 15:09:13.861000,406.9273974931209,96
2024-09-17 15:09:14.014000,406.9534169919818,12
2024-09-17 15:09:14.029000,407.00674066251867,105
2024-09-17 15:09:14.044000,406.94148083684365,1004
2024-09-17 15:09:14.098000,406.94984789143,99
2024-09-17 15:09:14.128000,406.9581894468488,8
2024-09-17 15:09:14.174000,406.95793255426975,998
2024-09-17 15:09:14.215000,407.01224881276767,8
2024-09-17 15:09:14.249000,406.98476306213695,6
2024-09-17 15:09:14.253000,406.9489334688848,97
2024-09-17 15:09:14.295000,406.93745858733456,95
2024-09-17 15:09:14.324000,407.02409761214864,999
2024-09-17 15:09:14.354000,406.9828002271296,98
2024-09-17 15:09:14.364000,406.9463185595599,6
2024-09-17 15:09:14.376000,406.98085284198805,8
2024-09-17 15:09:14.407000,406.9476512376747,999
2024-09-17 15:09:14.596000,406.9663214804784,96
2024-09-17 15:09:14.739000,406.96392007511946,10
2024-09-17 15:09:14.761000,407.0118483781637,9
2024-09-17 15:09:14.785000,406.9595088304891,995
2024-09-17 15:09:14.881000,406.9801987002864,11
2024-09-17 15:09:14.920000,406.9720541082023,999
2024-09-17 15:09:14.961000,406.9763464323792,14
2024-09-17 15:09:14.968000,407.00203385867326,98
2024-09-17 15:09:14.972000,406.9785045371495,999
2024-09-17 15:09:14.982000,406.9386068944138,1005
2024-09-17 15:09:14.986000,406.9625985797347,11
2024-09-17 15:09:15.036000,406.9680110148646,9
2024-09-17 15:09:15.095000,406.9615883395043,15
2024-09-17 15:09:15.096000,406.9764036689417,99
2024-09-17 15:09:15.203000,406.9793918244345,1003
2024-09-17 15:09:15.216000,406.992398716844,7
2024-09-17 15:09:15.227000,406.9523105929844,1001
2024-09-17 15:09:15.273000,406.96411748833407,997
2024-09-17 15:09:15.294000,406.9773805301724,995
2024-09-17 15:09:15.580000,406.950802579362,997
2024-09-17 15:09:15.629000,406.9694234592392,998
2024-09-17 15:09:15.768000,406.9798072346992,104
2024-09-17 15:09:15.959000,406.9760498704745,10
2024-09-17 15:09:16.053000,406.91837378966096,103
2024-09-17 15:09:16.093000,406.9206435183736,96
2024-09-17 15:09:16.384000,406.9417907647276,1003
2024-09-17 15:09:16.591000,406.9454617030456,999
2024-09-17 15:09:16.617000,406.93569759783713,1005
2024-09-17 15:09:16.653000,406.9533828218216,95
2024-09-17 15:09:16.713000,406.940721840988,12
2024-09-17 15:09:17.102000,406.9548765094599,97
2024-09-17 15:09:17.137000,406.94256103638594,101
2024-09-17 15:09:17.255000,406.8833534135508,96
2024-09-17 15:09:17.295000,406.9501783837603,103
2024-09-17 15:09:17.386000,406.8984312627745,999
2024-09-17 15:09:17.396000,406.859917244128,105
2024-09-17 15:09:17.519000,406.92696819521854,5
2024-09-17 15:09:17.524000,406.8831764633137,99
2024-09-17 15:09:17.560000,406.89821307364696,11
2024-09-17 15:09:17.778000,406.9396056655374,97
2024-09-17 15:09:18.088000,406.8238405329736,13
2024-09-17 15:09:18.102000,406.8586299717878,97
2024-09-17 15:09:18.167000,406.8478815230856,12
2024-09-17 15:09:18.196000,406.8391243526648,105
2024-09-17 15:09:18.261000,406.8559016758049,995
2024-09-17 15:09:18.330000,406.8504735270232,995
2024-09-17 15:09:18.334000,406.8327437759573,6
2024-09-17 15:09:18.370000,406.818595241633,1004
2024-09-17 15:09:18.450000,406.8306889879148,95
2024-09-17 15:09:18.469000,406.8568349791989,15
2024-09-17 15:09:18.530000,406.8445998388525,999
2024-09-17 15:09:18.584000,406.8262909552216,105
2024-09-17 15:09:18.651000,406.8196998093628,97
2024-09-17 15:09:18.661000,406.8729550219449,995
2024-09-17 15:09:18.670000,406.8316962172871,96
2024-09-17 15:09:18.681000,406.8462678938188,105
2024-09-17 15:09:18.724000,406.82486574583135,97
2024-09-17 15:09:18.753000,406.8546437577837,5
2024-09-17 15:09:18.847000,406.85336681074585,997
2024-09-17 15:09:18.855000,406.8358089774754,101
2024-09-17 15:09:18.996000,406.843728242853,99
2024-09-17 15:09:19.029000,406.866082219349,99
2024-09-17 15:09:19.064000,406.8252895036092,11
2024-09-17 15:09:19.087000,406.8484677791741,97
2024-09-17 15:09:19.178000,414.4537693166598,1005
2024-09-17 15:09:19.179000,406.8501943433456,5
2024-09-17 15:09:19.181000,406.8333356424185,995
2024-09-17 15:09:19.298000,406.8361586878695,999
2024-09-17 15:09:19.326000,406.87274134763146,1001
2024-09-17 15:09:19.341000,406.8555464052691,996
2024-09-17 15:09:19.352000,406.83400950182687,1000
2024-09-17 15:09:19.388000,406.85497874434384,101
2024-09-17 15:09:19.465000,406.83368466516526,95
2024-09-17 15:09:19.488000,406.8388552699734,104
2024-09-17 15:09:19.493000,406.8253664697962,997
2024-09-17 15:09:19.512000,406.8520131451944,5
2024-09-17 15:09:19.609000,406.8425292131504,103
2024-09-17 15:09:19.641000,406.8195276603191,105
2024-09-17 15:09:19.665000,406.8521579285354,5
2024-09-17 15:09:19.737000,406.8344352776045,104
2024-09-17 15:09:19.773000,406.84910221933313,103
2024-09-17 15:09:19.776000,406.8524550257228,100
2024-09-17 15:09:19.866000,406.8435836313955,11
2024-09-17 15:09:19.919000,406.8375963335459,105
2024-09-17 15:09:19.923000,406.8346906311182,15
2024-09-17 15:09:19.953000,406.858114188344,12
2024-09-17 15:09:19.979000,406.85685482284384,12
2024-09-17 15:09:20.042000,406.9307034705016,103
2024-09-17 15:09:20.129000,406.8813733683309,97
2024-09-17 15:09:20.135000,406.9214429955981,13
2024-09-17 15:09:20.168000,414.5031602233869,11
2024-09-17 15:09:20.183000,406.9688939780789,1003
2024-09-17 15:09:20.255000,406.9192878418568,5
2024-09-17 15:09:20.346000,406.95161703718,1004
2024-09-17 15:09:20.407000,406.9173854298904,12
2024-09-17 15:09:20.521000,406.91837396728346,11
2024-09-17 15:09:20.546000,406.90709202599504,1003
2024-09-17 15:09:20.583000,406.9238016449848,97
2024-09-17 15:09:20.594000,406.8696971644952,11
2024-09-17 15:09:20.704000,406.9698067560941,10
2024-09-17 15:09:20.768000,406.8740662283229,10
2024-09-17 15:09:20.795000,406.9274063212088,9
2024-09-17 15:09:20.874000,406.9265158190119,1004
2024-09-17 15:09:20.939000,406.91529901344296,101
2024-09-17 15:09:20.963000,406.933259796816,1003
2024-09-17 15:09:21.058000,406.9221948734511,96
2024-09-17 15:09:21.068000,406.9052145567848,103
2024-09-17 15:09:21.161000,406.9528502871868,96
2024-09-17 15:09:21.166000,406.9144854325572,1001
2024-09-17 15:09:21.176000,406.9541685658588,11
2024-09-17 15:09:21.353000,407.02148184086246,11
2024-09-17 15:09:21.380000,406.9504842869852,5
2024-09-17 15:09:21.443000,406.93810822641785,997
2024-09-17 15:09:21.470000,406.9435807482903,96
2024-09-17 15:09:21.589000,407.0062175269327,7
2024-09-17 15:09:21.713000,406.9136180045141,14
2024-09-17 15:09:21.742000,406.9347230674732,11
2024-09-17 15:09:21.755000,406.9433990083052,1005
2024-09-17 15:09:21.843000,406.9602717122834,98
2024-09-17 15:09:21.857000,406.90357655009393,1004
2024-09-17 15:09:21.878000,406.989644885888,6
2024-09-17 15:09:21.896000,407.0186060821809,1004
2024-09-17 15:09:21.898000,406.937131411846,1001
2024-09-17 15:09:21.908000,406.95260192758366,100
2024-09-17 15:09:21.908000,406.9687999143643,1003
2024-09-17 15:09:22.017000,407.0514144015853,1004
2024-09-17 15:09:22.027000,407.04363980806926,105
2024-09-17 15:09:22.034000,407.0742481507131,1002
2024-09-17 15:09:22.035000,407.0747260322225,99
2024-09-17 15:09:22.054000,414.4139769726912,11
2024-09-17 15:09:22.170000,407.07349044832046,102
2024-09-17 15:09:22.206000,407.0409525205472,8
2024-09-17 15:09:22.231000,407.0310473173035,102
2024-09-17 15:09:22.236000,407.0099903578097,1001
2024-09-17 15:09:22.303000,407.04806766489367,1003
2024-09-17 15:09:22.307000,407.03210430001127,996
2024-09-17 15:09:22.406000,407.09034157418097,1002
2024-09-17 15:09:22.432000,407.0623243269496,5
2024-09-17 15:09:22.442000,407.0264107017294,997
2024-09-17 15:09:22.487000,407.101051598027,97
2024-09-17 15:09:22.595000,407.0394194219454,12
2024-09-17 15:09:22.610000,407.0834386555169,95
2024-09-17 15:09:22.612000,407.0971530926333,5
2024-09-17 15:09:22.613000,407.0495117733986,104
2024-09-17 15:09:22.666000,407.0854988938948,105
2024-09-17 15:09:22.704000,407.0349716083539,995
2024-09-17 15:09:22.766000,407.0938612441735,105
2024-09-17 15:09:22.781000,407.0893892544971,6
2024-09-17 15:09:22.791000,407.0448705232852,1001
2024-09-17 15:09:22.824000,407.0931858935355,998
2024-09-17 15:09:22.839000,407.03346264522986,97
2024-09-17 15:09:22.852000,407.0916074750514,1005
2024-09-17 15:09:22.878000,407.0328636786681,6
2024-09-17 15:09:22.950000,407.0620166946141,999
2024-09-17 15:09:23.207000,407.060999008549,101
2024-09-17 15:09:23.409000,407.07187069831406,13
2024-09-17 15:09:23.432000,407.06000051721367,104
2024-09-17 15:09:23.746000,407.05959649998863,96
2024-09-17 15:09:24.173000,407.0476469860265,6
2024-09-17 15:09:24.192000,407.0349377987155,1004
2024-09-17 15:09:24.551000,407.0473048786531,1005
2024-09-17 15:09:24.787000,407.0589524182992,999
2024-09-17 15:09:25.047000,407.0647453255587,1001
2024-09-17 15:09:25.059000,407.098103039096,9
2024-09-17 15:09:25.130000,407.04330476392585,12
2024-09-17 15:09:25.141000,407.0377943230432,101
2024-09-17 15:09:25.166000,407.10336728226736,1004
2024-09-17 15:09:25.224000,407.1151024822858,96
2024-09-17 15:09:25.246000,407.0530773156631,13
2024-09-17 15:09:25.302000,407.1114026966107,12
2024-09-17 15:09:25.351000,407.0409039782734,11
2024-09-17 15:09:25.401000,407.0765923926001,105
2024-09-17 15:09:25.417000,407.1064498215285,95
2024-09-17 15:09:25.468000,407.0486564846332,15
2024-09-17 15:09:25.524000,407.0331952067589,1000
2024-09-17 15:09:25.605000,407.0940566938571,996
2024-09-17 15:09:25.655000,407.0988259613391,96
2024-09-17 15:09:25.662000,407.0403517720381,1004
2024-09-17 15:09:25.714000,407.0928544797448,999
2024-09-17 15:09:25.753000,407.1002237081724,6
2024-09-17 15:09:25.761000,407.0086188485815,14
2024-09-17 15:09:25.778000,407.0819606391374,10
2024-09-17 15:09:25.782000,407.0146929574499,1000
2024-09-17 15:09:25.815000,407.0369815606605,1000
2024-09-17 15:09:25.816000,407.1008582852488,1003
2024-09-17 15:09:25.864000,407.100356713375,6
2024-09-17 15:09:25.880000,407.04649113068274,10
2024-09-17 15:09:25.931000,407.0506840899798,101
2024-09-17 15:09:25.967000,407.0967447726687,102
2024-09-17 15:09:26.117000,407.0191585422178,97
2024-09-17 15:09:26.154000,407.0531590091091,15
2024-09-17 15:09:26.158000,406.9917295596556,7
2024-09-17 15:09:26.244000,407.0255754424078,11
2024-09-17 15:09:26.246000,407.0275134287642,997
2024-09-17 15:09:26.321000,407.02805270747183,1002
2024-09-17 15:09:26.328000,407.097401518541,103
2024-09-17 15:09:26.331000,407.0098474785216,7
2024-09-17 15:09:26.337000,406.99999646087497,13
2024-09-17 15:09:26.392000,406.9925587361497,105
2024-09-17 15:09:26.424000,407.0544296838931,1004
2024-09-17 15:09:26.454000,407.0463093304807,102
2024-09-17 15:09:26.551000,407.0791337842024,98
2024-09-17 15:09:26.570000,407.0708678919993,12
2024-09-17 15:09:26.597000,406.9922438170188,1002
2024-09-17 15:09:26.663000,406.99145578822754,15
2024-09-17 15:09:26.689000,407.0133493943263,1003
2024-09-17 15:09:26.742000,406.983682830606,104
2024-09-17 15:09:26.754000,407.0055662548023,1000
2024-09-17 15:09:26.774000,407.0248363397397,9
2024-09-17 15:09:26.783000,407.0152613266613,999
2024-09-17 15:09:26.798000,407.0522121466868,12
2024-09-17 15:09:26.849000,407.0437899059499,12
2024-09-17 15:09:26.849000,406.99705243091546,13
2024-09-17 15:09:26.906000,407.0192374462746,104
2024-09-17 15:09:26.975000,407.00741552491786,8
2024-09-17 15:09:26.987000,407.0244591849492,995
2024-09-17 15:09:26.997000,407.0044692089747,998
2024-09-17 15:09:27.245000,406.9789996390664,11
2024-09-17 15:09:27.822000,406.999854692736,102
2024-09-17 15:09:28.047000,414.3403708779705,1001
2024-09-17 15:09:28.209000,406.9868433678884,105
2024-09-17 15:09:29.094000,407.0859685673929,997
2024-09-17 15:09:29.111000,407.0192702521934,8
2024-09-17 15:09:29.123000,407.0693881819748,5
2024-09-17 15:09:29.137000,407.0449500164604,1000
2024-09-17 15:09:29.212000,407.0358767533645,996
2024-09-17 15:09:29.222000,407.07298827689954,1002
2024-09-17 15:09:29.238000,407.052207347496,997
2024-09-17 15:09:29.271000,407.0812340259761,15
2024-09-17 15:09:29.370000,407.06127270201233,15
2024-09-17 15:09:29.408000,407.0746126015377,998
2024-09-17 15:09:29.436000,407.05727850754295,97
2024-09-17 15:09:29.470000,407.07853479475807,99
2024-09-17 15:09:29.501000,407.0690679550428,1001
2024-09-17 15:09:29.505000,407.0503703260054,100
2024-09-17 15:09:29.545000,407.0273866681951,10
2024-09-17 15:09:29.579000,407.0623336844775,97
2024-09-17 15:09:29.659000,407.04354816155166,97
2024-09-17 15:09:29.666000,406.9991935856949,998
2024-09-17 15:09:29.705000,407.0169462700105,15
2024-09-17 15:09:29.708000,407.0514161744389,104
2024-09-17 15:09:29.758000,407.01084040426366,6
2024-09-17 15:09:29.770000,407.0756487448351,102
2024-09-17 15:09:29.807000,407.071986776014,8
2024-09-17 15:09:29.825000,407.0167038213447,102
2024-09-17 15:09:29.852000,407.05253694600697,12
2024-09-17 15:09:29.874000,407.0623343036129,99
2024-09-17 15:09:30.143000,407.115638863525,95
2024-09-17 15:09:30.176000,407.1008874339687,13
2024-09-17 15:09:31.022000,407.13899008943554,97
2024-09-17 15:09:31.046000,407.1219800381342,101
2024-09-17 15:09:31.309000,407.1488097714076,96
2024-09-17 15:09:31.323000,407.1434743422207,997
2024-09-17 15:09:31.357000,407.13077947886006,10
2024-09-17 15:09:31.368000,407.1196137017992,95
2024-09-17 15:09:31.440000,407.1334381870207,1005
2024-09-17 15:09:31.443000,407.1444588119002,12
2024-09-17 15:09:31.515000,407.14029523786814,996
2024-09-17 15:09:31.663000,407.1394647622742,105
2024-09-17 15:09:31.752000,407.12743727850426,12
2024-09-17 15:09:31.838000,407.1264059125919,995
2024-09-17 15:09:31.862000,407.1364193286513,14
2024-09-17 15:09:31.919000,407.1239706191356,1001
2024-09-17 15:09:32.100000,407.1418708329218,9
2024-09-17 15:09:32.226000,407.1334278003652,101
2024-09-17 15:09:32.393000,407.13966411439264,13
2024-09-17 15:09:32.437000,407.1638693447931,995
2024-09-17 15:09:32.441000,407.1516727894523,995
2024-09-17 15:09:32.933000,407.1319617057008,103
2024-09-17 15:09:33.061000,407.1158706117863,97
2024-09-17 15:09:33.990000,407.1277672280072,5
2024-09-17 15:09:34.038000,407.132440310876,14
2024-09-17 15:09:34.101000,407.1541788697442,10
2024-09-17 15:09:34.106000,407.1616984405041,1005
2024-09-17 15:09:34.189000,407.1231044142177,1003
2024-09-17 15:09:34.244000,407.12011748534337,1001
2024-09-17 15:09:34.430000,407.1171685323726,1003
2024-09-17 15:09:34.489000,407.1257023928968,100
2024-09-17 15:09:34.586000,407.14269775492113,999
2024-09-17 15:09:34.700000,407.13503234315687,1003
2024-09-17 15:09:34.860000,407.1505942653434,6
2024-09-17 15:09:34.863000,407.1838442951878,1002
2024-09-17 15:09:34.951000,407.1739496328757,98
2024-09-17 15:09:34.973000,407.10830646440974,6
2024-09-17 15:09:34.991000,407.127516023264,104
2024-09-17 15:09:35.029000,407.1857401339148,14
2024-09-17 15:09:35.128000,407.17370114278685,5
2024-09-17 15:09:35.138000,407.1905199750528,98
2024-09-17 15:09:35.146000,407.1939018677394,14
2024-09-17 15:09:35.251000,407.1868900845451,95
2024-09-17 15:09:35.401000,407.17971355156,95
2024-09-17 15:09:35.433000,407.1822192466777,996
2024-09-17 15:09:35.698000,407.1576583879793,999
2024-09-17 15:09:35.912000,407.1854121224607,995
2024-09-17 15:09:35.998000,407.15076825711054,12
2024-09-17 15:09:36.101000,407.168338885677,995
2024-09-17 15:09:36.358000,407.1739495747004,1004
2024-09-17 15:09:36.431000,407.1845124803569,6
2024-09-17 15:09:36.481000,407.2100298653207,14
2024-09-17 15:09:36.483000,407.2166694430945,12
2024-09-17 15:09:36.536000,407.2045097964764,1004
2024-09-17 15:09:36.609000,407.182417469178,1002
2024-09-17 15:09:36.631000,407.19177417601816,100
2024-09-17 15:09:36.635000,407.2048051879892,99
2024-09-17 15:09:36.740000,407.1937841739479,995
2024-09-17 15:09:36.755000,407.1969329026619,5
2024-09-17 15:09:36.775000,407.2124080987704,1005
2024-09-17 15:09:36.876000,407.2108238407568,104
2024-09-17 15:09:36.903000,407.2240631641232,99
2024-09-17 15:09:36.922000,407.1859811793343,1002
2024-09-17 15:09:37.017000,407.2067800228629,13
2024-09-17 15:09:37.180000,407.2198891628384,1004
2024-09-17 15:09:37.202000,407.180428744276,1005
2024-09-17 15:09:37.202000,407.18876646334286,14
2024-09-17 15:09:37.215000,407.1982374775409,13
2024-09-17 15:09:37.316000,407.2123660907305,996
2024-09-17 15:09:37.372000,407.1865490359626,104
2024-09-17 15:09:37.563000,407.1905336567492,1005
2024-09-17 15:09:37.659000,407.19986366143735,10
2024-09-17 15:09:37.676000,407.183938330806,99
2024-09-17 15:09:37.677000,407.1865859039432,99
2024-09-17 15:09:37.883000,407.198710805696,15
2024-09-17 15:09:38.221000,414.2401277757235,1004
2024-09-17 15:09:38.252000,407.21754912083566,996
2024-09-17 15:09:39.009000,407.1885272651076,995
2024-09-17 15:09:39.170000,414.1856379953259,13
2024-09-17 15:09:39.173000,407.2315072990574,11
2024-09-17 15:09:39.190000,407.2350610360858,7
2024-09-17 15:09:39.194000,407.1963475571168,101
2024-09-17 15:09:39.228000,407.228742758599,6
2024-09-17 15:09:39.228000,407.21060653659913,996
2024-09-17 15:09:39.326000,407.24676088782,100
2024-09-17 15:09:39.467000,407.2009571241933,8
2024-09-17 15:09:39.612000,407.205489216781,12
2024-09-17 15:09:39.649000,407.23908653285656,12
2024-09-17 15:09:39.725000,407.20398761482033,6
2024-09-17 15:09:39.733000,407.192988142849,995
2024-09-17 15:09:39.738000,407.1957991997489,104
2024-09-17 15:09:39.822000,407.2227994129826,99
2024-09-17 15:09:39.845000,407.2357063012841,1003
2024-09-17 15:09:39.885000,407.240859598114,1004
2024-09-17 15:09:39.897000,407.22753739215966,8
2024-09-17 15:09:39.915000,407.23253153884167,8
2024-09-17 15:09:39.961000,407.2355379049039,998
2024-09-17 15:09:40.106000,407.215605193308,104
2024-09-17 15:09:40.193000,407.2686662492906,7
2024-09-17 15:09:40.331000,407.2206001791377,96
2024-09-17 15:09:40.339000,407.28131974557584,6
2024-09-17 15:09:40.378000,407.2695818650417,1004
2024-09-17 15:09:40.642000,407.2724262557754,15
2024-09-17 15:09:40.643000,407.2782677995172,100
2024-09-17 15:09:40.682000,407.254610846352,101
2024-09-17 15:09:40.780000,407.1995669701553,997
2024-09-17 15:09:40.803000,407.21487932678633,995
2024-09-17 15:09:40.905000,407.23851644181593,99
2024-09-17 15:09:40.910000,414.1762297270374,9
2024-09-17 15:09:41.004000,407.2683879795499,12
2024-09-17 15:09:41.123000,407.22039596446353,5
2024-09-17 15:09:41.125000,407.31315618104446,1001
2024-09-17 15:09:41.156000,407.2241672858237,15
2024-09-17 15:09:41.295000,407.24519383833984,996
2024-09-17 15:09:41.347000,407.2395161242038,7
2024-09-17 15:09:41.363000,407.2615967467568,6
2024-09-17 15:09:41.379000,407.29674726036507,103
2024-09-17 15:09:41.466000,407.2611609748106,13
2024-09-17 15:09:41.469000,407.2987559055102,95
2024-09-17 15:09:41.470000,407.21921060169046,1003
2024-09-17 15:09:41.502000,407.2594220214184,12
2024-09-17 15:09:41.621000,407.23168738329366,1002
2024-09-17 15:09:41.708000,407.2386399215927,102
2024-09-17 15:09:41.804000,407.2172162451464,96
2024-09-17 15:09:41.806000,407.2341058355876,1002
2024-09-17 15:09:41.829000,407.26031183530233,12
2024-09-17 15:09:41.829000,407.2289292876507,12
2024-09-17 15:09:41.927000,407.2732561483132,1004
2024-09-17 15:09:41.949000,407.22455150335327,1001
2024-09-17 15:09:42,407.2071950683975,5
2024-09-17 15:09:42.081000,407.2400053708727,100
2024-09-17 15:09:42.085000,407.263036206078,996
2024-09-17 15:09:42.102000,407.252870753804,998
2024-09-17 15:09:42.186000,407.2557869734922,999
2024-09-17 15:09:42.229000,407.26762246994775,1004
2024-09-17 15:09:42.282000,407.2718756640385,1002
2024-09-17 15:09:42.302000,407.253307737661,6
2024-09-17 15:09:42.329000,407.23242752568177,15
2024-09-17 15:09:42.349000,407.2595485754469,5
2024-09-17 15:09:42.421000,407.22730727090055,997
2024-09-17 15:09:42.424000,407.22383254010185,6
2024-09-17 15:09:42.432000,407.21775564442606,1000
2024-09-17 15:09:42.458000,407.238954471744,12
2024-09-17 15:09:42.500000,407.2293294461536,105
2024-09-17 15:09:42.562000,407.2262501912247,100
2024-09-17 15:09:42.615000,407.23376855135257,7
2024-09-17 15:09:42.644000,407.2793392015248,13
2024-09-17 15:09:42.673000,407.24474007178674,98
2024-09-17 15:09:42.765000,407.26429625256014,995
2024-09-17 15:09:42.767000,407.23980999938806,100
2024-09-17 15:09:42.863000,407.2829014326516,14
2024-09-17 15:09:42.880000,407.2608740408086,6
2024-09-17 15:09:42.887000,407.2481053840007,5
2024-09-17 15:09:42.892000,407.26469237855366,103
2024-09-17 15:09:42.917000,407.2674972636358,95
2024-09-17 15:09:42.925000,407.2534495347123,14
2024-09-17 15:09:43.154000,407.26519844324383,102
2024-09-17 15:09:43.208000,407.2435903048475,96
2024-09-17 15:09:43.316000,407.2400284302108,14
2024-09-17 15:09:43.486000,407.2505438842565,98
2024-09-17 15:09:43.621000,407.2577754903931,5
2024-09-17 15:09:44.035000,414.1482325191898,102
2024-09-17 15:09:45.009000,407.16766705380553,105
2024-09-17 15:09:45.239000,407.173400660758,11
2024-09-17 15:09:45.290000,407.1609342929817,10
2024-09-17 15:09:45.427000,407.25286809468514,101
2024-09-17 15:09:45.521000,407.2216299499663,99
2024-09-17 15:09:45.535000,407.232168769406,995
2024-09-17 15:09:45.544000,407.17546998642894,105
2024-09-17 15:09:45.597000,407.2539016113498,1001
2024-09-17 15:09:45.625000,407.1752251506725,1003
2024-09-17 15:09:45.643000,407.2277299082205,7
2024-09-17 15:09:45.748000,407.2048980224168,101
2024-09-17 15:09:45.836000,407.1551624785639,999
2024-09-17 15:09:45.905000,407.2459873970501,998
2024-09-17 15:09:46.143000,407.2429130525159,97
2024-09-17 15:09:46.172000,407.2112730643588,1000
2024-09-17 15:09:46.186000,407.2639766278975,100
2024-09-17 15:09:46.281000,407.2768488605019,14
2024-09-17 15:09:46.375000,407.2348312697625,998
2024-09-17 15:09:46.427000,407.28727896003954,1002
2024-09-17 15:09:46.440000,407.2072758666458,101
2024-09-17 15:09:46.484000,407.2543677879844,995
2024-09-17 15:09:46.508000,407.2767025146144,995
2024-09-17 15:09:46.593000,407.1719194812648,101
2024-09-17 15:09:46.666000,407.20150973979554,12
2024-09-17 15:09:46.706000,407.3030961940218,15
2024-09-17 15:09:46.742000,407.2112047929859,96
2024-09-17 15:09:46.748000,407.2439123559336,98
2024-09-17 15:09:46.786000,407.2405888941769,8
2024-09-17 15:09:46.798000,407.19646632859406,7
2024-09-17 15:09:46.818000,407.27779594573394,998
2024-09-17 15:09:46.821000,407.29704049589134,7
2024-09-17 15:09:46.910000,407.1726641753566,13
2024-09-17 15:09:46.963000,407.24990477118325,1002
2024-09-17 15:09:46.988000,407.2810384207141,8
2024-09-17 15:09:46.994000,407.284892659365,13
2024-09-17 15:09:47.084000,407.27838690697695,15
2024-09-17 15:09:47.365000,407.2895884335145,101
2024-09-17 15:09:47.588000,407.2839656998269,10
2024-09-17 15:09:47.614000,407.2847394673918,10
2024-09-17 15:09:47.651000,407.3012215658644,1001
2024-09-17 15:09:47.699000,407.2949450416193,995
2024-09-17 15:09:47.727000,407.2950190805011,13
2024-09-17 15:09:47.831000,407.27765607278775,6
2024-09-17 15:09:47.859000,407.2789024009953,1001
2024-09-17 15:09:47.885000,414.165433098356,7
2024-09-17 15:09:48.308000,407.2782819141394,999
2024-09-17 15:09:48.475000,407.301632005445,11
2024-09-17 15:09:49.023000,407.3036181779667,998
2024-09-17 15:09:49.100000,407.3432774800235,98
2024-09-17 15:09:49.114000,407.32062904312704,998
2024-09-17 15:09:49.173000,407.2844716230678,1000
2024-09-17 15:09:49.181000,407.29953473735367,7
2024-09-17 15:09:49.192000,407.3839120386571,96
2024-09-17 15:09:49.200000,407.3362195912768,102
2024-09-17 15:09:49.235000,407.3695763401527,103
2024-09-17 15:09:49.250000,407.35981484228415,104
2024-09-17 15:09:49.301000,407.2875693082632,100
2024-09-17 15:09:49.347000,407.280453674188,1001
2024-09-17 15:09:49.356000,407.2925061906969,1002
2024-09-17 15:09:49.369000,407.4190462534022,996
2024-09-17 15:09:49.423000,407.3616645934866,10
2024-09-17 15:09:49.456000,407.3614401591496,7
2024-09-17 15:09:49.466000,407.3578966457305,97
2024-09-17 15:09:49.472000,407.3067648477878,104
2024-09-17 15:09:49.542000,407.30100813819024,13
2024-09-17 15:09:49.636000,407.296587631043,12
2024-09-17 15:09:49.638000,407.2880773799135,1001
2024-09-17 15:09:49.674000,407.3032387798991,6
2024-09-17 15:09:49.769000,407.3666480834832,101
2024-09-17 15:09:49.836000,407.3856343982635,13
2024-09-17 15:09:49.854000,407.3659824688912,1005
2024-09-17 15:09:49.869000,407.4155184935743,999
2024-09-17 15:09:49.890000,407.2909374712014,95
2024-09-17 15:09:49.924000,407.3593340307795,1002
2024-09-17 15:09:49.929000,407.2874708644905,100
2024-09-17 15:09:49.971000,407.4078073981696,15
2024-09-17 15:09:50.059000,407.4562918740703,9
2024-09-17 15:09:50.165000,407.4933696864188,12
2024-09-17 15:09:50.204000,407.4225720324716,1002
2024-09-17 15:09:50.223000,407.4649898260511,98
2024-09-17 15:09:50.334000,407.4388795742387,1003
2024-09-17 15:09:50.529000,407.4433314805855,1001
2024-09-17 15:09:50.530000,407.45464954818266,97
2024-09-17 15:09:50.639000,407.463526533911,14
2024-09-17 15:09:50.644000,407.48700756232734,14
2024-09-17 15:09:50.886000,407.46614787652,6
2024-09-17 15:09:51.011000,407.461692228074,104
2024-09-17 15:09:51.096000,407.46394875811336,997
2024-09-17 15:09:51.157000,407.44312978269016,95
2024-09-17 15:09:51.213000,407.4806196903812,6
2024-09-17 15:09:51.312000,407.4637301505082,7
2024-09-17 15:09:51.322000,407.4696337070061,101
2024-09-17 15:09:51.326000,407.47302531485445,15
2024-09-17 15:09:51.365000,407.4348483665114,10
2024-09-17 15:09:51.439000,407.4702216101173,6
2024-09-17 15:09:51.527000,407.4767704428254,996
2024-09-17 15:09:51.528000,407.4681526677674,1004
2024-09-17 15:09:51.629000,407.4769319865502,12
2024-09-17 15:09:51.639000,407.4468396092373,104
2024-09-17 15:09:51.688000,407.4299794909657,14
2024-09-17 15:09:51.752000,407.4653934264508,999
2024-09-17 15:09:51.757000,407.45823469097576,5
2024-09-17 15:09:51.836000,407.4754561990033,14
2024-09-17 15:09:51.894000,407.4618951171082,11
2024-09-17 15:09:51.907000,407.4625162117116,13
2024-09-17 15:09:51.911000,407.465865715878,14
2024-09-17 15:09:51.919000,407.49651390298885,101
2024-09-17 15:09:52.056000,407.46023589811466,9
2024-09-17 15:09:52.156000,407.49527822266896,11
2024-09-17 15:09:52.220000,407.4721780060953,995
2024-09-17 15:09:52.225000,407.4343338526686,997
2024-09-17 15:09:52.284000,407.4287497945832,1003
2024-09-17 15:09:52.462000,407.50378304081,13
2024-09-17 15:09:52.514000,407.440472559408,995
2024-09-17 15:09:52.534000,407.4585246757663,1002
2024-09-17 15:09:52.545000,407.48233625862383,7
2024-09-17 15:09:52.561000,407.4101514524777,95
2024-09-17 15:09:52.599000,407.4528452009059,1004
2024-09-17 15:09:52.625000,407.4920347357186,103
2024-09-17 15:09:52.666000,407.4596143541725,8
2024-09-17 15:09:52.676000,407.4898060763103,8
2024-09-17 15:09:52.701000,407.48979936124937,98
2024-09-17 15:09:52.716000,407.43676690115296,15
2024-09-17 15:09:52.922000,407.424524929488,997
2024-09-17 15:09:52.931000,407.4864042515454,105
2024-09-17 15:09:53.080000,407.4316481605868,14
2024-09-17 15:09:53.108000,407.378307003348,996
2024-09-17 15:09:53.137000,407.4200800305531,103
2024-09-17 15:09:53.147000,407.4267043888128,1000
2024-09-17 15:09:53.192000,407.4295605754076,1001
2024-09-17 15:09:53.206000,407.41947592469495,98
2024-09-17 15:09:53.207000,407.3533372740767,97
2024-09-17 15:09:53.212000,407.37069606012665,10
2024-09-17 15:09:53.213000,407.3890739443386,995
2024-09-17 15:09:53.302000,407.41862674947305,997
2024-09-17 15:09:53.324000,407.4147456530661,100
2024-09-17 15:09:53.355000,407.4073485496073,96
2024-09-17 15:09:53.387000,407.41835342256326,995
2024-09-17 15:09:53.407000,407.3552330067967,103
2024-09-17 15:09:53.417000,407.390995105019,104
2024-09-17 15:09:53.455000,407.39224089303286,99
2024-09-17 15:09:53.472000,407.3491091629142,105
2024-09-17 15:09:53.481000,407.4242544571625,998
2024-09-17 15:09:53.635000,407.3507102485861,96
2024-09-17 15:09:53.761000,407.370183934656,997
2024-09-17 15:09:53.764000,407.36428630689227,998
2024-09-17 15:09:53.789000,407.36506774707806,5
2024-09-17 15:09:53.795000,407.3573901958677,95
2024-09-17 15:09:53.865000,407.3648306978572,99
2024-09-17 15:09:53.882000,407.3617437027322,102
2024-09-17 15:09:53.982000,407.3958045249853,104
2024-09-17 15:09:53.990000,407.3908192338512,12
2024-09-17 15:09:53.991000,407.392130717936,100
2024-09-17 15:09:53.997000,407.4318263045246,100
2024-09-17 15:09:54.130000,407.2947289330284,97
2024-09-17 15:09:54.145000,407.30013120189705,98
2024-09-17 15:09:54.236000,407.24049495078987,97
2024-09-17 15:09:54.266000,407.2830890989832,103
2024-09-17 15:09:54.280000,407.2256978614214,1003
2024-09-17 15:09:54.283000,407.3409687649172,10
2024-09-17 15:09:54.336000,407.29699966907697,999
2024-09-17 15:09:54.338000,407.2922975882906,97
2024-09-17 15:09:54.362000,407.30522617236784,15
2024-09-17 15:09:54.382000,407.24857988331206,1002
2024-09-17 15:09:54.407000,407.311460562808,15
2024-09-17 15:09:54.531000,407.2267342400893,104
2024-09-17 15:09:54.554000,407.285146541533,1005
2024-09-17 15:09:54.655000,407.2750304837797,105
2024-09-17 15:09:54.691000,407.25596079897457,99
2024-09-17 15:09:54.838000,407.2559165686047,7
2024-09-17 15:09:54.913000,407.2813250192226,104
2024-09-17 15:09:54.942000,407.2299004691652,97
2024-09-17 15:09:54.963000,407.2928742819808,12
2024-09-17 15:09:55.028000,407.2394773698314,1005
2024-09-17 15:09:55.062000,407.2695414871806,99
2024-09-17 15:09:55.070000,407.2323254167837,8
2024-09-17 15:09:55.163000,407.27606521218775,1002
2024-09-17 15:09:55.171000,407.2257099417678,998
2024-09-17 15:09:55.191000,407.2312170552396,98
2024-09-17 15:09:55.203000,407.27159071657,15
2024-09-17 15:09:55.276000,407.2490095315614,999
2024-09-17 15:09:55.300000,407.2670809736248,995
2024-09-17 15:09:55.346000,407.23964670351097,996
2024-09-17 15:09:55.455000,407.2410303152354,5
2024-09-17 15:09:55.484000,407.22931118044414,97
2024-09-17 15:09:55.656000,407.2741299068551,10
2024-09-17 15:09:55.675000,407.2549798987708,13
2024-09-17 15:09:55.689000,407.2647378406152,9
2024-09-17 15:09:55.747000,407.2563116518653,14
2024-09-17 15:09:55.785000,407.2980277682977,95
2024-09-17 15:09:55.818000,407.251604008572,9
2024-09-17 15:09:55.832000,407.2621280587058,97
2024-09-17 15:09:55.837000,407.2424610498473,98
2024-09-17 15:09:55.882000,407.2686191708031,1001
2024-09-17 15:09:55.920000,407.23709319973614,1003
2024-09-17 15:09:55.976000,407.2894650905203,1005
2024-09-17 15:09:55.991000,407.2490605961039,1004
2024-09-17 15:09:56.007000,407.2049242009363,105
2024-09-17 15:09:56.120000,407.22527485941697,101
2024-09-17 15:09:56.136000,407.2327741470248,95
2024-09-17 15:09:56.179000,407.207163764818,102
2024-09-17 15:09:56.196000,407.21792380791976,95
2024-09-17 15:09:56.229000,407.2128511580704,6
2024-09-17 15:09:56.270000,407.2147534813923,95
2024-09-17 15:09:56.322000,407.220382602212,10
2024-09-17 15:09:56.391000,407.2236411406856,95
2024-09-17 15:09:56.396000,407.221292608422,100
2024-09-17 15:09:56.399000,407.21567740957295,1005
2024-09-17 15:09:56.410000,407.2245032477872,1003
2024-09-17 15:09:56.463000,407.2123049765061,102
2024-09-17 15:09:56.514000,407.22759944928464,1002
2024-09-17 15:09:56.525000,407.2103152169392,10
2024-09-17 15:09:56.593000,407.2042898445562,98
2024-09-17 15:09:56.637000,407.2165249806384,99
2024-09-17 15:09:56.644000,407.193259763913,15
2024-09-17 15:09:56.677000,407.2336694096964,98
2024-09-17 15:09:56.715000,407.2331569050734,1002
2024-09-17 15:09:56.729000,407.2220805476595,101
2024-09-17 15:09:56.897000,407.2269304453811,999
2024-09-17 15:09:56.918000,407.2032292345079,105
2024-09-17 15:09:56.954000,407.2241020924045,99
2024-09-17 15:09:56.967000,407.23044455826334,1002
2024-09-17 15:09:56.973000,407.20295046452696,98
2024-09-17 15:09:57.052000,407.2202961520493,102
2024-09-17 15:09:57.071000,407.22540441501167,5
2024-09-17 15:09:57.131000,407.2202444509381,95
2024-09-17 15:09:57.155000,407.2150420575133,997
2024-09-17 15:09:57.175000,407.2278877402173,97
2024-09-17 15:09:57.199000,407.2304004216307,1004
2024-09-17 15:09:57.235000,407.22858847158574,99
2024-09-17 15:09:57.260000,407.23791549329,102
2024-09-17 15:09:57.286000,407.2180783390638,997
2024-09-17 15:09:57.393000,407.2413625406582,10
2024-09-17 15:09:57.485000,407.2622363356747,14
2024-09-17 15:09:57.565000,407.23262890388776,8
2024-09-17 15:09:57.771000,407.2230627774409,97
2024-09-17 15:09:58.070000,407.2445272719802,1002
2024-09-17 15:09:58.077000,407.2675135053835,103
2024-09-17 15:09:58.104000,413.945906214112,5
2024-09-17 15:09:58.134000,407.2646031912965,995
2024-09-17 15:09:58.930000,407.2494968380204,99
2024-09-17 15:09:59.031000,407.3007577799689,105
2024-09-17 15:09:59.032000,407.2584817722557,95
2024-09-17 15:09:59.069000,407.26832550245774,97
2024-09-17 15:09:59.165000,407.2230668176553,102
2024-09-17 15:09:59.171000,407.2524827125857,100
2024-09-17 15:09:59.185000,407.2175642449969,105
2024-09-17 15:09:59.217000,407.2585423728198,1003
2024-09-17 15:09:59.238000,407.2372016872599,1004
2024-09-17 15:09:59.277000,407.3098904261829,1001
2024-09-17 15:09:59.311000,407.230842787027,15
2024-09-17 15:09:59.323000,407.2874238024704,12
2024-09-17 15:09:59.392000,407.3147502407443,10
2024-09-17 15:09:59.564000,407.2363425630536,999
2024-09-17 15:09:59.640000,407.2966847488052,104
2024-09-17 15:09:59.867000,407.29987778897294,105
2024-09-17 15:09:59.946000,407.27608960540135,99
2024-09-17 15:09:59.990000,407.3120785379707,5
