Timestamp,Price,Size
2024-09-20 10:56:00.082000,424.2488426645064,5
2024-09-20 10:56:00.090000,424.2569561557628,6
2024-09-20 10:56:00.159000,424.2492357623605,100
2024-09-20 10:56:00.228000,424.2515636510132,1004
2024-09-20 10:56:00.317000,424.3070488703016,999
2024-09-20 10:56:00.331000,424.2352544528402,7
2024-09-20 10:56:00.395000,424.3295889934748,98
2024-09-20 10:56:00.459000,424.3043012473243,1001
2024-09-20 10:56:00.512000,424.2817850421335,98
2024-09-20 10:56:00.573000,424.25600585446256,996
2024-09-20 10:56:00.599000,424.2947124032126,101
2024-09-20 10:56:00.803000,424.3114066873864,103
2024-09-20 10:56:00.864000,424.2394483121129,103
2024-09-20 10:56:00.925000,424.3104773944986,102
2024-09-20 10:56:02.074000,424.3335156942739,98
2024-09-20 10:56:02.160000,424.30414708985296,100
2024-09-20 10:56:02.255000,424.2669541082971,998
2024-09-20 10:56:02.296000,424.2964832261957,1001
2024-09-20 10:56:02.339000,424.27482430518216,1002
2024-09-20 10:56:02.416000,424.3196807101575,104
2024-09-20 10:56:02.482000,424.3165494361654,995
2024-09-20 10:56:02.499000,424.318672632593,98
2024-09-20 10:56:02.584000,424.270145499011,11
2024-09-20 10:56:02.712000,424.2578556849744,101
2024-09-20 10:56:02.732000,424.3083953364608,998
2024-09-20 10:56:02.861000,424.3217314187238,8
2024-09-20 10:56:02.920000,424.3214143385012,103
2024-09-20 10:56:03.006000,424.3019319315549,1004
2024-09-20 10:56:03.051000,424.2509377854265,995
2024-09-20 10:56:03.068000,424.263588897432,105
2024-09-20 10:56:03.073000,424.2915338916928,100
2024-09-20 10:56:03.243000,424.3013790939518,1005
2024-09-20 10:56:03.247000,424.29703116308593,999
2024-09-20 10:56:03.300000,424.2631104594244,997
2024-09-20 10:56:03.435000,424.28904612935486,6
2024-09-20 10:56:03.494000,424.2301506448751,98
2024-09-20 10:56:03.494000,424.28384069165816,999
2024-09-20 10:56:03.571000,424.2823402667085,10
2024-09-20 10:56:03.695000,424.24747908022806,1005
2024-09-20 10:56:03.739000,424.2873551498902,1000
2024-09-20 10:56:03.741000,424.2906503780548,1004
2024-09-20 10:56:03.809000,424.23831776899306,1005
2024-09-20 10:56:03.856000,424.29857125015184,10
2024-09-20 10:56:03.878000,424.2909531286455,95
2024-09-20 10:56:03.892000,424.2616908887865,1005
2024-09-20 10:56:03.905000,424.313776635858,1000
2024-09-20 10:56:03.951000,424.2926892849671,99
2024-09-20 10:56:04.096000,424.28590656102864,996
2024-09-20 10:56:04.215000,424.3958541068485,8
2024-09-20 10:56:04.229000,424.27501762781657,101
2024-09-20 10:56:04.304000,424.3270046546037,995
2024-09-20 10:56:04.313000,424.3479220611256,104
2024-09-20 10:56:04.333000,424.3978295057224,998
2024-09-20 10:56:04.357000,424.3929903094266,1005
2024-09-20 10:56:04.398000,424.3398407459419,997
2024-09-20 10:56:04.430000,424.3294514110384,1002
2024-09-20 10:56:04.466000,424.4131035750263,105
2024-09-20 10:56:04.507000,424.3202257671983,996
2024-09-20 10:56:04.577000,424.3155087579789,998
2024-09-20 10:56:04.634000,424.28135611232767,999
2024-09-20 10:56:04.643000,424.276635975993,6
2024-09-20 10:56:04.726000,424.2880394375478,104
2024-09-20 10:56:04.790000,424.28486752946026,1001
2024-09-20 10:56:04.912000,424.3173318024188,997
2024-09-20 10:56:04.924000,424.36978908152463,102
2024-09-20 10:56:04.929000,424.31037146069457,997
2024-09-20 10:56:04.947000,424.27958889261686,103
2024-09-20 10:56:04.956000,424.3045444473811,1000
2024-09-20 10:56:04.957000,424.3951382984296,997
2024-09-20 10:56:05.436000,424.4302842024471,11
2024-09-20 10:56:05.578000,424.4604720852616,95
2024-09-20 10:56:05.718000,424.4686526339288,7
2024-09-20 10:56:05.772000,424.4364945359349,103
2024-09-20 10:56:06.018000,424.48499745579534,999
2024-09-20 10:56:06.038000,424.464486338936,8
2024-09-20 10:56:06.055000,424.5138687998955,1004
2024-09-20 10:56:06.059000,424.5231915736108,5
2024-09-20 10:56:06.061000,424.519092551742,95
2024-09-20 10:56:06.093000,424.46736776527473,1001
2024-09-20 10:56:06.123000,424.4962212729102,97
2024-09-20 10:56:06.147000,424.487528383608,9
2024-09-20 10:56:06.175000,424.49862849300433,99
2024-09-20 10:56:06.206000,424.4857399809477,12
2024-09-20 10:56:06.266000,424.46762971762354,1003
2024-09-20 10:56:06.270000,424.4499377142221,7
2024-09-20 10:56:06.505000,424.4668339521144,5
2024-09-20 10:56:06.623000,424.4632523174872,105
2024-09-20 10:56:06.628000,424.4538964743266,995
2024-09-20 10:56:06.638000,424.5161440314328,12
2024-09-20 10:56:06.645000,424.48959488310106,101
2024-09-20 10:56:06.791000,424.4612688615328,1004
2024-09-20 10:56:06.808000,424.5074505491151,998
2024-09-20 10:56:06.812000,424.4981581450941,102
2024-09-20 10:56:06.847000,424.4699313404267,104
2024-09-20 10:56:06.902000,424.4745831354135,15
2024-09-20 10:56:06.911000,424.5133242926425,1000
2024-09-20 10:56:07.095000,424.4914135639071,1004
2024-09-20 10:56:07.185000,424.4987802748562,998
2024-09-20 10:56:07.188000,424.5197823641443,1004
2024-09-20 10:56:07.313000,424.4790261467238,96
2024-09-20 10:56:07.593000,424.5023950593039,1004
2024-09-20 10:56:07.666000,424.5243114163828,996
2024-09-20 10:56:07.713000,424.5068402753098,1001
2024-09-20 10:56:07.804000,424.4795284351436,99
2024-09-20 10:56:08.036000,424.4068393301431,999
2024-09-20 10:56:08.082000,424.4864290276663,998
2024-09-20 10:56:08.104000,424.3768358511986,1000
2024-09-20 10:56:08.209000,424.4067203749358,1000
2024-09-20 10:56:08.326000,424.4657591930173,14
2024-09-20 10:56:08.353000,424.4450452538758,12
2024-09-20 10:56:08.367000,424.4734062363678,1003
2024-09-20 10:56:08.380000,424.44826237849935,1004
2024-09-20 10:56:08.398000,424.4059116018032,14
2024-09-20 10:56:08.467000,424.4172869948911,1003
2024-09-20 10:56:08.497000,424.3750213162444,996
2024-09-20 10:56:08.533000,424.3924807835661,1001
2024-09-20 10:56:08.570000,424.3978147290959,103
2024-09-20 10:56:08.588000,424.447603796394,1005
2024-09-20 10:56:08.639000,424.3958673942982,11
2024-09-20 10:56:08.653000,424.4351801663395,5
2024-09-20 10:56:08.768000,424.46670356851206,95
2024-09-20 10:56:08.983000,424.4442292295664,997
2024-09-20 10:56:08.995000,424.4153333144423,1004
2024-09-20 10:56:09.023000,424.39072725180944,998
2024-09-20 10:56:09.207000,424.3806541069597,13
2024-09-20 10:56:09.250000,424.3826862853799,1003
2024-09-20 10:56:09.304000,424.3886373070408,104
2024-09-20 10:56:09.338000,424.38589043094674,95
2024-09-20 10:56:09.340000,424.3766166575938,5
2024-09-20 10:56:09.417000,424.3814791035687,5
2024-09-20 10:56:09.490000,424.3808748032834,1004
2024-09-20 10:56:09.493000,424.4039488346739,10
2024-09-20 10:56:09.598000,424.4109060574201,14
2024-09-20 10:56:09.801000,424.41699680514654,12
2024-09-20 10:56:09.924000,424.3833378566956,15
2024-09-20 10:56:09.928000,424.4059029556508,11
2024-09-20 10:56:09.943000,424.3998973378827,101
2024-09-20 10:56:09.973000,424.3855614715564,14
2024-09-20 10:56:10.068000,424.3537162401741,100
2024-09-20 10:56:10.190000,424.3775900169499,7
2024-09-20 10:56:10.199000,424.3300891311192,996
2024-09-20 10:56:10.558000,424.3675835457258,998
2024-09-20 10:56:10.897000,424.3776232104541,10
2024-09-20 10:56:12.135000,424.32971543267627,1005
2024-09-20 10:56:12.145000,424.3152205006463,997
2024-09-20 10:56:12.238000,424.3207915885792,995
2024-09-20 10:56:12.287000,424.34770547932186,9
2024-09-20 10:56:12.409000,424.3132531911467,10
2024-09-20 10:56:12.416000,424.3139702394559,102
2024-09-20 10:56:12.421000,424.34496636354817,1000
2024-09-20 10:56:12.562000,424.34020113918655,99
2024-09-20 10:56:12.578000,424.3106664905542,6
2024-09-20 10:56:12.652000,424.2930216215408,100
2024-09-20 10:56:12.656000,424.3801627811484,8
2024-09-20 10:56:12.672000,424.3804305639237,6
2024-09-20 10:56:12.728000,424.33864732293534,10
2024-09-20 10:56:12.835000,424.314321737467,10
2024-09-20 10:56:12.892000,424.3194645595503,10
2024-09-20 10:56:12.904000,424.3707307571596,104
2024-09-20 10:56:12.989000,424.32680642250415,1000
2024-09-20 10:56:13.033000,424.3875979832192,101
2024-09-20 10:56:13.067000,424.37494218511335,15
2024-09-20 10:56:13.069000,424.3687840322865,104
2024-09-20 10:56:13.147000,424.4042050495719,96
2024-09-20 10:56:13.169000,424.41410229565065,13
2024-09-20 10:56:13.238000,424.3670268188,1000
2024-09-20 10:56:13.273000,424.4084700249197,1000
2024-09-20 10:56:13.291000,424.3592478438279,14
2024-09-20 10:56:13.327000,424.3835956544911,14
2024-09-20 10:56:13.336000,424.4205747307915,1002
2024-09-20 10:56:13.358000,424.34811385351145,99
2024-09-20 10:56:13.420000,424.3795069693253,998
2024-09-20 10:56:13.475000,424.3593815255725,105
2024-09-20 10:56:13.491000,424.4118546024616,103
2024-09-20 10:56:13.550000,424.3660286220607,6
2024-09-20 10:56:13.591000,424.4095582051109,11
2024-09-20 10:56:13.622000,424.3515416797347,1005
2024-09-20 10:56:13.631000,424.3615295373457,997
2024-09-20 10:56:13.746000,424.3739846537126,996
2024-09-20 10:56:13.784000,424.3543827451591,7
2024-09-20 10:56:13.842000,424.4183719796777,102
2024-09-20 10:56:13.845000,424.379228349296,997
2024-09-20 10:56:13.897000,424.4030605963404,105
2024-09-20 10:56:13.906000,424.4161882440615,14
2024-09-20 10:56:13.928000,424.3626715421885,999
2024-09-20 10:56:13.941000,424.3607663674289,997
2024-09-20 10:56:14.146000,424.41050384204334,1000
2024-09-20 10:56:14.188000,424.4142659119861,99
2024-09-20 10:56:14.232000,424.4015601784508,96
2024-09-20 10:56:14.324000,424.41618911430703,6
2024-09-20 10:56:14.353000,424.4182854123306,1005
2024-09-20 10:56:14.679000,424.4018974497204,14
2024-09-20 10:56:14.683000,424.4157574695651,96
2024-09-20 10:56:14.755000,424.3989344616648,1001
2024-09-20 10:56:14.824000,424.40157052090456,1004
2024-09-20 10:56:14.961000,424.42010469939606,100
2024-09-20 10:56:15.032000,424.385634476906,1002
2024-09-20 10:56:15.472000,424.40583296823706,15
2024-09-20 10:56:15.769000,424.3666186850511,997
2024-09-20 10:56:16.029000,424.4068121165733,1003
2024-09-20 10:56:16.131000,424.3974224586784,12
2024-09-20 10:56:16.254000,424.4073929450578,12
2024-09-20 10:56:16.282000,424.40517211858383,15
2024-09-20 10:56:16.287000,424.39364475938135,9
2024-09-20 10:56:16.307000,424.4159582360619,12
2024-09-20 10:56:16.338000,424.3740937360386,1001
2024-09-20 10:56:16.374000,424.3939084395232,997
2024-09-20 10:56:16.424000,424.4099020394088,100
2024-09-20 10:56:16.490000,424.4018902858476,95
2024-09-20 10:56:16.521000,424.4104357129866,103
2024-09-20 10:56:16.534000,424.4013064852276,96
2024-09-20 10:56:16.541000,424.4116150077324,99
2024-09-20 10:56:16.560000,424.4070991256775,101
2024-09-20 10:56:16.655000,424.42150267949415,14
2024-09-20 10:56:16.730000,424.3967110460327,104
2024-09-20 10:56:16.741000,424.41904266972233,7
2024-09-20 10:56:16.958000,424.4116640942984,99
2024-09-20 10:56:17.060000,424.3874209232434,5
2024-09-20 10:56:17.112000,424.38813648768513,100
2024-09-20 10:56:17.448000,424.411222849212,101
2024-09-20 10:56:17.491000,424.3738859416428,105
2024-09-20 10:56:17.577000,424.39363897356696,103
2024-09-20 10:56:18.016000,424.4218043227759,7
2024-09-20 10:56:18.047000,424.39308892173455,95
2024-09-20 10:56:18.295000,424.43376479434176,1001
2024-09-20 10:56:18.445000,424.4218219276757,100
2024-09-20 10:56:18.502000,424.42025878549913,104
2024-09-20 10:56:18.969000,424.3960906125714,1005
2024-09-20 10:56:18.997000,424.4443496679969,999
2024-09-20 10:56:19.007000,424.3778502800801,101
2024-09-20 10:56:19.032000,424.4007484777973,97
2024-09-20 10:56:19.035000,424.3528166707469,103
2024-09-20 10:56:19.059000,424.3834018821372,9
2024-09-20 10:56:19.123000,424.3717063292155,98
2024-09-20 10:56:19.126000,424.3996051513723,98
2024-09-20 10:56:19.269000,424.4068166067093,11
2024-09-20 10:56:19.350000,424.3679734598804,97
2024-09-20 10:56:19.481000,424.3909282849557,105
2024-09-20 10:56:19.565000,424.3847337329514,96
2024-09-20 10:56:19.688000,424.407112253943,96
2024-09-20 10:56:19.694000,424.3822973705094,9
2024-09-20 10:56:19.744000,424.40637661531895,15
2024-09-20 10:56:19.826000,424.353100991451,9
2024-09-20 10:56:19.829000,424.405451113856,7
2024-09-20 10:56:19.837000,424.3723431424148,1003
2024-09-20 10:56:19.979000,424.37591317955525,999
2024-09-20 10:56:19.985000,424.3472674306294,995
2024-09-20 10:56:20.011000,424.3614269237111,6
2024-09-20 10:56:20.072000,424.3284669506316,102
2024-09-20 10:56:20.134000,424.3780704892638,13
2024-09-20 10:56:20.163000,424.3872093796454,5
2024-09-20 10:56:20.169000,424.3903835717369,97
2024-09-20 10:56:20.347000,424.3391303318384,103
2024-09-20 10:56:20.367000,424.382067234849,1003
2024-09-20 10:56:20.377000,424.3450594057847,1001
2024-09-20 10:56:20.466000,424.3843134249333,98
2024-09-20 10:56:20.611000,424.3658495307381,1001
2024-09-20 10:56:20.615000,424.35088491784006,5
2024-09-20 10:56:20.688000,424.3625382156946,995
2024-09-20 10:56:20.724000,424.3776006989138,103
2024-09-20 10:56:20.815000,424.3611150551864,1001
2024-09-20 10:56:21.014000,424.4479376142831,1000
2024-09-20 10:56:21.031000,424.3418211008303,13
2024-09-20 10:56:21.135000,424.3331894379396,1004
2024-09-20 10:56:21.200000,424.4163844280713,97
2024-09-20 10:56:21.204000,424.3629216489091,995
2024-09-20 10:56:21.314000,424.390593953383,13
2024-09-20 10:56:21.342000,424.4756831297462,1002
2024-09-20 10:56:21.408000,424.441342702945,1004
2024-09-20 10:56:21.606000,424.3790466928963,1001
2024-09-20 10:56:21.649000,424.4134707545413,103
2024-09-20 10:56:21.680000,424.456583718999,102
2024-09-20 10:56:21.693000,424.3932480946688,103
2024-09-20 10:56:21.695000,424.3611348638962,5
2024-09-20 10:56:21.749000,424.461498084115,1003
2024-09-20 10:56:21.779000,424.401415912486,101
2024-09-20 10:56:21.809000,424.4225672110412,12
2024-09-20 10:56:21.836000,424.4351246527581,998
2024-09-20 10:56:21.837000,424.3469801993565,101
2024-09-20 10:56:21.983000,424.3759495131752,1004
2024-09-20 10:56:21.988000,424.4448840066506,96
2024-09-20 10:56:22.084000,424.48656733890726,1004
2024-09-20 10:56:22.129000,424.4901596225188,9
2024-09-20 10:56:22.306000,424.5099273807553,97
2024-09-20 10:56:22.354000,424.4926504877331,95
2024-09-20 10:56:22.360000,424.5287455360768,997
2024-09-20 10:56:22.387000,424.5323607011922,6
2024-09-20 10:56:22.392000,424.544110714897,95
2024-09-20 10:56:22.399000,424.4950202670444,96
2024-09-20 10:56:22.424000,424.5332804966628,1000
2024-09-20 10:56:22.472000,424.54214768354507,12
2024-09-20 10:56:22.485000,424.5229795764829,102
2024-09-20 10:56:22.618000,424.5580428212395,10
2024-09-20 10:56:22.623000,424.5277297526145,10
2024-09-20 10:56:22.741000,424.4787681291997,8
2024-09-20 10:56:22.806000,424.4736749752573,105
2024-09-20 10:56:22.890000,424.5058600887125,97
2024-09-20 10:56:22.895000,424.4739696437805,9
2024-09-20 10:56:22.999000,424.5066594564853,98
2024-09-20 10:56:23.727000,424.5438631880969,10
2024-09-20 10:56:24.071000,424.528986282864,995
2024-09-20 10:56:24.071000,424.4992744888103,998
2024-09-20 10:56:24.072000,424.4926196707719,97
2024-09-20 10:56:24.154000,424.4606739094031,11
2024-09-20 10:56:24.247000,424.4643062127257,7
2024-09-20 10:56:24.301000,424.5640889269974,100
2024-09-20 10:56:24.323000,424.53962642689737,11
2024-09-20 10:56:24.330000,424.5577998295006,98
2024-09-20 10:56:24.331000,424.5531826783094,103
2024-09-20 10:56:24.367000,424.5560939859577,105
2024-09-20 10:56:24.405000,424.51703768266776,1002
2024-09-20 10:56:24.500000,424.5472963289717,995
2024-09-20 10:56:24.513000,424.5595006192009,1000
2024-09-20 10:56:24.548000,424.474366973031,15
2024-09-20 10:56:24.553000,424.54842738949947,999
2024-09-20 10:56:24.647000,424.46998255725447,101
2024-09-20 10:56:24.719000,424.5729305092203,97
2024-09-20 10:56:24.757000,424.5383572201096,8
2024-09-20 10:56:24.759000,424.5392638908325,996
2024-09-20 10:56:24.770000,424.5468902574344,98
2024-09-20 10:56:24.787000,424.4661701473264,995
2024-09-20 10:56:24.788000,424.47551634386,96
2024-09-20 10:56:24.831000,424.5394757299866,103
2024-09-20 10:56:24.856000,424.5426079440663,1002
2024-09-20 10:56:24.865000,424.4885020458661,1002
2024-09-20 10:56:24.957000,424.4951426494208,6
2024-09-20 10:56:24.958000,424.4699461944041,1000
2024-09-20 10:56:25.020000,424.4327230498995,99
2024-09-20 10:56:25.054000,424.4738609084153,1002
2024-09-20 10:56:25.086000,424.5067573734996,8
2024-09-20 10:56:25.102000,424.4952275535201,7
2024-09-20 10:56:25.103000,424.43486403393246,101
2024-09-20 10:56:25.169000,424.4478068506735,105
2024-09-20 10:56:25.225000,424.50347965064384,10
2024-09-20 10:56:25.249000,424.5178996324729,100
2024-09-20 10:56:25.253000,424.499160846737,100
2024-09-20 10:56:25.253000,424.5385288314534,998
2024-09-20 10:56:25.259000,424.5088468941215,7
2024-09-20 10:56:25.494000,424.4854184956054,7
2024-09-20 10:56:25.504000,424.5118380135981,1001
2024-09-20 10:56:25.566000,424.51260344684425,101
2024-09-20 10:56:25.572000,424.5152561022841,15
2024-09-20 10:56:25.635000,424.5011856122473,1000
2024-09-20 10:56:25.650000,424.492822180931,95
2024-09-20 10:56:25.674000,424.51541815713216,100
2024-09-20 10:56:25.705000,424.5419534426732,99
2024-09-20 10:56:25.725000,424.4438514991277,999
2024-09-20 10:56:25.740000,424.509666307454,995
2024-09-20 10:56:25.764000,424.500546833608,1001
2024-09-20 10:56:25.835000,424.4371562952461,1002
2024-09-20 10:56:25.868000,424.4358926119015,8
2024-09-20 10:56:25.911000,424.44595707878784,103
2024-09-20 10:56:25.917000,424.5372053965686,95
2024-09-20 10:56:25.928000,424.41815221399776,15
2024-09-20 10:56:26.122000,424.5167937133236,103
2024-09-20 10:56:26.166000,424.51141695709794,98
2024-09-20 10:56:27.345000,424.4836725034374,104
2024-09-20 10:56:27.627000,424.5075176414156,105
2024-09-20 10:56:27.887000,424.49671875636585,104
2024-09-20 10:56:28.009000,424.4874899637665,995
2024-09-20 10:56:28.132000,424.48707626361335,1004
2024-09-20 10:56:28.269000,424.50351681338617,999
2024-09-20 10:56:28.433000,424.5155443493187,7
2024-09-20 10:56:28.500000,424.4966006754052,7
2024-09-20 10:56:28.552000,424.50701446094274,999
2024-09-20 10:56:28.708000,424.4944851928973,101
2024-09-20 10:56:28.708000,424.5095184923925,7
2024-09-20 10:56:28.765000,424.5118271664893,12
2024-09-20 10:56:28.900000,424.4924468118152,97
2024-09-20 10:56:29.011000,424.4440444186725,10
2024-09-20 10:56:29.018000,424.47023238163433,5
2024-09-20 10:56:29.025000,424.4534814151753,104
2024-09-20 10:56:29.052000,424.480696892925,10
2024-09-20 10:56:29.077000,424.4665059101211,12
2024-09-20 10:56:29.148000,424.46079545654527,12
2024-09-20 10:56:29.176000,424.47108756100033,1004
2024-09-20 10:56:29.321000,424.4986496249309,100
2024-09-20 10:56:29.364000,424.4913020309889,8
2024-09-20 10:56:29.445000,424.4425880846651,105
2024-09-20 10:56:29.530000,424.4787145703695,7
2024-09-20 10:56:29.566000,424.4483359843368,105
2024-09-20 10:56:29.671000,424.4783177606311,1005
2024-09-20 10:56:29.789000,424.49581463223615,5
2024-09-20 10:56:29.812000,424.4698410381103,1004
2024-09-20 10:56:29.873000,424.4724134306057,10
2024-09-20 10:56:29.880000,424.4502530335349,13
2024-09-20 10:56:30.026000,424.5132398464024,6
2024-09-20 10:56:30.070000,424.4769207468616,96
2024-09-20 10:56:30.322000,424.47736182148896,1003
2024-09-20 10:56:30.423000,424.48143354497387,99
2024-09-20 10:56:30.550000,424.5178915520292,96
2024-09-20 10:56:30.593000,424.4964171282053,102
2024-09-20 10:56:30.594000,424.533226180514,1002
2024-09-20 10:56:30.604000,424.4932477109567,105
2024-09-20 10:56:30.665000,424.4717200491435,8
2024-09-20 10:56:30.721000,424.51534364991454,8
2024-09-20 10:56:30.934000,424.5051409144276,15
2024-09-20 10:56:31.027000,424.5293051092993,997
2024-09-20 10:56:31.060000,424.5295226030003,1000
2024-09-20 10:56:31.099000,424.4961964481941,98
2024-09-20 10:56:31.115000,424.50398322516304,100
2024-09-20 10:56:31.130000,424.495525991712,997
2024-09-20 10:56:31.201000,424.55806803379977,996
2024-09-20 10:56:31.233000,424.5228296199568,10
2024-09-20 10:56:31.305000,424.5404493891944,12
2024-09-20 10:56:31.306000,424.5406645816907,1000
2024-09-20 10:56:31.329000,424.5537477290852,101
2024-09-20 10:56:31.402000,424.5294197486676,101
2024-09-20 10:56:31.415000,424.5255525712633,95
2024-09-20 10:56:31.463000,424.5421369046866,105
2024-09-20 10:56:31.487000,424.5126235001279,101
2024-09-20 10:56:31.509000,424.4910846754625,1000
2024-09-20 10:56:31.554000,424.5329294440542,1000
2024-09-20 10:56:31.582000,424.53272037033054,996
2024-09-20 10:56:31.682000,424.5303237114126,1001
2024-09-20 10:56:31.813000,424.53004716542495,103
2024-09-20 10:56:31.814000,424.5025088545643,1004
2024-09-20 10:56:31.875000,424.5270481992759,5
2024-09-20 10:56:31.876000,424.5331213724629,1003
2024-09-20 10:56:31.926000,424.5282822216066,995
2024-09-20 10:56:31.929000,424.5373653116413,96
2024-09-20 10:56:31.948000,424.4991068488403,999
2024-09-20 10:56:32.033000,424.5872144727626,10
2024-09-20 10:56:32.073000,424.5544785935815,102
2024-09-20 10:56:32.078000,424.5790657643562,100
2024-09-20 10:56:32.202000,424.5591492873109,996
2024-09-20 10:56:32.237000,424.5811176814481,1002
2024-09-20 10:56:32.268000,424.56393067285205,100
2024-09-20 10:56:32.391000,424.5674879675007,14
2024-09-20 10:56:32.403000,424.5847525342785,1003
2024-09-20 10:56:32.447000,424.5570113770767,999
2024-09-20 10:56:32.447000,424.58298466800375,104
2024-09-20 10:56:32.519000,424.54221734605113,100
2024-09-20 10:56:32.520000,424.5798414473619,1001
2024-09-20 10:56:32.557000,424.5601156441527,999
2024-09-20 10:56:32.754000,424.5712460585801,101
2024-09-20 10:56:32.819000,424.5657188980098,14
2024-09-20 10:56:32.899000,424.57828317246697,98
2024-09-20 10:56:32.960000,424.5518966991445,105
2024-09-20 10:56:32.960000,424.5822367831448,98
2024-09-20 10:56:33.011000,424.5990124011839,101
2024-09-20 10:56:33.119000,424.6120550777068,5
2024-09-20 10:56:33.128000,424.6124373868416,998
2024-09-20 10:56:33.141000,424.5486689005933,1001
2024-09-20 10:56:33.146000,424.564361799048,5
2024-09-20 10:56:33.189000,424.6067696371327,98
2024-09-20 10:56:33.194000,424.5897096792357,998
2024-09-20 10:56:33.196000,424.60691352913454,13
2024-09-20 10:56:33.201000,424.6011295886907,103
2024-09-20 10:56:33.250000,424.5944119709426,13
2024-09-20 10:56:33.352000,424.5675700121391,10
2024-09-20 10:56:33.377000,424.5983647923855,104
2024-09-20 10:56:33.495000,424.6048906396186,104
2024-09-20 10:56:33.529000,424.5521700117963,1000
2024-09-20 10:56:33.538000,424.6096359589104,1001
2024-09-20 10:56:33.540000,424.5758027370617,5
2024-09-20 10:56:33.578000,424.5965480029865,12
2024-09-20 10:56:33.616000,424.57541291035255,1000
2024-09-20 10:56:33.685000,424.6037753539181,999
2024-09-20 10:56:33.718000,424.5956897438928,997
2024-09-20 10:56:33.816000,424.57154476982174,98
2024-09-20 10:56:33.868000,424.5934315328308,105
2024-09-20 10:56:33.873000,424.5529465950336,1003
2024-09-20 10:56:33.883000,424.56814349766944,996
2024-09-20 10:56:34.059000,424.541106853029,103
2024-09-20 10:56:34.069000,424.5629117682233,11
2024-09-20 10:56:34.079000,424.55049376665806,995
2024-09-20 10:56:34.108000,424.56235888619375,105
2024-09-20 10:56:34.114000,424.5526223871276,1004
2024-09-20 10:56:34.131000,424.5344840688562,96
2024-09-20 10:56:34.447000,424.5682045931408,104
2024-09-20 10:56:34.460000,424.55695577268784,999
2024-09-20 10:56:34.597000,424.5380300129255,103
2024-09-20 10:56:34.616000,424.53373900934594,8
2024-09-20 10:56:34.646000,424.5404876849938,11
2024-09-20 10:56:34.676000,424.5481347593339,98
2024-09-20 10:56:34.697000,424.5268925199868,95
2024-09-20 10:56:34.766000,424.54009387344087,998
2024-09-20 10:56:34.770000,424.5465721829654,6
2024-09-20 10:56:34.787000,424.5633052534386,13
2024-09-20 10:56:34.819000,424.53329212877065,12
2024-09-20 10:56:34.824000,424.5389820516239,996
2024-09-20 10:56:34.836000,424.5613793244386,5
2024-09-20 10:56:34.841000,424.5377412056646,9
2024-09-20 10:56:34.849000,424.5539507097333,1000
2024-09-20 10:56:34.875000,424.5565133604808,5
2024-09-20 10:56:34.916000,424.5374713650568,998
2024-09-20 10:56:34.973000,424.5369448641412,6
2024-09-20 10:56:34.980000,424.5309634792216,99
2024-09-20 10:56:35.047000,424.5131119535568,99
2024-09-20 10:56:35.123000,424.34110978197725,998
2024-09-20 10:56:35.179000,424.364019492168,1002
2024-09-20 10:56:35.187000,424.3721195740777,10
2024-09-20 10:56:35.264000,424.48917767816994,998
2024-09-20 10:56:35.286000,424.5210578678146,8
2024-09-20 10:56:35.287000,424.4908158298929,1004
2024-09-20 10:56:35.306000,424.4506665312784,8
2024-09-20 10:56:35.341000,424.5548489757857,100
2024-09-20 10:56:35.353000,424.3691147379969,996
2024-09-20 10:56:35.391000,424.49183503629087,95
2024-09-20 10:56:35.479000,424.4313958540937,1004
2024-09-20 10:56:35.547000,424.5538159461351,99
2024-09-20 10:56:35.555000,424.400052994305,104
2024-09-20 10:56:35.557000,424.35781586865295,99
2024-09-20 10:56:35.696000,424.502898120461,1003
2024-09-20 10:56:35.710000,424.5066993554552,999
2024-09-20 10:56:35.745000,424.4451144119667,14
2024-09-20 10:56:35.798000,424.3588588404856,97
2024-09-20 10:56:35.820000,424.412808245734,995
2024-09-20 10:56:35.872000,424.4702479727991,998
2024-09-20 10:56:35.942000,424.4968968280963,14
2024-09-20 10:56:35.997000,424.53666948049926,9
2024-09-20 10:56:36.050000,424.3814764418783,1005
2024-09-20 10:56:36.054000,424.3599870730757,1000
2024-09-20 10:56:36.068000,424.3696619095661,103
2024-09-20 10:56:36.073000,424.3751646543854,14
2024-09-20 10:56:36.089000,424.3725309241005,99
2024-09-20 10:56:36.164000,424.3815448813466,1003
2024-09-20 10:56:36.238000,424.39204198829685,5
2024-09-20 10:56:36.321000,424.4008521307854,102
2024-09-20 10:56:36.342000,424.3681682185118,1004
2024-09-20 10:56:36.352000,424.3650835020396,10
2024-09-20 10:56:36.427000,424.4010575979538,97
2024-09-20 10:56:36.428000,424.3952490148471,996
2024-09-20 10:56:36.458000,424.4035334781223,996
2024-09-20 10:56:36.471000,424.3699752391457,5
2024-09-20 10:56:36.490000,424.3356936499329,96
2024-09-20 10:56:36.514000,424.3529930497433,1002
2024-09-20 10:56:36.564000,424.3938406984968,997
2024-09-20 10:56:36.585000,424.3663221510121,105
2024-09-20 10:56:36.667000,424.3928982155628,102
2024-09-20 10:56:36.734000,424.3317503342785,1000
2024-09-20 10:56:36.763000,424.3932508069415,12
2024-09-20 10:56:36.780000,424.3687291347216,1000
2024-09-20 10:56:36.781000,424.4126876886799,96
2024-09-20 10:56:36.817000,424.377501799122,104
2024-09-20 10:56:36.818000,424.3821735809464,6
2024-09-20 10:56:36.883000,424.3872987484376,5
2024-09-20 10:56:36.919000,424.4175993014703,13
2024-09-20 10:56:37.010000,424.4059551206353,5
2024-09-20 10:56:37.033000,424.4086636723848,11
2024-09-20 10:56:37.063000,424.4191039405175,102
2024-09-20 10:56:37.354000,424.4219576141222,997
2024-09-20 10:56:37.417000,424.34936158194256,998
2024-09-20 10:56:37.442000,424.3747157137526,10
2024-09-20 10:56:37.442000,424.4349787558838,996
2024-09-20 10:56:37.497000,424.4248548344136,995
2024-09-20 10:56:37.617000,424.4134724178359,104
2024-09-20 10:56:37.731000,424.3818745672137,101
2024-09-20 10:56:37.873000,424.42664148178505,9
2024-09-20 10:56:37.923000,424.39429691983673,14
2024-09-20 10:56:37.968000,424.3628631860236,995
2024-09-20 10:56:37.986000,424.42500138189126,6
2024-09-20 10:56:38.105000,424.3457248201129,95
2024-09-20 10:56:38.120000,424.3349673956344,1002
2024-09-20 10:56:38.237000,424.33704606534,995
2024-09-20 10:56:38.342000,424.35070387420666,97
2024-09-20 10:56:38.384000,424.3692848232814,8
2024-09-20 10:56:38.408000,424.351108869426,5
2024-09-20 10:56:38.450000,424.3384460616621,95
2024-09-20 10:56:38.602000,424.3596557494568,1005
2024-09-20 10:56:38.851000,424.334173759054,105
2024-09-20 10:56:39.100000,424.3651233737101,1000
2024-09-20 10:56:39.330000,424.37717677474967,15
2024-09-20 10:56:39.413000,424.3827983628047,98
2024-09-20 10:56:39.550000,424.3741804867561,996
2024-09-20 10:56:39.780000,424.3664387464296,102
2024-09-20 10:56:39.784000,424.33801405578913,103
2024-09-20 10:56:40.995000,424.3368336602734,995
2024-09-20 10:56:41.125000,424.3452836160922,6
2024-09-20 10:56:41.210000,424.3683403483364,12
2024-09-20 10:56:41.249000,424.3478978253421,95
2024-09-20 10:56:41.407000,424.3546443914806,15
2024-09-20 10:56:41.425000,424.3466980949907,95
2024-09-20 10:56:41.475000,424.3476930300047,999
2024-09-20 10:56:41.596000,424.33223013182567,101
2024-09-20 10:56:41.675000,424.3585551670095,1002
2024-09-20 10:56:41.691000,424.333542326042,1003
2024-09-20 10:56:41.713000,424.3513326584135,6
2024-09-20 10:56:41.851000,424.34913064480713,13
2024-09-20 10:56:42.135000,424.3214209448781,105
2024-09-20 10:56:42.154000,424.3070476955772,1000
2024-09-20 10:56:42.184000,424.3237448760619,1000
2024-09-20 10:56:42.191000,424.3522027113392,101
2024-09-20 10:56:42.219000,424.3350257778741,7
2024-09-20 10:56:42.339000,424.34554485140177,103
2024-09-20 10:56:42.368000,424.3406833482077,101
2024-09-20 10:56:42.443000,424.35674675169935,99
2024-09-20 10:56:42.492000,424.31177160775513,100
2024-09-20 10:56:42.581000,424.3160356554018,95
2024-09-20 10:56:42.683000,424.36378918820014,1001
2024-09-20 10:56:42.715000,424.31965566680896,7
2024-09-20 10:56:42.890000,424.3065574972607,15
2024-09-20 10:56:42.892000,424.3561651762206,11
2024-09-20 10:56:43.009000,424.34763503154267,8
2024-09-20 10:56:43.098000,424.3771643590279,9
2024-09-20 10:56:43.127000,424.3529494142903,99
2024-09-20 10:56:43.174000,424.3694166758438,95
2024-09-20 10:56:43.188000,424.3732081991107,14
2024-09-20 10:56:43.294000,424.3668820035858,101
2024-09-20 10:56:43.319000,424.3583562469028,1004
2024-09-20 10:56:43.349000,424.3964291571083,15
2024-09-20 10:56:43.390000,424.3530241147818,102
2024-09-20 10:56:43.400000,424.3662682809013,99
2024-09-20 10:56:43.450000,424.3676610196912,97
2024-09-20 10:56:43.487000,424.3508779746116,999
2024-09-20 10:56:43.495000,424.3689161730074,997
2024-09-20 10:56:43.521000,424.3977379704139,995
2024-09-20 10:56:43.818000,424.3748502233785,102
2024-09-20 10:56:43.934000,424.36780668542855,104
2024-09-20 10:56:43.937000,424.3669628786565,996
2024-09-20 10:56:43.945000,424.3749206047282,998
2024-09-20 10:56:44.148000,424.4041133332353,1004
2024-09-20 10:56:44.316000,424.394910821619,96
2024-09-20 10:56:44.402000,424.3925071909596,96
2024-09-20 10:56:44.562000,424.4049599863966,1002
2024-09-20 10:56:44.651000,424.3938413962102,997
2024-09-20 10:56:44.824000,424.39026288538287,100
2024-09-20 10:56:44.964000,424.3995191866125,1002
2024-09-20 10:56:45.073000,424.3802453556702,100
2024-09-20 10:56:45.094000,424.5143856576444,96
2024-09-20 10:56:45.105000,424.4035042302617,103
2024-09-20 10:56:45.106000,424.52354344546586,1001
2024-09-20 10:56:45.153000,424.5176107092782,104
2024-09-20 10:56:45.155000,424.5383467171933,8
2024-09-20 10:56:45.170000,424.4052729615832,1001
2024-09-20 10:56:45.190000,424.4055980778237,999
2024-09-20 10:56:45.204000,424.4045851746597,12
2024-09-20 10:56:45.280000,424.4194514669351,995
2024-09-20 10:56:45.345000,424.3883918046701,95
2024-09-20 10:56:45.486000,424.3914072749994,95
2024-09-20 10:56:45.506000,424.5163790873461,996
2024-09-20 10:56:45.544000,424.4782302487949,1000
2024-09-20 10:56:45.570000,424.4044585267473,8
2024-09-20 10:56:45.596000,424.5141224106472,9
2024-09-20 10:56:45.650000,424.5364853697498,8
2024-09-20 10:56:45.690000,424.45034157264337,10
2024-09-20 10:56:45.736000,424.4084410437621,15
2024-09-20 10:56:45.741000,424.5150928671052,1004
2024-09-20 10:56:45.774000,424.5189695455746,102
2024-09-20 10:56:45.790000,424.41016209591135,995
2024-09-20 10:56:45.830000,424.3971576566399,7
2024-09-20 10:56:45.846000,424.4012446484061,1001
2024-09-20 10:56:45.852000,424.5394137108846,5
2024-09-20 10:56:45.891000,424.38499155531264,999
2024-09-20 10:56:45.895000,424.4459173589767,995
2024-09-20 10:56:45.896000,424.512049012455,14
2024-09-20 10:56:45.958000,424.4363671886591,1004
2024-09-20 10:56:45.997000,424.4264916149515,1003
2024-09-20 10:56:47.004000,424.4377700897969,102
2024-09-20 10:56:47.104000,424.4557665144343,11
2024-09-20 10:56:47.124000,424.4807215624747,105
2024-09-20 10:56:47.144000,424.4545011814035,997
2024-09-20 10:56:47.181000,424.4608047423771,8
2024-09-20 10:56:47.268000,424.4802724262537,97
2024-09-20 10:56:47.282000,424.49567052017176,1005
2024-09-20 10:56:47.357000,424.4611002633536,101
2024-09-20 10:56:47.401000,424.4366412379796,97
2024-09-20 10:56:47.527000,424.510319694227,13
2024-09-20 10:56:47.546000,424.5058283188615,6
2024-09-20 10:56:47.596000,424.5129779993793,97
2024-09-20 10:56:47.681000,424.48956503161713,6
2024-09-20 10:56:47.695000,424.46903261072384,11
2024-09-20 10:56:47.738000,424.497137375244,999
2024-09-20 10:56:47.882000,424.5179868259113,105
2024-09-20 10:56:48.017000,424.4033262345284,1002
2024-09-20 10:56:48.061000,424.48878194016993,13
2024-09-20 10:56:48.110000,424.5063463951317,5
2024-09-20 10:56:48.127000,424.43096288244726,15
2024-09-20 10:56:48.164000,424.4957591096677,9
2024-09-20 10:56:48.292000,424.4996522102055,12
2024-09-20 10:56:48.293000,424.4694413772361,101
2024-09-20 10:56:48.360000,424.4510163015918,14
2024-09-20 10:56:48.381000,424.4482307518908,8
2024-09-20 10:56:48.422000,424.4941715421706,102
2024-09-20 10:56:48.480000,424.3935183851714,1000
2024-09-20 10:56:48.531000,424.4977462053524,100
2024-09-20 10:56:48.533000,424.41362497750015,11
2024-09-20 10:56:48.547000,424.4831368167814,5
2024-09-20 10:56:48.551000,424.4561225672272,1003
2024-09-20 10:56:48.559000,424.4131536741489,104
2024-09-20 10:56:48.607000,424.3698477562664,1005
2024-09-20 10:56:48.663000,424.4621146083968,95
2024-09-20 10:56:48.664000,424.4168850593852,96
2024-09-20 10:56:48.787000,424.507105392728,996
2024-09-20 10:56:48.835000,424.4682857869021,98
2024-09-20 10:56:48.924000,424.4578365101614,9
2024-09-20 10:56:48.943000,424.4965487626586,1002
2024-09-20 10:56:48.971000,424.40921469588847,105
2024-09-20 10:56:48.991000,424.3808526731102,14
2024-09-20 10:56:48.998000,424.4507697811086,1005
2024-09-20 10:56:49.130000,424.4650591813079,95
2024-09-20 10:56:49.238000,424.4871844465436,13
2024-09-20 10:56:49.263000,424.5048844728517,6
2024-09-20 10:56:49.438000,424.4771147853388,15
2024-09-20 10:56:49.551000,424.5069611243856,14
2024-09-20 10:56:49.560000,424.47329523381575,13
2024-09-20 10:56:49.564000,424.4750693418519,1004
2024-09-20 10:56:49.592000,424.4844232158037,97
2024-09-20 10:56:49.683000,424.4905181156555,103
2024-09-20 10:56:49.726000,424.5072794275352,95
2024-09-20 10:56:49.799000,424.458046139402,1004
2024-09-20 10:56:49.859000,424.4898839718116,6
2024-09-20 10:56:49.899000,424.4882472133645,101
2024-09-20 10:56:49.943000,424.4861020852433,97
2024-09-20 10:56:50.082000,424.5964279469086,1003
2024-09-20 10:56:50.087000,424.5202043015165,15
2024-09-20 10:56:50.133000,424.476646700683,100
2024-09-20 10:56:50.202000,424.5212043816528,15
2024-09-20 10:56:50.238000,424.4879570156508,104
2024-09-20 10:56:50.256000,424.5841959267339,99
2024-09-20 10:56:50.290000,424.5297835410017,95
2024-09-20 10:56:50.296000,424.4832019234482,99
2024-09-20 10:56:50.318000,424.59308536001726,1002
2024-09-20 10:56:50.416000,424.4859463722767,104
2024-09-20 10:56:50.492000,424.594577618949,999
2024-09-20 10:56:50.501000,424.5418571618636,13
2024-09-20 10:56:50.501000,424.58158016014414,997
2024-09-20 10:56:50.603000,424.53393343530615,1000
2024-09-20 10:56:50.604000,424.5354030214647,6
2024-09-20 10:56:50.655000,424.5045892154086,103
2024-09-20 10:56:50.686000,424.53148143496605,997
2024-09-20 10:56:50.714000,424.5414340154765,1000
2024-09-20 10:56:50.827000,424.5898150344306,101
2024-09-20 10:56:50.897000,424.5386144295895,5
2024-09-20 10:56:50.908000,424.5119012266308,15
2024-09-20 10:56:50.910000,424.5879733119106,1005
2024-09-20 10:56:50.944000,424.5984546479879,7
2024-09-20 10:56:50.975000,424.5201078350976,101
2024-09-20 10:56:50.977000,424.58464342423815,9
2024-09-20 10:56:50.986000,424.4924960622979,101
2024-09-20 10:56:51.029000,424.6068502986696,102
2024-09-20 10:56:51.104000,424.5568096547613,100
2024-09-20 10:56:51.128000,424.5730260418774,1003
2024-09-20 10:56:51.177000,424.6083617776165,103
2024-09-20 10:56:51.250000,424.6164365388212,103
2024-09-20 10:56:51.275000,424.6051206933973,11
2024-09-20 10:56:51.324000,424.5557875455664,101
2024-09-20 10:56:51.340000,424.59035468919006,98
2024-09-20 10:56:51.493000,424.57492220669405,1005
2024-09-20 10:56:51.517000,424.5741852330473,998
2024-09-20 10:56:51.522000,424.5613176683672,996
2024-09-20 10:56:51.532000,424.5497488317657,104
2024-09-20 10:56:51.658000,424.6252980140814,104
2024-09-20 10:56:51.746000,424.5716346422097,1005
2024-09-20 10:56:51.747000,424.5669976282516,100
2024-09-20 10:56:51.790000,424.5608423663076,104
2024-09-20 10:56:51.804000,424.565905925578,997
2024-09-20 10:56:51.815000,424.5896156093828,15
2024-09-20 10:56:51.848000,424.6057010918038,999
2024-09-20 10:56:51.884000,424.586069528253,1000
2024-09-20 10:56:51.961000,424.5986902669352,14
2024-09-20 10:56:52.092000,424.6716549155457,96
2024-09-20 10:56:52.190000,424.7156212016809,11
2024-09-20 10:56:52.198000,424.654685266445,105
2024-09-20 10:56:52.210000,424.7176741859711,99
2024-09-20 10:56:52.374000,424.6898895590585,15
2024-09-20 10:56:52.425000,424.7216209826025,7
2024-09-20 10:56:52.497000,424.7075237660202,9
2024-09-20 10:56:52.514000,424.6350610992722,105
2024-09-20 10:56:52.583000,424.7060880170682,14
2024-09-20 10:56:52.587000,424.7145542172781,11
2024-09-20 10:56:52.599000,424.60828998485306,105
2024-09-20 10:56:52.715000,424.6967154032895,1005
2024-09-20 10:56:52.781000,424.660060992021,96
2024-09-20 10:56:52.841000,424.6083760846101,1003
2024-09-20 10:56:52.847000,424.6316631376832,97
2024-09-20 10:56:52.848000,424.6776251262358,1003
2024-09-20 10:56:52.899000,424.6235886859632,1003
2024-09-20 10:56:52.955000,424.7129334233644,999
2024-09-20 10:56:52.956000,424.59493799402026,104
2024-09-20 10:56:52.969000,424.6865858068583,999
2024-09-20 10:56:52.977000,424.6043408304338,14
2024-09-20 10:56:52.998000,424.6053331801052,14
2024-09-20 10:56:53.058000,424.69438577940366,995
2024-09-20 10:56:53.067000,424.6752796425045,996
2024-09-20 10:56:53.170000,424.6540309886977,1001
2024-09-20 10:56:53.264000,424.64128714166657,105
2024-09-20 10:56:53.324000,424.6472499988303,103
2024-09-20 10:56:53.435000,424.6132625824739,104
2024-09-20 10:56:53.509000,424.6184017765197,104
2024-09-20 10:56:53.513000,424.6277599476768,1002
2024-09-20 10:56:53.645000,424.62226586195584,7
2024-09-20 10:56:53.759000,424.6182077741076,999
2024-09-20 10:56:53.858000,424.70906170099687,12
2024-09-20 10:56:53.954000,424.7085453586165,95
2024-09-20 10:56:54.033000,424.62863941194433,96
2024-09-20 10:56:54.204000,424.6227953938693,101
2024-09-20 10:56:54.235000,424.6499185420101,998
2024-09-20 10:56:54.463000,424.635801056212,998
2024-09-20 10:56:54.594000,424.6239323950482,996
2024-09-20 10:56:54.663000,424.6451832016715,10
2024-09-20 10:56:55.013000,424.7066860011352,1002
2024-09-20 10:56:55.014000,424.74533790188775,1004
2024-09-20 10:56:55.029000,424.71162776379657,95
2024-09-20 10:56:55.047000,424.6792307939322,105
2024-09-20 10:56:55.077000,424.67726414067096,997
2024-09-20 10:56:55.102000,424.70576987915695,996
2024-09-20 10:56:55.129000,424.69288647295446,14
2024-09-20 10:56:55.133000,424.7040153712845,95
2024-09-20 10:56:55.168000,424.6912378189436,6
2024-09-20 10:56:55.256000,424.7035394215208,7
2024-09-20 10:56:55.281000,424.6643820656828,6
2024-09-20 10:56:55.308000,424.6889741200236,99
2024-09-20 10:56:55.336000,424.71693180594497,10
2024-09-20 10:56:55.531000,424.6857448511983,6
2024-09-20 10:56:55.626000,424.6501396954045,102
2024-09-20 10:56:55.661000,424.6893438054602,15
2024-09-20 10:56:55.684000,424.7434729365021,9
2024-09-20 10:56:55.726000,424.757422423189,995
2024-09-20 10:56:55.809000,424.7458854424501,99
2024-09-20 10:56:55.819000,424.7036343633821,1002
2024-09-20 10:56:55.822000,424.74782862307234,5
2024-09-20 10:56:55.825000,424.7213921749562,9
2024-09-20 10:56:55.862000,424.6966968496009,995
2024-09-20 10:56:55.862000,424.6835978099936,12
2024-09-20 10:56:55.865000,424.7543441443728,11
2024-09-20 10:56:55.923000,424.76309909630265,7
2024-09-20 10:56:55.925000,424.6730594363664,11
2024-09-20 10:56:55.941000,424.6791647075698,103
2024-09-20 10:56:55.962000,424.7484143147587,996
2024-09-20 10:56:56.162000,424.6960657397134,1001
2024-09-20 10:56:56.165000,424.7077544314577,997
2024-09-20 10:56:56.211000,424.7211598757699,103
2024-09-20 10:56:56.287000,424.7166246953145,95
2024-09-20 10:56:56.295000,424.7319614822516,1003
2024-09-20 10:56:56.301000,424.698933284741,15
2024-09-20 10:56:56.355000,424.7311612339965,998
2024-09-20 10:56:56.390000,424.7428650401173,999
2024-09-20 10:56:56.622000,424.68824570740617,1004
2024-09-20 10:56:56.653000,424.70876459025664,1002
2024-09-20 10:56:56.685000,424.7555760320463,997
2024-09-20 10:56:56.695000,424.7169290802009,5
2024-09-20 10:56:56.704000,424.69627050933497,11
2024-09-20 10:56:56.788000,424.7162978390344,1000
2024-09-20 10:56:56.838000,424.7240406446947,15
2024-09-20 10:56:56.857000,424.7169739516153,9
2024-09-20 10:56:57.225000,424.7038567172554,996
2024-09-20 10:56:57.245000,424.7006229859796,6
2024-09-20 10:56:57.324000,424.7198506755604,7
2024-09-20 10:56:57.386000,424.6973659733544,5
2024-09-20 10:56:57.670000,424.7075148196035,96
2024-09-20 10:56:57.698000,424.6924030752551,5
2024-09-20 10:56:57.713000,424.696930721343,9
2024-09-20 10:56:57.879000,424.71270924965376,5
2024-09-20 10:56:57.934000,424.7050472777122,1005
2024-09-20 10:56:58.138000,424.65462973395375,10
2024-09-20 10:56:58.148000,424.6248827422739,13
2024-09-20 10:56:58.156000,424.6575754819536,101
2024-09-20 10:56:58.174000,424.6977545679349,15
2024-09-20 10:56:58.198000,424.6390168886047,1000
2024-09-20 10:56:58.236000,424.6559609301504,99
2024-09-20 10:56:58.347000,424.6635670792624,997
2024-09-20 10:56:58.381000,424.6366859860124,104
2024-09-20 10:56:58.400000,424.62424408486976,103
2024-09-20 10:56:58.474000,424.6685427272077,105
2024-09-20 10:56:58.513000,424.6829779818426,10
2024-09-20 10:56:58.745000,424.6544822842564,1002
2024-09-20 10:56:58.915000,424.6674115030232,9
2024-09-20 10:56:58.920000,424.69214942140286,6
2024-09-20 10:56:58.921000,424.70641262507377,6
2024-09-20 10:56:58.924000,424.6374643332728,105
2024-09-20 10:56:58.947000,424.6970766252912,9
2024-09-20 10:56:58.965000,424.6368650346715,95
2024-09-20 10:56:58.985000,424.6769846453753,1001
2024-09-20 10:56:59.007000,424.6917558031388,9
2024-09-20 10:56:59.013000,424.6785218816789,1000
2024-09-20 10:56:59.039000,424.701746148021,97
2024-09-20 10:56:59.044000,424.68394756564913,100
2024-09-20 10:56:59.106000,424.6756684156444,104
2024-09-20 10:56:59.207000,424.7108415846001,998
2024-09-20 10:56:59.251000,424.6839336170781,996
2024-09-20 10:56:59.294000,424.72708191453904,1003
2024-09-20 10:56:59.426000,424.6821628921384,9
2024-09-20 10:56:59.490000,424.67100228338336,98
2024-09-20 10:56:59.512000,424.68750157245006,99
2024-09-20 10:56:59.529000,424.7138572905053,9
2024-09-20 10:56:59.536000,424.6673064464845,1000
2024-09-20 10:56:59.624000,424.6811534855224,1003
2024-09-20 10:56:59.649000,424.68771274797615,11
2024-09-20 10:56:59.663000,424.7109516549068,101
2024-09-20 10:56:59.683000,424.69273693028094,13
2024-09-20 10:56:59.760000,424.6808769296747,95
2024-09-20 10:56:59.807000,424.6827448656156,10
2024-09-20 10:56:59.819000,424.66967483285896,8
2024-09-20 10:56:59.975000,424.7174659106567,15
2024-09-20 10:56:59.977000,424.73111426412055,1001
2024-09-20 10:56:59.989000,424.6838439576596,998
