Timestamp,Price,Size
2024-09-17 15:51:00.355000,408.9622359999402,103
2024-09-17 15:51:00.899000,408.9582912997525,996
2024-09-17 15:51:01.018000,408.9548933273704,95
2024-09-17 15:51:01.063000,408.9039299863031,105
2024-09-17 15:51:01.217000,408.9432027294617,15
2024-09-17 15:51:01.263000,408.9007838587051,103
2024-09-17 15:51:01.271000,408.90601378548985,15
2024-09-17 15:51:01.298000,408.8982023668932,95
2024-09-17 15:51:01.331000,408.93705844412574,100
2024-09-17 15:51:01.355000,408.9593621287786,997
2024-09-17 15:51:01.425000,408.959553180263,105
2024-09-17 15:51:01.433000,408.8895477089217,99
2024-09-17 15:51:01.508000,408.940641218366,10
2024-09-17 15:51:01.520000,408.9062081752581,14
2024-09-17 15:51:01.556000,408.9145681822349,5
2024-09-17 15:51:01.637000,408.9447436189296,14
2024-09-17 15:51:01.729000,408.92358042786526,5
2024-09-17 15:51:01.808000,408.9422479179339,997
2024-09-17 15:51:01.909000,408.8975858902921,5
2024-09-17 15:51:01.988000,408.9310403407734,10
2024-09-17 15:51:03,408.95169242269935,14
2024-09-17 15:51:03.056000,408.9343739907392,101
2024-09-17 15:51:03.106000,408.8700624705153,1002
2024-09-17 15:51:03.143000,408.900263072633,99
2024-09-17 15:51:03.144000,408.9157304242805,6
2024-09-17 15:51:03.173000,408.8951267075602,100
2024-09-17 15:51:03.176000,408.8534669399162,97
2024-09-17 15:51:03.357000,408.9401983519074,97
2024-09-17 15:51:03.377000,408.9171515635251,999
2024-09-17 15:51:03.474000,408.94164188028935,9
2024-09-17 15:51:03.501000,408.8853473404075,9
2024-09-17 15:51:03.502000,408.9327704853183,95
2024-09-17 15:51:03.633000,408.8684731775159,15
2024-09-17 15:51:03.644000,408.8965322344703,7
2024-09-17 15:51:03.656000,408.9363853303116,1005
2024-09-17 15:51:03.769000,408.9083300850152,998
2024-09-17 15:51:03.781000,408.9011578251541,104
2024-09-17 15:51:03.822000,408.8840449035424,102
2024-09-17 15:51:03.866000,408.9205287895072,10
2024-09-17 15:51:03.869000,408.8726548732647,8
2024-09-17 15:51:03.992000,408.8745421402959,102
2024-09-17 15:51:04,408.97158481635495,97
2024-09-17 15:51:04.001000,408.99021412693446,105
2024-09-17 15:51:04.221000,408.93462087346376,103
2024-09-17 15:51:04.372000,408.999198597265,8
2024-09-17 15:51:04.405000,409.00437646054667,103
2024-09-17 15:51:04.423000,408.9570684271087,1004
2024-09-17 15:51:04.423000,408.94651415635474,99
2024-09-17 15:51:04.475000,408.9962797601085,96
2024-09-17 15:51:04.561000,408.94454844562085,101
2024-09-17 15:51:04.564000,408.967904606556,95
2024-09-17 15:51:04.680000,408.9739356849657,95
2024-09-17 15:51:04.780000,408.964601692133,98
2024-09-17 15:51:04.807000,408.9790318199388,5
2024-09-17 15:51:04.862000,408.9414633190412,95
2024-09-17 15:51:04.886000,408.9924107638128,100
2024-09-17 15:51:05.149000,408.9371725013552,996
2024-09-17 15:51:05.195000,415.6312248921445,14
2024-09-17 15:51:05.308000,408.9172373200296,103
2024-09-17 15:51:05.373000,408.9217045615845,12
2024-09-17 15:51:05.496000,408.9278311112639,5
2024-09-17 15:51:05.511000,408.92927317366974,1003
2024-09-17 15:51:05.526000,408.941419040941,98
2024-09-17 15:51:05.663000,408.939372612101,11
2024-09-17 15:51:05.785000,408.9506572577935,1003
2024-09-17 15:51:05.968000,408.9311322950275,1000
2024-09-17 15:51:05.996000,408.9321657016224,997
2024-09-17 15:51:06.045000,408.91803970758406,13
2024-09-17 15:51:06.089000,408.9280677119157,6
2024-09-17 15:51:06.115000,408.9159537409631,9
2024-09-17 15:51:06.149000,408.91787042511663,104
2024-09-17 15:51:06.192000,408.9166316676807,1001
2024-09-17 15:51:06.200000,408.9041222832415,1003
2024-09-17 15:51:06.203000,408.9076106800388,8
2024-09-17 15:51:06.208000,408.9097298930282,13
2024-09-17 15:51:06.212000,408.91616796396806,998
2024-09-17 15:51:06.238000,408.9030341178677,7
2024-09-17 15:51:06.282000,408.9285481361917,12
2024-09-17 15:51:06.324000,408.9057213988036,999
2024-09-17 15:51:06.390000,408.9077317239373,99
2024-09-17 15:51:06.417000,408.9379739968321,5
2024-09-17 15:51:06.475000,408.9263282118816,9
2024-09-17 15:51:06.541000,408.9169764171753,101
2024-09-17 15:51:06.551000,408.886816422927,1003
2024-09-17 15:51:06.561000,408.9202478698653,8
2024-09-17 15:51:06.582000,408.8915531434643,998
2024-09-17 15:51:06.692000,408.91662916303966,11
2024-09-17 15:51:06.799000,408.92390279902753,99
2024-09-17 15:51:06.835000,408.8949089220185,7
2024-09-17 15:51:06.837000,408.91391525120514,1003
2024-09-17 15:51:06.892000,408.90823095102405,995
2024-09-17 15:51:06.910000,408.9253407053237,99
2024-09-17 15:51:06.959000,408.9132927647491,14
2024-09-17 15:51:06.976000,408.9042271531347,1003
2024-09-17 15:51:07.260000,408.9242019425746,103
2024-09-17 15:51:07.287000,408.89997793487817,95
2024-09-17 15:51:07.341000,408.9172016576925,1001
2024-09-17 15:51:07.414000,408.9065848732301,98
2024-09-17 15:51:07.530000,408.9485987974574,95
2024-09-17 15:51:07.713000,408.912387845244,13
2024-09-17 15:51:07.717000,408.94121307162936,997
2024-09-17 15:51:07.759000,408.9227439866384,12
2024-09-17 15:51:07.770000,408.9185123763857,998
2024-09-17 15:51:07.798000,408.9394729633704,103
2024-09-17 15:51:07.804000,408.9028818563742,100
2024-09-17 15:51:07.865000,408.9403958047872,998
2024-09-17 15:51:07.925000,408.9363393019682,12
2024-09-17 15:51:07.926000,408.9171030024245,100
2024-09-17 15:51:07.940000,408.9249244811553,15
2024-09-17 15:51:07.974000,408.9264857227516,101
2024-09-17 15:51:08.024000,408.90419555338417,13
2024-09-17 15:51:08.078000,408.9058976159854,98
2024-09-17 15:51:08.185000,408.8942017690704,98
2024-09-17 15:51:08.214000,408.9391739213549,100
2024-09-17 15:51:08.292000,408.93546361430975,998
2024-09-17 15:51:08.344000,408.9253495426989,11
2024-09-17 15:51:08.610000,408.95035511692487,96
2024-09-17 15:51:08.626000,408.9029940278318,104
2024-09-17 15:51:08.709000,408.9345779600079,9
2024-09-17 15:51:08.959000,408.9227105447508,1004
2024-09-17 15:51:09.066000,408.8728420361124,999
2024-09-17 15:51:09.110000,408.918659940032,1000
2024-09-17 15:51:09.156000,408.8822952901468,9
2024-09-17 15:51:09.177000,408.9342368168393,998
2024-09-17 15:51:09.237000,408.8434081265205,100
2024-09-17 15:51:09.281000,408.8435431510799,1000
2024-09-17 15:51:09.340000,408.8471729525046,101
2024-09-17 15:51:09.367000,408.8487622287357,997
2024-09-17 15:51:09.378000,408.8994270946756,996
2024-09-17 15:51:09.406000,408.8464361597013,7
2024-09-17 15:51:09.409000,408.9499231849522,96
2024-09-17 15:51:09.540000,408.9444164231227,9
2024-09-17 15:51:09.562000,408.94017336086216,998
2024-09-17 15:51:09.575000,408.9042507723983,12
2024-09-17 15:51:09.593000,408.880118737029,999
2024-09-17 15:51:09.593000,408.8740786198952,998
2024-09-17 15:51:09.610000,408.921198198782,103
2024-09-17 15:51:09.634000,408.9195707700183,9
2024-09-17 15:51:09.665000,408.8961911301612,8
2024-09-17 15:51:09.672000,408.8148027016396,1004
2024-09-17 15:51:09.681000,408.9118320651803,103
2024-09-17 15:51:09.720000,408.8368875730548,101
2024-09-17 15:51:09.832000,408.8714851344737,1004
2024-09-17 15:51:09.849000,408.8277199135246,8
2024-09-17 15:51:09.866000,408.9213214154124,1004
2024-09-17 15:51:09.936000,408.8644055303257,1001
2024-09-17 15:51:09.950000,408.8449935883082,9
2024-09-17 15:51:10.146000,408.86323175411786,98
2024-09-17 15:51:10.218000,408.86395934605713,6
2024-09-17 15:51:10.227000,408.8713695664962,13
2024-09-17 15:51:10.380000,408.8601830246566,1003
2024-09-17 15:51:10.844000,415.6084381333027,104
2024-09-17 15:51:10.944000,408.8805222203416,13
2024-09-17 15:51:10.977000,408.88593491270245,105
2024-09-17 15:51:12.075000,408.899618037318,96
2024-09-17 15:51:12.384000,408.89499851518445,104
2024-09-17 15:51:12.588000,408.90418310775294,104
2024-09-17 15:51:12.653000,408.9130717268334,1004
2024-09-17 15:51:12.659000,408.90028380545874,101
2024-09-17 15:51:12.660000,408.8944967274277,103
2024-09-17 15:51:12.803000,408.900138844195,1005
2024-09-17 15:51:12.823000,408.8894769531708,998
2024-09-17 15:51:12.845000,408.8990980290701,13
2024-09-17 15:51:12.913000,408.8777958405992,7
2024-09-17 15:51:12.996000,408.8937403117196,98
2024-09-17 15:51:13.283000,408.8709127855859,95
2024-09-17 15:51:13.533000,408.8722174409416,1001
2024-09-17 15:51:13.595000,408.8660749358836,101
2024-09-17 15:51:14.163000,408.8751518814038,103
2024-09-17 15:51:14.196000,408.90125024924527,9
2024-09-17 15:51:14.260000,408.84492141171165,96
2024-09-17 15:51:14.263000,408.91143931080063,999
2024-09-17 15:51:14.290000,408.8568923590451,7
2024-09-17 15:51:14.291000,408.8612990065087,999
2024-09-17 15:51:14.335000,408.9306509291359,11
2024-09-17 15:51:14.374000,408.9244758844134,103
2024-09-17 15:51:14.404000,408.86572614643086,10
2024-09-17 15:51:14.480000,408.8831082330631,101
2024-09-17 15:51:14.500000,408.8742691148963,105
2024-09-17 15:51:14.513000,408.8681890499688,8
2024-09-17 15:51:14.623000,408.8829384450239,102
2024-09-17 15:51:14.640000,408.841014445337,7
2024-09-17 15:51:14.652000,408.8817393989493,100
2024-09-17 15:51:14.672000,408.88459572443867,10
2024-09-17 15:51:14.714000,408.8705982632956,7
2024-09-17 15:51:14.739000,408.8523728425631,100
2024-09-17 15:51:14.769000,408.8549737119976,15
2024-09-17 15:51:14.784000,408.907510551497,14
2024-09-17 15:51:14.825000,408.8612032863378,100
2024-09-17 15:51:14.864000,408.9234886517906,1005
2024-09-17 15:51:14.981000,408.8764478323397,9
2024-09-17 15:51:15.349000,408.8450301335146,8
2024-09-17 15:51:15.472000,408.8606103074204,1005
2024-09-17 15:51:15.523000,408.86472763780233,1005
2024-09-17 15:51:15.664000,408.8166274246985,999
2024-09-17 15:51:15.764000,408.84813586789744,14
2024-09-17 15:51:15.834000,408.8662535840082,7
2024-09-17 15:51:15.863000,408.8404143478665,999
2024-09-17 15:51:16.007000,408.8280098396766,98
2024-09-17 15:51:16.032000,408.8525498523195,997
2024-09-17 15:51:16.038000,408.833389695749,95
2024-09-17 15:51:16.044000,408.8110164925421,102
2024-09-17 15:51:16.387000,408.8818601559384,13
2024-09-17 15:51:16.442000,408.84594075095214,5
2024-09-17 15:51:16.513000,408.8263404093424,15
2024-09-17 15:51:16.561000,408.8340677976644,1005
2024-09-17 15:51:16.674000,408.825534935187,13
2024-09-17 15:51:16.688000,408.8207005969343,999
2024-09-17 15:51:16.763000,408.8657983056141,1005
2024-09-17 15:51:16.962000,408.8479713291895,97
2024-09-17 15:51:16.989000,408.8270305639868,995
2024-09-17 15:51:17.015000,408.87292021462247,102
2024-09-17 15:51:17.049000,408.8662407305727,13
2024-09-17 15:51:17.255000,408.8785309615782,105
2024-09-17 15:51:17.318000,408.8935856028814,8
2024-09-17 15:51:17.333000,408.8783937315204,14
2024-09-17 15:51:17.338000,408.8571142435751,100
2024-09-17 15:51:17.558000,408.8737501087184,1000
2024-09-17 15:51:17.786000,408.879947813187,9
2024-09-17 15:51:17.829000,408.87977213078943,8
2024-09-17 15:51:17.870000,408.8819133813723,5
2024-09-17 15:51:18.062000,408.8262341984585,1004
2024-09-17 15:51:18.067000,408.8648114678462,14
2024-09-17 15:51:18.079000,408.85522379723153,1000
2024-09-17 15:51:18.106000,408.82960016466046,15
2024-09-17 15:51:18.110000,408.81914937098,97
2024-09-17 15:51:18.115000,408.8843780674752,13
2024-09-17 15:51:18.135000,408.8937482292758,101
2024-09-17 15:51:18.157000,408.8305456980396,95
2024-09-17 15:51:18.185000,408.8254329622651,12
2024-09-17 15:51:18.256000,408.8265892043841,14
2024-09-17 15:51:18.276000,408.85737561138535,999
2024-09-17 15:51:18.291000,408.85486191040496,101
2024-09-17 15:51:18.342000,408.8775090485406,997
2024-09-17 15:51:18.374000,408.8933064477881,1001
2024-09-17 15:51:18.395000,408.85204110480464,995
2024-09-17 15:51:18.440000,408.8077799326613,998
2024-09-17 15:51:18.562000,408.831820227676,5
2024-09-17 15:51:18.705000,408.8666875921626,95
2024-09-17 15:51:18.714000,408.85063937954016,13
2024-09-17 15:51:18.714000,408.8076781639941,1002
2024-09-17 15:51:18.717000,408.8323019567202,14
2024-09-17 15:51:18.770000,408.88111964660527,96
2024-09-17 15:51:18.800000,408.85883757628216,7
2024-09-17 15:51:18.818000,408.8247489077504,997
2024-09-17 15:51:18.834000,408.8303165681556,997
2024-09-17 15:51:18.846000,408.8374218209373,95
2024-09-17 15:51:18.850000,408.82091840201787,998
2024-09-17 15:51:18.894000,408.8765323292084,95
2024-09-17 15:51:18.982000,408.8588485816766,105
2024-09-17 15:51:19.071000,408.7834390070521,9
2024-09-17 15:51:19.081000,408.7861301865446,995
2024-09-17 15:51:19.092000,408.80808905385135,13
2024-09-17 15:51:19.125000,408.8003403005749,96
2024-09-17 15:51:19.168000,408.8139156092573,15
2024-09-17 15:51:19.241000,408.7986503483089,1003
2024-09-17 15:51:19.245000,408.830189155232,10
2024-09-17 15:51:19.247000,408.80802933281217,999
2024-09-17 15:51:19.330000,408.82314789893854,104
2024-09-17 15:51:19.349000,408.81235701036366,996
2024-09-17 15:51:19.352000,408.8240785078321,100
2024-09-17 15:51:19.381000,408.8155495532693,9
2024-09-17 15:51:19.462000,408.82260234154575,14
2024-09-17 15:51:19.603000,408.8459091366301,997
2024-09-17 15:51:19.654000,408.8297938145438,998
2024-09-17 15:51:19.658000,408.8360732967356,11
2024-09-17 15:51:19.705000,408.811545145294,1000
2024-09-17 15:51:19.724000,408.79334465298,14
2024-09-17 15:51:19.766000,408.78374242149226,15
2024-09-17 15:51:19.771000,408.8331207528895,1005
2024-09-17 15:51:19.793000,408.8358154855366,96
2024-09-17 15:51:19.845000,408.7987539565895,1005
2024-09-17 15:51:19.864000,408.7804841468699,995
2024-09-17 15:51:19.912000,408.8384206399337,98
2024-09-17 15:51:19.915000,408.79253761081486,5
2024-09-17 15:51:19.980000,408.8315296755347,103
2024-09-17 15:51:20.084000,408.7665243188589,104
2024-09-17 15:51:20.104000,415.8154841798756,8
2024-09-17 15:51:20.107000,408.8301288137032,998
2024-09-17 15:51:20.288000,408.81580283798,97
2024-09-17 15:51:20.365000,408.824673039844,95
2024-09-17 15:51:20.514000,408.8087220890758,1000
2024-09-17 15:51:20.819000,408.7953668834722,996
2024-09-17 15:51:21.010000,408.8603905811666,1000
2024-09-17 15:51:21.030000,408.8558772031659,96
2024-09-17 15:51:21.046000,408.8522684434868,1004
2024-09-17 15:51:21.090000,408.8278684934325,101
2024-09-17 15:51:21.139000,408.8754636997704,996
2024-09-17 15:51:21.145000,408.8538296990168,103
2024-09-17 15:51:21.160000,408.8454432990399,102
2024-09-17 15:51:21.642000,408.8499575893844,13
2024-09-17 15:51:21.701000,408.8389993385582,103
2024-09-17 15:51:21.923000,408.8330344141596,14
2024-09-17 15:51:22.301000,408.86473560309855,97
2024-09-17 15:51:22.562000,408.8657500263965,10
2024-09-17 15:51:23.107000,408.8703398510667,101
2024-09-17 15:51:23.112000,408.8678053182464,998
2024-09-17 15:51:23.144000,408.8677362927609,8
2024-09-17 15:51:23.152000,408.8749790740015,1003
2024-09-17 15:51:23.207000,408.8801936924581,15
2024-09-17 15:51:23.265000,408.8906183613193,1001
2024-09-17 15:51:23.325000,408.8940287642732,103
2024-09-17 15:51:23.408000,408.8657334268799,1000
2024-09-17 15:51:23.492000,408.8693804580432,12
2024-09-17 15:51:23.512000,408.8691587825501,6
2024-09-17 15:51:23.614000,408.8563092441264,10
2024-09-17 15:51:23.624000,408.8760722758982,8
2024-09-17 15:51:23.654000,408.8645548121893,97
2024-09-17 15:51:23.705000,408.85225597114055,12
2024-09-17 15:51:23.715000,408.8706107289052,99
2024-09-17 15:51:23.721000,408.87102862810383,1002
2024-09-17 15:51:23.800000,408.8620340010964,104
2024-09-17 15:51:23.977000,408.88031723976974,95
2024-09-17 15:51:23.993000,408.8956221292264,1004
2024-09-17 15:51:24.041000,408.8507911323039,97
2024-09-17 15:51:24.062000,408.8450205784084,104
2024-09-17 15:51:24.080000,408.8225036856778,996
2024-09-17 15:51:24.109000,408.8346608141601,98
2024-09-17 15:51:24.140000,408.8225818091394,105
2024-09-17 15:51:24.164000,408.8256605491773,98
2024-09-17 15:51:24.174000,408.8397762319447,13
2024-09-17 15:51:24.231000,408.8587994714445,998
2024-09-17 15:51:24.276000,408.8437705661565,1000
2024-09-17 15:51:24.307000,408.8347916931165,95
2024-09-17 15:51:24.313000,408.8351629295951,98
2024-09-17 15:51:24.326000,408.8358950852784,101
2024-09-17 15:51:24.357000,408.8370535329193,1000
2024-09-17 15:51:24.370000,408.824054537782,999
2024-09-17 15:51:24.409000,408.8376545022982,104
2024-09-17 15:51:24.457000,408.8473573503164,11
2024-09-17 15:51:24.466000,408.8270003356001,5
2024-09-17 15:51:24.491000,408.847293138504,1002
2024-09-17 15:51:24.631000,408.8534118923055,1005
2024-09-17 15:51:24.656000,408.8285198999869,1000
2024-09-17 15:51:24.697000,408.8662562589545,995
2024-09-17 15:51:24.710000,415.7424631875002,100
2024-09-17 15:51:24.737000,408.8607063385717,1001
2024-09-17 15:51:24.762000,408.8564231524314,8
2024-09-17 15:51:24.765000,408.8584285156447,6
2024-09-17 15:51:24.796000,408.8215610740548,1002
2024-09-17 15:51:24.857000,408.8472867878206,6
2024-09-17 15:51:24.906000,408.8732347833728,1002
2024-09-17 15:51:24.929000,408.8422556985473,101
2024-09-17 15:51:25.042000,408.8231783069935,1000
2024-09-17 15:51:25.755000,408.8166260918659,7
2024-09-17 15:51:25.774000,408.823020985035,997
2024-09-17 15:51:26.023000,408.7524538637618,998
2024-09-17 15:51:26.032000,408.8241024638105,97
2024-09-17 15:51:26.059000,408.80182110294857,1000
2024-09-17 15:51:26.115000,408.7757478042122,14
2024-09-17 15:51:26.166000,408.7754875772868,1000
2024-09-17 15:51:26.172000,408.7742872075343,13
2024-09-17 15:51:26.229000,408.7971568192094,10
2024-09-17 15:51:26.301000,408.82440977043206,997
2024-09-17 15:51:26.352000,408.8078677670664,14
2024-09-17 15:51:26.389000,408.7852800410993,1005
2024-09-17 15:51:26.394000,408.8000320272144,9
2024-09-17 15:51:26.446000,408.8227618688212,1000
2024-09-17 15:51:26.556000,408.7624285356866,10
2024-09-17 15:51:26.606000,408.7893448829336,15
2024-09-17 15:51:26.654000,408.7639296561655,100
2024-09-17 15:51:26.670000,408.7809635063685,95
2024-09-17 15:51:26.680000,408.7650912185457,7
2024-09-17 15:51:26.741000,408.8155301214118,995
2024-09-17 15:51:26.742000,408.7844532414948,103
2024-09-17 15:51:26.752000,408.77141235760257,13
2024-09-17 15:51:26.781000,408.7741068868797,999
2024-09-17 15:51:26.841000,408.8039892529702,1002
2024-09-17 15:51:26.856000,408.7819026679881,1000
2024-09-17 15:51:26.858000,408.8021694207708,995
2024-09-17 15:51:26.956000,408.7826994585369,15
2024-09-17 15:51:27.083000,408.7985900464195,5
2024-09-17 15:51:27.128000,408.7731647354988,99
2024-09-17 15:51:27.245000,408.8034197568186,105
2024-09-17 15:51:27.295000,408.7835215385995,13
2024-09-17 15:51:27.569000,408.8053196646932,8
2024-09-17 15:51:27.592000,408.7824102652635,997
2024-09-17 15:51:27.610000,408.80758091895774,15
2024-09-17 15:51:27.790000,408.8084290594675,997
2024-09-17 15:51:27.847000,408.797472663295,998
2024-09-17 15:51:27.927000,408.8171873420053,7
2024-09-17 15:51:27.991000,408.80401879151583,5
2024-09-17 15:51:28.062000,408.7830940261962,5
2024-09-17 15:51:28.205000,408.73951154173966,11
2024-09-17 15:51:28.314000,408.7103641351495,97
2024-09-17 15:51:28.416000,408.7408652905164,14
2024-09-17 15:51:28.725000,408.7223875310845,7
2024-09-17 15:51:28.925000,408.7731819747626,7
2024-09-17 15:51:29.078000,408.7171126397528,100
2024-09-17 15:51:29.085000,408.6916307249215,104
2024-09-17 15:51:29.088000,408.6303504194738,103
2024-09-17 15:51:29.094000,408.6065152195099,98
2024-09-17 15:51:29.095000,408.6232691959037,98
2024-09-17 15:51:29.104000,408.69508786500086,997
2024-09-17 15:51:29.139000,408.7005981983657,98
2024-09-17 15:51:29.141000,408.60164645893326,8
2024-09-17 15:51:29.227000,408.6872188359191,999
2024-09-17 15:51:29.365000,408.6104474016288,9
2024-09-17 15:51:29.422000,408.6124689792976,6
2024-09-17 15:51:29.440000,408.67099811643646,10
2024-09-17 15:51:29.465000,408.59481738706575,102
2024-09-17 15:51:29.509000,408.6942745549185,1002
2024-09-17 15:51:29.526000,408.5949871440173,95
2024-09-17 15:51:29.547000,408.7162590832406,5
2024-09-17 15:51:29.554000,408.6539131082168,15
2024-09-17 15:51:29.560000,408.6105512545385,99
2024-09-17 15:51:29.648000,408.7187776638239,995
2024-09-17 15:51:29.649000,408.6930967753764,14
2024-09-17 15:51:29.691000,408.5541259366999,5
2024-09-17 15:51:29.801000,408.5790089464872,101
2024-09-17 15:51:29.824000,408.6363235905619,95
2024-09-17 15:51:29.881000,408.68275711944864,998
2024-09-17 15:51:29.894000,408.6641736195276,13
2024-09-17 15:51:29.913000,408.6888182006809,13
2024-09-17 15:51:30.058000,408.5604380346799,9
2024-09-17 15:51:30.117000,408.5333775811056,101
2024-09-17 15:51:30.119000,408.4962667913345,996
2024-09-17 15:51:30.161000,408.5554780801883,1002
2024-09-17 15:51:30.208000,408.5359241712215,98
2024-09-17 15:51:30.236000,408.5206479326641,104
2024-09-17 15:51:30.263000,408.5363992501544,97
2024-09-17 15:51:30.288000,408.5560594738143,12
2024-09-17 15:51:30.297000,408.5063939291628,1000
2024-09-17 15:51:30.324000,408.5157726138958,102
2024-09-17 15:51:30.353000,408.56029596678286,8
2024-09-17 15:51:30.459000,408.5405709064704,996
2024-09-17 15:51:30.490000,408.5500084198703,1004
2024-09-17 15:51:30.577000,408.5380084860055,998
2024-09-17 15:51:30.589000,408.5178201581832,1001
2024-09-17 15:51:30.601000,408.5153579744021,1001
2024-09-17 15:51:30.701000,408.531318035588,1002
2024-09-17 15:51:30.707000,408.53721816082,105
2024-09-17 15:51:30.719000,408.5495727934873,102
2024-09-17 15:51:30.732000,408.5173318368949,102
2024-09-17 15:51:30.780000,408.5515467949008,9
2024-09-17 15:51:30.908000,408.5195468312547,15
2024-09-17 15:51:31.036000,408.48127448945,13
2024-09-17 15:51:31.039000,408.4779316183794,99
2024-09-17 15:51:31.074000,408.4512415537189,996
2024-09-17 15:51:31.076000,408.4512386008252,96
2024-09-17 15:51:31.083000,408.47632884527474,12
2024-09-17 15:51:31.118000,408.4358987410189,1000
2024-09-17 15:51:31.130000,408.486254475428,6
2024-09-17 15:51:31.146000,408.4936529786551,1005
2024-09-17 15:51:31.189000,408.48637315588473,11
2024-09-17 15:51:31.200000,408.4616672487896,1001
2024-09-17 15:51:31.266000,408.45747491323687,12
2024-09-17 15:51:31.281000,408.4892070123824,12
2024-09-17 15:51:31.309000,408.48124016687177,104
2024-09-17 15:51:31.324000,408.51352705203806,8
2024-09-17 15:51:31.334000,408.4849859696642,6
2024-09-17 15:51:31.367000,408.50782592500286,1000
2024-09-17 15:51:31.472000,408.45671072200224,14
2024-09-17 15:51:31.499000,408.4794234512894,1001
2024-09-17 15:51:31.545000,408.4935024338296,15
2024-09-17 15:51:31.580000,408.45292454166565,1001
2024-09-17 15:51:31.624000,408.4858188195994,995
2024-09-17 15:51:31.628000,408.4860300637862,100
2024-09-17 15:51:31.650000,408.4440019275842,5
2024-09-17 15:51:31.673000,408.4477569077329,95
2024-09-17 15:51:31.774000,408.4532683902205,104
2024-09-17 15:51:31.812000,408.4360193009293,103
2024-09-17 15:51:31.837000,408.4436761090199,100
2024-09-17 15:51:31.915000,408.4631745651853,10
2024-09-17 15:51:31.995000,408.46862550539794,104
2024-09-17 15:51:32.110000,408.4683710646052,998
2024-09-17 15:51:32.168000,408.4930987443907,11
2024-09-17 15:51:32.201000,408.5086814315784,95
2024-09-17 15:51:32.205000,408.5093346188386,14
2024-09-17 15:51:32.288000,408.46802357943307,9
2024-09-17 15:51:32.363000,408.5125781411716,7
2024-09-17 15:51:32.407000,408.485822919962,8
2024-09-17 15:51:32.440000,408.4951377680726,103
2024-09-17 15:51:32.447000,408.49553356378624,14
2024-09-17 15:51:32.464000,408.5275512305622,12
2024-09-17 15:51:32.530000,408.4897456048736,105
2024-09-17 15:51:32.556000,408.469405162652,104
2024-09-17 15:51:32.561000,408.4921707289815,6
2024-09-17 15:51:32.686000,408.4732690047979,101
2024-09-17 15:51:32.726000,408.48029810471394,100
2024-09-17 15:51:32.729000,408.4973297236759,95
2024-09-17 15:51:32.766000,408.4759938327242,95
2024-09-17 15:51:32.830000,408.5068222456388,102
2024-09-17 15:51:32.840000,408.4765630281138,99
2024-09-17 15:51:32.869000,408.4911892790698,5
2024-09-17 15:51:32.912000,408.50604043427,9
2024-09-17 15:51:33.076000,408.5007940771869,105
2024-09-17 15:51:33.128000,408.4792001749531,1000
2024-09-17 15:51:33.212000,408.4854624446035,1003
2024-09-17 15:51:33.328000,408.4706769549306,103
2024-09-17 15:51:33.428000,408.5036353146321,12
2024-09-17 15:51:33.734000,408.4764838571623,1002
2024-09-17 15:51:33.806000,408.4856976179754,1003
2024-09-17 15:51:33.897000,408.48445884208417,103
2024-09-17 15:51:33.972000,408.4839968730444,95
2024-09-17 15:51:34.014000,408.51904784416223,1003
2024-09-17 15:51:34.073000,408.4600761097112,998
2024-09-17 15:51:34.138000,408.4277968726685,98
2024-09-17 15:51:34.148000,408.4775554096475,98
2024-09-17 15:51:34.218000,408.4778701868624,6
2024-09-17 15:51:34.225000,408.50095927505663,103
2024-09-17 15:51:34.282000,408.52392501355024,997
2024-09-17 15:51:34.285000,408.5057613945293,103
2024-09-17 15:51:34.312000,408.47683456653664,103
2024-09-17 15:51:34.419000,408.53268357687045,7
2024-09-17 15:51:34.454000,408.5123677262341,97
2024-09-17 15:51:34.489000,408.4568173002881,96
2024-09-17 15:51:34.491000,408.5298027382981,11
2024-09-17 15:51:34.495000,408.48324763986994,1005
2024-09-17 15:51:34.530000,408.4620021369816,96
2024-09-17 15:51:34.554000,408.5086881571757,1002
2024-09-17 15:51:34.621000,408.4949545024072,103
2024-09-17 15:51:34.776000,408.5138538990138,12
2024-09-17 15:51:34.798000,408.4416679702511,1005
2024-09-17 15:51:34.838000,408.4864993000433,14
2024-09-17 15:51:34.871000,408.44024827253935,96
2024-09-17 15:51:34.932000,408.4274199037279,7
2024-09-17 15:51:34.956000,408.4533209252562,12
2024-09-17 15:51:34.983000,408.5126690698381,7
2024-09-17 15:51:35.013000,408.5182823238937,101
2024-09-17 15:51:35.050000,408.5548979094355,996
2024-09-17 15:51:35.062000,408.5632295589646,103
2024-09-17 15:51:35.111000,408.5071478368321,1002
2024-09-17 15:51:35.162000,408.5103086812627,104
2024-09-17 15:51:35.272000,408.53237168469,1003
2024-09-17 15:51:35.376000,408.5821923230412,14
2024-09-17 15:51:35.410000,408.5066541844321,98
2024-09-17 15:51:35.430000,408.5078048648239,97
2024-09-17 15:51:35.443000,408.5385535489329,12
2024-09-17 15:51:35.472000,408.5689454024531,105
2024-09-17 15:51:35.500000,408.5187580880552,1005
2024-09-17 15:51:35.507000,408.5453551106376,101
2024-09-17 15:51:35.551000,408.55832729474656,995
2024-09-17 15:51:35.555000,408.4958653450813,96
2024-09-17 15:51:35.629000,408.5843909399098,998
2024-09-17 15:51:35.799000,408.5972195754276,102
2024-09-17 15:51:35.844000,408.5049790841594,95
2024-09-17 15:51:35.859000,408.57574858557285,1005
2024-09-17 15:51:35.938000,408.50504935136007,12
2024-09-17 15:51:35.964000,408.5439959280874,15
2024-09-17 15:51:35.987000,408.5564763738942,12
2024-09-17 15:51:37.051000,415.6633903642648,97
2024-09-17 15:51:37.133000,408.5772572103621,99
2024-09-17 15:51:37.179000,408.5734566156759,995
2024-09-17 15:51:37.214000,408.5839581530745,997
2024-09-17 15:51:37.228000,408.5697008114932,999
2024-09-17 15:51:37.742000,408.5500205019172,10
2024-09-17 15:51:37.751000,408.5152426755674,11
2024-09-17 15:51:37.757000,408.5236135195341,100
2024-09-17 15:51:37.810000,408.5643825006044,997
2024-09-17 15:51:37.844000,408.51911972042166,1004
2024-09-17 15:51:37.926000,408.5651215054238,6
2024-09-17 15:51:37.959000,408.5541710817209,13
2024-09-17 15:51:37.971000,408.5565160240944,8
2024-09-17 15:51:38.016000,408.5158747936725,98
2024-09-17 15:51:38.028000,408.5064691348029,999
2024-09-17 15:51:38.033000,415.61847108429527,15
2024-09-17 15:51:38.042000,408.5226280180812,1000
2024-09-17 15:51:38.091000,408.48855116353377,105
2024-09-17 15:51:38.109000,408.4936682116329,1003
2024-09-17 15:51:38.120000,408.483430536004,102
2024-09-17 15:51:38.130000,408.4885840603967,103
2024-09-17 15:51:38.172000,408.5347969895558,997
2024-09-17 15:51:38.181000,408.4857925985602,1001
2024-09-17 15:51:38.186000,408.5036025391619,14
2024-09-17 15:51:38.194000,408.4910532049279,97
2024-09-17 15:51:38.214000,408.5002296454096,9
2024-09-17 15:51:38.215000,408.5119905581428,999
2024-09-17 15:51:38.299000,408.5000654965554,13
2024-09-17 15:51:38.353000,415.5989412387786,10
2024-09-17 15:51:38.381000,408.50681121521166,10
2024-09-17 15:51:38.424000,408.47647721968247,6
2024-09-17 15:51:38.425000,408.50512193343553,997
2024-09-17 15:51:38.435000,408.53296040399056,95
2024-09-17 15:51:38.445000,408.48551225419067,102
2024-09-17 15:51:38.470000,408.4900981812543,14
2024-09-17 15:51:38.472000,408.490130744198,1003
2024-09-17 15:51:38.608000,408.5113201005662,104
2024-09-17 15:51:38.632000,408.49376616986456,104
2024-09-17 15:51:38.633000,408.4662747798105,997
2024-09-17 15:51:38.750000,408.5147948916379,99
2024-09-17 15:51:38.754000,408.4899345431247,997
2024-09-17 15:51:38.798000,408.5033763570268,8
2024-09-17 15:51:38.944000,408.5082230812844,998
2024-09-17 15:51:38.968000,408.49563139081965,96
2024-09-17 15:51:38.973000,408.5105177759156,95
2024-09-17 15:51:39.155000,408.49339811562334,1004
2024-09-17 15:51:39.332000,408.5000016635364,99
2024-09-17 15:51:39.435000,408.4998931718787,12
2024-09-17 15:51:39.790000,408.5077913935735,1003
2024-09-17 15:51:39.815000,408.5016170125319,10
2024-09-17 15:51:39.909000,408.4990880768674,103
2024-09-17 15:51:40.033000,408.5086306614273,98
2024-09-17 15:51:40.066000,408.431946757101,12
2024-09-17 15:51:40.090000,408.4782526656653,1004
2024-09-17 15:51:40.270000,408.4630233663677,996
2024-09-17 15:51:40.434000,408.4583431372345,999
2024-09-17 15:51:40.458000,408.4661706995035,15
2024-09-17 15:51:40.536000,408.45089195600127,98
2024-09-17 15:51:40.592000,408.4997877936518,105
2024-09-17 15:51:40.681000,408.4347637407882,100
2024-09-17 15:51:40.791000,408.4597039551784,9
2024-09-17 15:51:40.873000,408.5232176470668,14
2024-09-17 15:51:40.874000,408.4518446101724,1002
2024-09-17 15:51:40.881000,408.46023509258606,105
2024-09-17 15:51:40.887000,408.4577233855652,995
2024-09-17 15:51:40.889000,408.4601765856252,101
2024-09-17 15:51:40.923000,408.4383804632093,1001
2024-09-17 15:51:40.970000,408.43991121884335,7
2024-09-17 15:51:41.041000,408.5188238709601,999
2024-09-17 15:51:41.044000,408.5170170237824,7
2024-09-17 15:51:41.161000,408.4585624119352,1002
2024-09-17 15:51:41.186000,408.5497374010567,103
2024-09-17 15:51:41.193000,408.495165813983,999
2024-09-17 15:51:41.219000,408.54226271855833,1002
2024-09-17 15:51:41.315000,408.550075084544,5
2024-09-17 15:51:41.347000,408.55413108427217,103
2024-09-17 15:51:41.367000,408.473351559988,11
2024-09-17 15:51:41.380000,408.5313031372679,97
2024-09-17 15:51:41.414000,408.5403290647176,6
2024-09-17 15:51:41.427000,408.4750364920574,1001
2024-09-17 15:51:41.471000,408.55015736576775,1001
2024-09-17 15:51:41.474000,408.5586920494593,97
2024-09-17 15:51:41.482000,408.483557123099,1004
2024-09-17 15:51:41.616000,408.5374486462391,14
2024-09-17 15:51:41.691000,408.5187425703868,1001
2024-09-17 15:51:41.709000,408.5428783422149,10
2024-09-17 15:51:41.724000,408.4558924777622,102
2024-09-17 15:51:41.743000,408.5465851147324,103
2024-09-17 15:51:41.805000,408.4661219536123,1004
2024-09-17 15:51:41.840000,408.5418137620775,103
2024-09-17 15:51:41.869000,408.5016069922656,12
2024-09-17 15:51:41.946000,408.5333215641358,5
2024-09-17 15:51:41.947000,408.5655495062353,11
2024-09-17 15:51:41.948000,408.441344560269,6
2024-09-17 15:51:41.974000,408.53484735142433,98
2024-09-17 15:51:42.242000,408.50567946351504,15
2024-09-17 15:51:42.355000,415.6802549239967,6
2024-09-17 15:51:43.059000,408.5159611510898,99
2024-09-17 15:51:43.064000,408.4950113581768,1002
2024-09-17 15:51:43.104000,408.4947023476837,104
2024-09-17 15:51:43.108000,408.4995012017109,11
2024-09-17 15:51:43.141000,408.4915548191289,1003
2024-09-17 15:51:43.253000,408.5004668222815,101
2024-09-17 15:51:43.302000,408.4956768535501,10
2024-09-17 15:51:43.346000,408.47071282890977,8
2024-09-17 15:51:43.371000,408.4941558829413,1001
2024-09-17 15:51:43.452000,408.4784396550493,1005
2024-09-17 15:51:43.470000,408.51575956060105,14
2024-09-17 15:51:43.505000,408.5276527212368,101
2024-09-17 15:51:43.535000,408.5040683391973,13
2024-09-17 15:51:43.550000,408.499309856545,99
2024-09-17 15:51:43.550000,408.4841769473168,8
2024-09-17 15:51:43.579000,408.5226905213031,101
2024-09-17 15:51:43.642000,408.487054447945,97
2024-09-17 15:51:43.686000,408.503484587422,102
2024-09-17 15:51:43.747000,408.49478460578,1002
2024-09-17 15:51:43.759000,408.5111083794822,10
2024-09-17 15:51:43.766000,408.4891835776516,1000
2024-09-17 15:51:43.834000,408.50556356070825,997
2024-09-17 15:51:43.863000,408.49313719595824,1004
2024-09-17 15:51:43.866000,408.4855741054954,96
2024-09-17 15:51:43.875000,408.4964380436285,1001
2024-09-17 15:51:43.907000,408.50389808941895,14
2024-09-17 15:51:43.912000,408.5014578909696,9
2024-09-17 15:51:44.009000,408.4720154928705,5
2024-09-17 15:51:44.015000,408.51008062125976,996
2024-09-17 15:51:44.016000,408.5087263353961,101
2024-09-17 15:51:44.131000,408.47729123456185,13
2024-09-17 15:51:44.181000,408.5290832658266,95
2024-09-17 15:51:44.285000,408.4863554143121,5
2024-09-17 15:51:44.467000,408.5147545920688,97
2024-09-17 15:51:44.515000,408.50649080892543,10
2024-09-17 15:51:44.516000,408.4973486047992,102
2024-09-17 15:51:44.671000,408.5094554059239,7
2024-09-17 15:51:44.774000,408.5070831584831,12
2024-09-17 15:51:44.830000,408.51888580169145,105
2024-09-17 15:51:44.977000,408.4402112518416,15
2024-09-17 15:51:44.982000,408.5157172044176,999
2024-09-17 15:51:45.139000,408.4423383012127,6
2024-09-17 15:51:45.167000,408.4358420554299,1004
2024-09-17 15:51:45.436000,408.4459536099502,5
2024-09-17 15:51:45.465000,408.424583642519,1001
2024-09-17 15:51:45.476000,408.4375447897145,1001
2024-09-17 15:51:45.543000,408.4253865884744,99
2024-09-17 15:51:45.571000,408.404319048928,12
2024-09-17 15:51:45.765000,408.43063421739424,102
2024-09-17 15:51:45.819000,408.43329271587874,995
2024-09-17 15:51:45.821000,408.42520621540285,14
2024-09-17 15:51:45.998000,408.43241847977305,995
2024-09-17 15:51:46.017000,408.4356757053258,99
2024-09-17 15:51:46.020000,408.4168152843764,104
2024-09-17 15:51:46.031000,408.4382144302289,10
2024-09-17 15:51:46.076000,408.4147885263155,13
2024-09-17 15:51:46.077000,408.3874939615994,10
2024-09-17 15:51:46.096000,408.4062088514263,97
2024-09-17 15:51:46.127000,408.3714525039388,999
2024-09-17 15:51:46.239000,408.3902741620547,10
2024-09-17 15:51:46.316000,408.3837532037972,99
2024-09-17 15:51:46.331000,408.3878656792908,13
2024-09-17 15:51:46.340000,408.3789033394637,1002
2024-09-17 15:51:46.508000,408.4395782139857,102
2024-09-17 15:51:46.519000,408.35789766772,5
2024-09-17 15:51:46.521000,408.404683601733,8
2024-09-17 15:51:46.546000,408.427897222708,1003
2024-09-17 15:51:46.605000,408.3833044348072,7
2024-09-17 15:51:46.611000,408.3973005189385,14
2024-09-17 15:51:46.627000,408.3533895790435,97
2024-09-17 15:51:46.631000,408.44196327858384,99
2024-09-17 15:51:46.702000,408.4054288192397,101
2024-09-17 15:51:46.712000,408.4301134541928,1004
2024-09-17 15:51:46.712000,408.4065812721183,1002
2024-09-17 15:51:46.863000,408.3933631323326,6
2024-09-17 15:51:46.879000,408.4236053286517,999
2024-09-17 15:51:46.927000,408.42126116045546,102
2024-09-17 15:51:46.930000,408.4336260751836,996
2024-09-17 15:51:46.990000,408.4024980927092,995
2024-09-17 15:51:46.993000,408.4391556290103,6
2024-09-17 15:51:47.004000,408.36422592127934,96
2024-09-17 15:51:47.039000,408.3574549870933,102
2024-09-17 15:51:47.096000,408.3999090124518,14
2024-09-17 15:51:47.100000,408.33403559115504,996
2024-09-17 15:51:47.113000,408.3666395977319,101
2024-09-17 15:51:47.179000,408.38389119343566,1002
2024-09-17 15:51:47.182000,408.385963441123,1003
2024-09-17 15:51:47.185000,408.3422257063776,996
2024-09-17 15:51:47.189000,408.3671071306029,12
2024-09-17 15:51:47.240000,408.3805687061055,13
2024-09-17 15:51:47.339000,408.3890794370269,12
2024-09-17 15:51:47.466000,408.401676989762,103
2024-09-17 15:51:47.525000,408.3646326635661,15
2024-09-17 15:51:47.547000,408.3737991176061,1001
2024-09-17 15:51:47.552000,408.3313315603205,105
2024-09-17 15:51:47.562000,408.3296612188262,96
2024-09-17 15:51:47.581000,408.32048099303927,1001
2024-09-17 15:51:47.588000,408.38239951440727,10
2024-09-17 15:51:47.651000,408.3305160574309,95
2024-09-17 15:51:47.680000,408.4049894457647,95
2024-09-17 15:51:47.742000,408.3321593065005,100
2024-09-17 15:51:47.756000,408.3925423130814,101
2024-09-17 15:51:47.774000,408.3656841871817,998
2024-09-17 15:51:47.786000,408.3391979227482,1004
2024-09-17 15:51:47.799000,408.3536998540196,9
2024-09-17 15:51:47.883000,408.35750093677166,5
2024-09-17 15:51:47.884000,408.3818807351258,8
2024-09-17 15:51:47.936000,408.33432279906566,7
2024-09-17 15:51:47.953000,408.3813857230394,8
2024-09-17 15:51:47.990000,408.3214136306812,97
2024-09-17 15:51:48.370000,408.3975147614096,13
2024-09-17 15:51:48.424000,408.3869675646537,97
2024-09-17 15:51:48.439000,408.4052066059565,996
2024-09-17 15:51:49.066000,408.4223259499679,10
2024-09-17 15:51:49.082000,408.413205954451,11
2024-09-17 15:51:49.152000,408.3726179606784,1001
2024-09-17 15:51:49.233000,408.40085442378313,97
2024-09-17 15:51:49.291000,408.4097356366484,1000
2024-09-17 15:51:49.350000,408.4109960458672,13
2024-09-17 15:51:49.388000,408.42533816878,997
2024-09-17 15:51:49.512000,408.43399231980646,11
2024-09-17 15:51:49.733000,408.3615795316531,8
2024-09-17 15:51:49.792000,408.395259422709,5
2024-09-17 15:51:49.796000,408.3976930534624,9
2024-09-17 15:51:49.797000,408.3920757166558,1002
2024-09-17 15:51:49.803000,408.39784892994135,102
2024-09-17 15:51:49.834000,408.3569150487038,9
2024-09-17 15:51:49.856000,408.3995916989587,998
2024-09-17 15:51:49.901000,408.379929355249,1003
2024-09-17 15:51:49.915000,408.4095132905018,1002
2024-09-17 15:51:50.073000,408.4397648097769,12
2024-09-17 15:51:50.091000,408.44835475359343,10
2024-09-17 15:51:50.098000,408.439567424863,95
2024-09-17 15:51:50.205000,408.4478938131173,996
2024-09-17 15:51:50.454000,408.4477365763835,1000
2024-09-17 15:51:50.661000,408.4351080946565,14
2024-09-17 15:51:50.938000,408.4452793612424,100
2024-09-17 15:51:51.081000,408.4457705684888,8
2024-09-17 15:51:51.222000,408.4576097765287,999
2024-09-17 15:51:51.432000,408.4503137597415,13
2024-09-17 15:51:51.486000,408.4668327692488,103
2024-09-17 15:51:51.493000,408.4909200901325,12
2024-09-17 15:51:51.500000,408.4732134798705,995
2024-09-17 15:51:51.520000,408.4683492423636,14
2024-09-17 15:51:51.742000,408.4485637413976,8
2024-09-17 15:51:51.875000,408.45723817952216,1004
2024-09-17 15:51:51.990000,408.511112775656,101
2024-09-17 15:51:51.994000,408.450615112401,97
2024-09-17 15:51:52.045000,408.49832447684287,1002
2024-09-17 15:51:52.051000,408.5013684519986,1003
2024-09-17 15:51:52.123000,408.51632156668416,95
2024-09-17 15:51:52.191000,408.4916332397469,10
2024-09-17 15:51:52.197000,408.48978602821,996
2024-09-17 15:51:52.221000,408.4989584740424,13
2024-09-17 15:51:52.270000,408.5014431163851,995
2024-09-17 15:51:52.285000,408.5214535750978,5
2024-09-17 15:51:52.331000,408.5259381771768,11
2024-09-17 15:51:52.381000,408.5297682125895,13
2024-09-17 15:51:52.406000,408.5159857588086,101
2024-09-17 15:51:52.406000,408.5139358655158,96
2024-09-17 15:51:52.518000,408.5024599271208,12
2024-09-17 15:51:52.538000,408.498240121144,7
2024-09-17 15:51:52.542000,408.4948047318096,102
2024-09-17 15:51:52.554000,408.51341649802464,6
2024-09-17 15:51:52.695000,408.4808618811462,100
2024-09-17 15:51:52.708000,408.4727802219882,96
2024-09-17 15:51:52.773000,408.4917981399631,6
2024-09-17 15:51:52.778000,408.49102405344905,13
2024-09-17 15:51:52.846000,408.53097489579096,104
2024-09-17 15:51:52.892000,408.4973704152508,15
2024-09-17 15:51:52.923000,408.471821274189,12
2024-09-17 15:51:52.939000,408.4743848458351,11
2024-09-17 15:51:52.980000,408.530257187936,97
2024-09-17 15:51:52.981000,408.4850064276522,95
2024-09-17 15:51:53.006000,408.40745903306095,101
2024-09-17 15:51:53.071000,408.4192521087032,105
2024-09-17 15:51:53.123000,408.47810106098257,105
2024-09-17 15:51:53.220000,408.314519757018,105
2024-09-17 15:51:53.230000,408.4782743139393,999
2024-09-17 15:51:53.231000,408.3897899698074,103
2024-09-17 15:51:53.273000,408.4695175394843,1001
2024-09-17 15:51:53.275000,408.3528898113601,8
2024-09-17 15:51:53.277000,408.43119509452174,1001
2024-09-17 15:51:53.310000,408.4643519907987,996
2024-09-17 15:51:53.316000,408.4804691325661,102
2024-09-17 15:51:53.370000,408.3518491996722,998
2024-09-17 15:51:53.427000,408.4265340008023,10
2024-09-17 15:51:53.522000,408.4813577309149,995
2024-09-17 15:51:53.548000,408.4135677281275,996
2024-09-17 15:51:53.734000,408.3283948964773,996
2024-09-17 15:51:53.824000,408.46527684488046,7
2024-09-17 15:51:53.852000,408.3241251340869,1001
2024-09-17 15:51:53.864000,408.4272004772176,1001
2024-09-17 15:51:53.877000,408.47329142939753,12
2024-09-17 15:51:53.899000,408.47381315542447,10
2024-09-17 15:51:53.927000,408.4369989463766,10
2024-09-17 15:51:53.931000,408.4512262286895,5
2024-09-17 15:51:53.981000,408.341162836012,104
2024-09-17 15:51:54.055000,408.3093818911315,1001
2024-09-17 15:51:54.114000,408.3018621502556,97
2024-09-17 15:51:54.134000,408.2898828623465,12
2024-09-17 15:51:54.150000,408.34217344767256,8
2024-09-17 15:51:54.171000,408.2955247580595,995
2024-09-17 15:51:54.215000,408.3001533071114,99
2024-09-17 15:51:54.244000,408.3275441415665,1000
2024-09-17 15:51:54.349000,408.3018866757706,1002
2024-09-17 15:51:54.371000,408.3119004679336,11
2024-09-17 15:51:54.475000,408.3137424355217,12
2024-09-17 15:51:54.504000,408.3019258098557,995
2024-09-17 15:51:54.560000,408.3124518510037,15
2024-09-17 15:51:54.586000,408.309785193362,998
2024-09-17 15:51:54.593000,408.3138675440077,11
2024-09-17 15:51:54.824000,408.3382713812505,95
2024-09-17 15:51:54.898000,408.3133218575765,6
2024-09-17 15:51:54.924000,408.3183430362112,1004
2024-09-17 15:51:54.934000,408.3006359625422,96
2024-09-17 15:51:54.946000,408.3017713447328,102
2024-09-17 15:51:54.946000,408.3219429349188,1000
2024-09-17 15:51:55.089000,408.2851585746288,8
2024-09-17 15:51:55.545000,415.8588733128806,1002
2024-09-17 15:51:55.994000,408.2915459981381,105
2024-09-17 15:51:56.021000,408.2931927242806,1005
2024-09-17 15:51:56.046000,408.3151309469055,97
2024-09-17 15:51:56.132000,408.3087945068216,5
2024-09-17 15:51:56.140000,408.30114032247,103
2024-09-17 15:51:56.177000,408.3149926209313,11
2024-09-17 15:51:56.194000,408.2935228688551,995
2024-09-17 15:51:56.209000,408.3003903606171,100
2024-09-17 15:51:56.291000,408.2832334633269,11
2024-09-17 15:51:56.374000,408.2723634962754,11
2024-09-17 15:51:56.400000,408.2821927019364,1001
2024-09-17 15:51:56.657000,408.30584585760704,12
2024-09-17 15:51:56.687000,408.3191308728317,104
2024-09-17 15:51:56.857000,408.3054427000051,105
2024-09-17 15:51:56.940000,408.3076621971736,1001
2024-09-17 15:51:56.997000,408.3209711131156,999
2024-09-17 15:51:57.013000,408.2972550225014,1003
2024-09-17 15:51:57.080000,408.2792966327057,6
2024-09-17 15:51:57.102000,408.3210133727503,997
2024-09-17 15:51:57.159000,408.3107043708691,14
2024-09-17 15:51:57.443000,408.2746495986085,1004
2024-09-17 15:51:57.511000,408.23498346132783,102
2024-09-17 15:51:57.740000,408.2974553149036,996
2024-09-17 15:51:57.748000,408.2835773441611,12
2024-09-17 15:51:57.991000,408.2666037569441,996
2024-09-17 15:51:58.006000,408.221114600797,8
2024-09-17 15:51:58.129000,408.2025818479932,1002
2024-09-17 15:51:58.144000,408.19649288311984,1003
2024-09-17 15:51:58.145000,408.2159164670453,10
2024-09-17 15:51:58.180000,408.2074377990262,105
2024-09-17 15:51:58.233000,408.2468665427464,101
2024-09-17 15:51:58.235000,408.1843725218226,11
2024-09-17 15:51:58.351000,408.2234612391128,11
2024-09-17 15:51:58.462000,408.2341995655027,15
2024-09-17 15:51:58.494000,408.2257911185228,1004
2024-09-17 15:51:58.498000,408.2070373050941,996
2024-09-17 15:51:58.564000,408.229434054263,96
2024-09-17 15:51:58.593000,408.22219139586673,5
2024-09-17 15:51:58.623000,408.2315434408465,1000
2024-09-17 15:51:58.623000,408.2019422798585,104
2024-09-17 15:51:58.786000,408.2022069648991,15
2024-09-17 15:51:58.792000,408.2046979997986,1001
2024-09-17 15:51:58.829000,408.2013910918274,9
2024-09-17 15:51:58.860000,408.2107098051755,1003
2024-09-17 15:51:58.878000,408.2456149455951,10
2024-09-17 15:51:58.938000,408.20467227807103,7
2024-09-17 15:51:59.002000,415.7772266121816,1004
2024-09-17 15:51:59.115000,408.146692915223,1000
2024-09-17 15:51:59.134000,408.1973158623766,15
2024-09-17 15:51:59.150000,408.1509930192224,5
2024-09-17 15:51:59.211000,408.166578572923,101
2024-09-17 15:51:59.214000,408.1439426889632,999
2024-09-17 15:51:59.240000,408.2018082683645,6
2024-09-17 15:51:59.257000,408.1373396395255,7
2024-09-17 15:51:59.330000,408.157507987512,1000
2024-09-17 15:51:59.331000,408.2010246113008,1001
2024-09-17 15:51:59.494000,408.2140412711801,1002
2024-09-17 15:51:59.587000,408.1501243094101,103
2024-09-17 15:51:59.651000,408.1870280030341,97
2024-09-17 15:51:59.662000,408.1987183535786,100
2024-09-17 15:51:59.721000,408.2125010892907,10
2024-09-17 15:51:59.823000,408.13192396393,15
2024-09-17 15:51:59.952000,408.2238803524747,100
