Timestamp,Price,Size
2024-09-18 14:40:00.045000,412.87755608415074,105
2024-09-18 14:40:00.113000,412.8531772629418,998
2024-09-18 14:40:00.186000,412.8484945788275,13
2024-09-18 14:40:00.238000,412.8595175223048,100
2024-09-18 14:40:00.308000,412.8580421798919,15
2024-09-18 14:40:00.355000,412.8411817624762,14
2024-09-18 14:40:00.399000,412.85557387724384,102
2024-09-18 14:40:00.417000,412.9035606494828,98
2024-09-18 14:40:00.451000,412.8869943351099,1005
2024-09-18 14:40:00.512000,412.8292745682799,97
2024-09-18 14:40:00.587000,412.8376011381008,995
2024-09-18 14:40:00.599000,412.8417074601536,1001
2024-09-18 14:40:00.636000,412.854514905437,100
2024-09-18 14:40:00.684000,412.8550559757374,996
2024-09-18 14:40:00.691000,412.85763183406135,103
2024-09-18 14:40:00.761000,412.8403977155211,6
2024-09-18 14:40:00.829000,412.8542842273322,997
2024-09-18 14:40:00.844000,412.8426480004417,99
2024-09-18 14:40:00.857000,412.8565631318151,105
2024-09-18 14:40:00.898000,412.8491123330559,6
2024-09-18 14:40:00.920000,412.9021302026316,104
2024-09-18 14:40:00.985000,412.86173811718805,99
2024-09-18 14:40:01.064000,412.8392013672108,15
2024-09-18 14:40:01.398000,412.8570472656557,98
2024-09-18 14:40:01.419000,412.8413351329981,9
2024-09-18 14:40:01.487000,412.86193523052776,7
2024-09-18 14:40:01.582000,412.8353014837687,99
2024-09-18 14:40:01.777000,412.8873166736511,11
2024-09-18 14:40:01.802000,412.8661822408681,1000
2024-09-18 14:40:01.832000,412.8609044478614,1000
2024-09-18 14:40:02.035000,412.8806319048175,14
2024-09-18 14:40:02.069000,407.31535453876137,998
2024-09-18 14:40:02.072000,412.8855224012542,100
2024-09-18 14:40:02.089000,412.88035441194216,102
2024-09-18 14:40:02.096000,412.8784528991201,95
2024-09-18 14:40:02.108000,412.8799696429887,6
2024-09-18 14:40:02.162000,412.8678512398028,96
2024-09-18 14:40:02.190000,412.8730599680043,12
2024-09-18 14:40:02.249000,412.8784893981673,102
2024-09-18 14:40:02.261000,412.87105609099024,9
2024-09-18 14:40:02.264000,412.8734864957014,14
2024-09-18 14:40:02.315000,412.85085440097055,104
2024-09-18 14:40:02.316000,412.8675505168819,11
2024-09-18 14:40:02.361000,412.8929535256176,999
2024-09-18 14:40:02.385000,412.8656370885444,104
2024-09-18 14:40:02.484000,412.8648123987298,1001
2024-09-18 14:40:02.485000,412.8893668673485,1000
2024-09-18 14:40:02.536000,412.8561333130182,10
2024-09-18 14:40:02.613000,412.8766063910435,6
2024-09-18 14:40:02.625000,412.8943297917609,15
2024-09-18 14:40:02.691000,412.8858779489895,997
2024-09-18 14:40:02.733000,412.8452038303733,1003
2024-09-18 14:40:02.776000,412.8628306728139,996
2024-09-18 14:40:02.777000,412.8550108997418,96
2024-09-18 14:40:02.779000,412.8709807442812,999
2024-09-18 14:40:02.795000,412.8511859555944,103
2024-09-18 14:40:02.818000,412.8495810909965,99
2024-09-18 14:40:02.882000,412.86972680769856,999
2024-09-18 14:40:03.587000,412.8794545875326,997
2024-09-18 14:40:03.736000,412.89571789725545,996
2024-09-18 14:40:04.764000,412.8867004794604,1000
2024-09-18 14:40:04.911000,412.88552003011614,105
2024-09-18 14:40:05.191000,412.833523618597,105
2024-09-18 14:40:05.258000,412.8514749707763,6
2024-09-18 14:40:05.291000,412.8792899658629,7
2024-09-18 14:40:05.300000,412.8449544073066,6
2024-09-18 14:40:05.305000,412.8262253250834,1005
2024-09-18 14:40:05.517000,412.8578588247064,96
2024-09-18 14:40:05.546000,412.820949483324,12
2024-09-18 14:40:05.731000,412.8487360888973,1000
2024-09-18 14:40:05.850000,412.8462525827693,1000
2024-09-18 14:40:05.896000,407.4088565077853,998
2024-09-18 14:40:05.905000,412.82185093910897,1000
2024-09-18 14:40:06.218000,412.8747090113018,9
2024-09-18 14:40:06.225000,412.8715965084465,101
2024-09-18 14:40:06.237000,412.8192423762269,99
2024-09-18 14:40:06.242000,412.8490710631932,1002
2024-09-18 14:40:06.309000,412.85824179593874,103
2024-09-18 14:40:06.362000,412.8677325433948,97
2024-09-18 14:40:06.486000,412.8561529892236,105
2024-09-18 14:40:06.627000,412.85971415997415,1004
2024-09-18 14:40:06.643000,412.8479234520245,997
2024-09-18 14:40:06.696000,412.8608213676591,104
2024-09-18 14:40:06.751000,412.860583966735,10
2024-09-18 14:40:06.758000,412.8828552429141,1004
2024-09-18 14:40:06.821000,412.8478095430853,101
2024-09-18 14:40:06.835000,412.8625206659423,1003
2024-09-18 14:40:06.850000,412.8520770615181,12
2024-09-18 14:40:06.953000,412.8603270399982,95
2024-09-18 14:40:06.956000,412.86090331854473,8
2024-09-18 14:40:06.971000,412.8502596317728,999
2024-09-18 14:40:06.979000,412.8401508729491,10
2024-09-18 14:40:07.047000,412.8806694709021,1001
2024-09-18 14:40:07.066000,412.8456909246692,104
2024-09-18 14:40:07.090000,412.8765996204584,14
2024-09-18 14:40:07.097000,412.8504819814117,97
2024-09-18 14:40:07.250000,412.8718612475106,998
2024-09-18 14:40:07.337000,412.8970641927262,100
2024-09-18 14:40:07.397000,412.8499085484252,99
2024-09-18 14:40:07.457000,412.9033844543208,98
2024-09-18 14:40:07.466000,412.8982647922659,105
2024-09-18 14:40:07.494000,412.8752380468053,998
2024-09-18 14:40:07.528000,412.8941863460173,996
2024-09-18 14:40:07.559000,412.8847457338143,104
2024-09-18 14:40:07.594000,412.90120303883054,1002
2024-09-18 14:40:07.648000,412.8862822467247,9
2024-09-18 14:40:07.678000,412.841481032314,7
2024-09-18 14:40:07.785000,412.8658563752113,15
2024-09-18 14:40:07.865000,412.8704089836253,996
2024-09-18 14:40:07.878000,412.8929335523122,99
2024-09-18 14:40:07.902000,412.8783505161446,11
2024-09-18 14:40:07.925000,412.8810600904247,103
2024-09-18 14:40:07.983000,412.8867536938735,1001
2024-09-18 14:40:08.067000,412.8924860464516,103
2024-09-18 14:40:08.099000,412.91283178741713,14
2024-09-18 14:40:08.111000,412.87542054876553,6
2024-09-18 14:40:08.143000,412.8752175535905,1001
2024-09-18 14:40:08.198000,412.9094106681188,5
2024-09-18 14:40:08.226000,412.85626900348393,1005
2024-09-18 14:40:08.233000,412.8743564965821,998
2024-09-18 14:40:08.314000,412.8866826195972,104
2024-09-18 14:40:08.315000,412.8920916054229,101
2024-09-18 14:40:08.417000,412.8894993371878,95
2024-09-18 14:40:08.475000,412.903832498438,999
2024-09-18 14:40:08.529000,412.862587066374,102
2024-09-18 14:40:08.540000,412.87298100241054,9
2024-09-18 14:40:08.588000,412.85683152388464,11
2024-09-18 14:40:08.630000,412.853760232338,95
2024-09-18 14:40:08.681000,412.8865850738058,6
2024-09-18 14:40:08.703000,412.8788320749678,9
2024-09-18 14:40:08.708000,412.8510324707021,997
2024-09-18 14:40:08.736000,412.8901417076136,998
2024-09-18 14:40:08.972000,412.8697158738258,98
2024-09-18 14:40:08.996000,412.89105980018553,10
2024-09-18 14:40:09.017000,412.8318865508618,95
2024-09-18 14:40:09.057000,412.84054996953125,97
2024-09-18 14:40:09.062000,412.8723454290525,1001
2024-09-18 14:40:09.087000,412.7964737923645,7
2024-09-18 14:40:09.139000,412.8995976890504,997
2024-09-18 14:40:09.169000,412.91458279830414,6
2024-09-18 14:40:09.235000,412.830257211496,97
2024-09-18 14:40:09.239000,412.82443859425257,10
2024-09-18 14:40:09.309000,412.8268692655532,5
2024-09-18 14:40:09.344000,412.8152831441602,101
2024-09-18 14:40:09.434000,412.8514002055105,1003
2024-09-18 14:40:09.481000,412.9077009457332,11
2024-09-18 14:40:09.495000,412.89080629879817,995
2024-09-18 14:40:09.511000,412.8154790844629,999
2024-09-18 14:40:09.542000,412.8263817458083,14
2024-09-18 14:40:09.544000,412.8905229756225,8
2024-09-18 14:40:09.614000,412.8715680920544,1000
2024-09-18 14:40:09.618000,412.8536850161743,5
2024-09-18 14:40:09.628000,412.8721403295293,12
2024-09-18 14:40:09.664000,412.8947729888645,97
2024-09-18 14:40:09.695000,412.839473522597,14
2024-09-18 14:40:09.706000,412.8209121234338,105
2024-09-18 14:40:09.813000,412.8979608162306,98
2024-09-18 14:40:09.855000,412.8213224950888,103
2024-09-18 14:40:09.876000,412.92729377201255,995
2024-09-18 14:40:09.893000,412.8891589047677,10
2024-09-18 14:40:09.899000,412.8734817373444,14
2024-09-18 14:40:09.948000,412.81137199348507,995
2024-09-18 14:40:09.950000,412.8150811490328,100
2024-09-18 14:40:10.025000,412.77301081698295,9
2024-09-18 14:40:10.110000,412.8093917347298,8
2024-09-18 14:40:10.817000,412.78907315837375,9
2024-09-18 14:40:10.905000,412.79909016059713,8
2024-09-18 14:40:11.009000,412.765307992568,998
2024-09-18 14:40:11.231000,412.7784122223987,7
2024-09-18 14:40:11.827000,412.7798925069462,13
2024-09-18 14:40:12.108000,412.7442672017624,1000
2024-09-18 14:40:12.140000,412.7661273971388,14
2024-09-18 14:40:12.173000,412.7539492781204,105
2024-09-18 14:40:12.204000,412.77282812378354,97
2024-09-18 14:40:12.254000,412.76650215881705,6
2024-09-18 14:40:12.360000,412.7587585204593,7
2024-09-18 14:40:12.508000,412.7542243515515,11
2024-09-18 14:40:12.890000,412.7586110170465,14
2024-09-18 14:40:12.910000,412.7585191826194,15
2024-09-18 14:40:12.985000,412.75712752189565,96
2024-09-18 14:40:13.107000,412.7668164653836,15
2024-09-18 14:40:13.138000,412.7545155712131,997
2024-09-18 14:40:13.144000,412.7743114813789,8
2024-09-18 14:40:13.169000,412.74983963140846,997
2024-09-18 14:40:13.202000,412.76271032443617,8
2024-09-18 14:40:13.228000,412.7536497153716,12
2024-09-18 14:40:13.234000,412.74678587795535,1001
2024-09-18 14:40:13.253000,412.7247685116389,1000
2024-09-18 14:40:13.392000,412.730830138814,1002
2024-09-18 14:40:13.403000,412.7663199870094,1000
2024-09-18 14:40:13.422000,412.7693427188856,995
2024-09-18 14:40:13.515000,412.73697543403097,14
2024-09-18 14:40:13.537000,412.7092981398672,1001
2024-09-18 14:40:13.605000,412.7480023944634,996
2024-09-18 14:40:13.689000,412.75848306233314,1000
2024-09-18 14:40:13.728000,412.7598442857965,1001
2024-09-18 14:40:13.746000,412.7454567607502,8
2024-09-18 14:40:13.833000,412.7472725380484,96
2024-09-18 14:40:13.835000,412.7636988769287,999
2024-09-18 14:40:13.857000,412.70777603927866,98
2024-09-18 14:40:13.895000,407.42752855332674,102
2024-09-18 14:40:13.951000,412.7508144770584,98
2024-09-18 14:40:14.013000,412.81207230087387,8
2024-09-18 14:40:14.026000,412.8027759000891,9
2024-09-18 14:40:14.165000,412.8175800480321,999
2024-09-18 14:40:14.167000,412.8306192342124,102
2024-09-18 14:40:14.190000,412.8264753101479,104
2024-09-18 14:40:14.201000,412.8040017489593,105
2024-09-18 14:40:14.215000,412.8238525335606,998
2024-09-18 14:40:14.349000,412.8216706558185,95
2024-09-18 14:40:14.509000,412.81650261484674,1002
2024-09-18 14:40:14.805000,412.8102068748354,99
2024-09-18 14:40:14.880000,412.79893508354456,95
2024-09-18 14:40:15.534000,412.8237478700748,102
2024-09-18 14:40:15.755000,412.8248253430128,1004
2024-09-18 14:40:15.814000,412.8263783073102,5
2024-09-18 14:40:16.216000,412.825549242497,100
2024-09-18 14:40:16.840000,412.8281864977752,100
2024-09-18 14:40:17.181000,412.7764644631821,1001
2024-09-18 14:40:17.243000,412.7684357920215,13
2024-09-18 14:40:17.288000,412.8391718736642,5
2024-09-18 14:40:17.290000,412.851241247018,13
2024-09-18 14:40:17.332000,412.8280729027617,9
2024-09-18 14:40:17.345000,412.8184489394659,5
2024-09-18 14:40:17.380000,412.7566246827993,996
2024-09-18 14:40:17.407000,412.84089074316535,8
2024-09-18 14:40:17.494000,412.8459318220872,6
2024-09-18 14:40:17.562000,412.8396349982499,1005
2024-09-18 14:40:17.572000,412.8454929790559,100
2024-09-18 14:40:17.596000,412.84856790076753,1003
2024-09-18 14:40:17.640000,412.7520842476032,95
2024-09-18 14:40:17.751000,412.8295152096992,105
2024-09-18 14:40:17.804000,412.8434175154164,5
2024-09-18 14:40:17.819000,412.8238946226677,96
2024-09-18 14:40:17.834000,412.8109352098797,101
2024-09-18 14:40:17.837000,412.8154034240846,98
2024-09-18 14:40:17.945000,412.8264899488142,101
2024-09-18 14:40:17.949000,412.7441579496017,5
2024-09-18 14:40:17.958000,412.7477073247032,99
2024-09-18 14:40:17.976000,412.8175435940743,1004
2024-09-18 14:40:18.822000,412.75263950863314,5
2024-09-18 14:40:19.016000,412.778616942179,997
2024-09-18 14:40:19.736000,412.7719751730618,11
2024-09-18 14:40:19.862000,412.7746477767475,8
2024-09-18 14:40:20.027000,412.77274654127854,999
2024-09-18 14:40:20.072000,412.7675635418876,97
2024-09-18 14:40:20.148000,412.7732742140015,6
2024-09-18 14:40:20.153000,412.7714892135309,1002
2024-09-18 14:40:20.212000,412.7756226168755,13
2024-09-18 14:40:20.235000,412.7760878584388,101
2024-09-18 14:40:20.294000,412.75883590610994,100
2024-09-18 14:40:20.410000,412.749831018868,98
2024-09-18 14:40:20.578000,412.775913967582,98
2024-09-18 14:40:20.584000,412.7458504982494,995
2024-09-18 14:40:20.593000,412.7597812675271,103
2024-09-18 14:40:20.651000,412.7449158643809,1004
2024-09-18 14:40:20.706000,412.7502519672316,12
2024-09-18 14:40:20.724000,412.7847623670059,12
2024-09-18 14:40:20.758000,412.7605507276296,997
2024-09-18 14:40:20.767000,412.7740192406168,13
2024-09-18 14:40:20.772000,412.76694218530446,95
2024-09-18 14:40:20.797000,412.7718793069686,104
2024-09-18 14:40:20.835000,412.7633466616304,101
2024-09-18 14:40:20.836000,412.7738185866727,1005
2024-09-18 14:40:20.863000,412.7722920397353,12
2024-09-18 14:40:20.991000,412.7781411247736,1005
2024-09-18 14:40:21.125000,412.7632338401015,1003
2024-09-18 14:40:21.567000,412.7742549384711,6
2024-09-18 14:40:21.720000,412.7520135546496,9
2024-09-18 14:40:22.025000,412.80363893099263,1003
2024-09-18 14:40:22.026000,412.6437065864696,102
2024-09-18 14:40:22.205000,412.780650851871,99
2024-09-18 14:40:22.297000,412.6465511626807,14
2024-09-18 14:40:22.312000,412.8128680471521,5
2024-09-18 14:40:22.345000,412.75450569784687,98
2024-09-18 14:40:22.362000,412.7870636065292,13
2024-09-18 14:40:22.387000,412.76154926183926,99
2024-09-18 14:40:22.413000,412.6572242283659,7
2024-09-18 14:40:22.413000,412.7904522962027,103
2024-09-18 14:40:22.428000,412.779858439366,1005
2024-09-18 14:40:22.515000,412.7875529278887,98
2024-09-18 14:40:22.520000,412.6932745223881,11
2024-09-18 14:40:22.527000,412.6525310219656,7
2024-09-18 14:40:22.583000,412.683621493182,5
2024-09-18 14:40:22.634000,412.7017886185937,996
2024-09-18 14:40:22.677000,412.7376576894396,100
2024-09-18 14:40:22.693000,412.7812357413708,103
2024-09-18 14:40:22.714000,412.68479656897983,9
2024-09-18 14:40:22.728000,412.79650131944834,15
2024-09-18 14:40:22.729000,412.68717465211705,995
2024-09-18 14:40:22.847000,407.5266928959494,8
2024-09-18 14:40:22.986000,412.6771061096719,105
2024-09-18 14:40:22.997000,412.6551031948503,102
2024-09-18 14:40:23.028000,412.6200870191204,9
2024-09-18 14:40:23.069000,412.6147197340275,995
2024-09-18 14:40:23.102000,412.6355726177455,104
2024-09-18 14:40:23.155000,412.6105751677605,14
2024-09-18 14:40:23.164000,412.649615287797,13
2024-09-18 14:40:23.227000,412.6284016747718,95
2024-09-18 14:40:23.243000,412.64217686368175,14
2024-09-18 14:40:23.314000,412.6366830836511,11
2024-09-18 14:40:23.390000,412.6122398916688,14
2024-09-18 14:40:23.468000,412.61394446946,9
2024-09-18 14:40:23.473000,412.642910644756,6
2024-09-18 14:40:23.473000,412.6463548799163,103
2024-09-18 14:40:23.532000,412.6425817916804,999
2024-09-18 14:40:23.551000,412.6493516357616,105
2024-09-18 14:40:23.578000,412.62955233053583,96
2024-09-18 14:40:23.579000,412.6261299481856,101
2024-09-18 14:40:23.609000,412.64924334330254,101
2024-09-18 14:40:23.834000,412.6382577192784,96
2024-09-18 14:40:23.835000,412.6414020417312,1004
2024-09-18 14:40:23.865000,412.6324038053539,7
2024-09-18 14:40:23.880000,412.6410099220688,13
2024-09-18 14:40:23.903000,412.6388325831333,1002
2024-09-18 14:40:23.904000,412.63477946054894,5
2024-09-18 14:40:23.916000,412.6367825623269,98
2024-09-18 14:40:23.942000,412.59884331245394,1005
2024-09-18 14:40:23.944000,412.6538525590585,12
2024-09-18 14:40:23.977000,412.6453916478634,11
2024-09-18 14:40:24.111000,412.6238993725513,1002
2024-09-18 14:40:24.289000,412.6410326061673,13
2024-09-18 14:40:24.291000,412.62796943340174,1004
2024-09-18 14:40:24.633000,412.6348204877278,9
2024-09-18 14:40:24.697000,412.6171959620168,6
2024-09-18 14:40:24.966000,412.6137486265631,1002
2024-09-18 14:40:25.528000,412.6160413070757,7
2024-09-18 14:40:26.139000,412.6282209880544,13
2024-09-18 14:40:26.199000,412.6349397438032,1003
2024-09-18 14:40:26.267000,412.6166560710242,97
2024-09-18 14:40:26.465000,412.614485220055,10
2024-09-18 14:40:26.500000,412.6246990240305,8
2024-09-18 14:40:26.630000,412.6340755293536,13
2024-09-18 14:40:26.647000,412.6258267966408,14
2024-09-18 14:40:26.720000,412.6263519487912,104
2024-09-18 14:40:26.796000,412.6338386952664,5
2024-09-18 14:40:27.049000,412.6228935446821,1003
2024-09-18 14:40:27.586000,412.6445123679744,95
2024-09-18 14:40:27.904000,412.6029148699036,10
2024-09-18 14:40:27.975000,412.6430429373768,995
2024-09-18 14:40:28.075000,412.55343577057846,96
2024-09-18 14:40:28.163000,412.5467122692462,7
2024-09-18 14:40:28.207000,412.5760485570036,11
2024-09-18 14:40:28.244000,412.50592986607154,15
2024-09-18 14:40:28.250000,412.5466012097308,99
2024-09-18 14:40:28.271000,412.5437665011398,10
2024-09-18 14:40:28.273000,412.5378540024719,1000
2024-09-18 14:40:28.387000,412.5602532480159,101
2024-09-18 14:40:28.402000,412.4936881115781,1000
2024-09-18 14:40:28.444000,412.5712813750112,1004
2024-09-18 14:40:28.504000,412.5569220299524,998
2024-09-18 14:40:28.522000,412.4897416958704,104
2024-09-18 14:40:28.531000,412.5381043707366,6
2024-09-18 14:40:28.539000,412.5418477685793,100
2024-09-18 14:40:28.547000,412.50369105589925,999
2024-09-18 14:40:28.586000,412.5406970807253,1005
2024-09-18 14:40:28.619000,412.5117747284556,101
2024-09-18 14:40:28.712000,412.5516464344447,8
2024-09-18 14:40:28.713000,412.5540740333519,12
2024-09-18 14:40:28.717000,412.5521746507543,104
2024-09-18 14:40:28.812000,412.5366150986117,997
2024-09-18 14:40:28.859000,412.56545757593386,96
2024-09-18 14:40:28.905000,412.56214871657767,10
2024-09-18 14:40:28.946000,412.5328876992169,103
2024-09-18 14:40:28.955000,412.5586511574838,100
2024-09-18 14:40:28.984000,412.4946232968601,8
2024-09-18 14:40:28.996000,412.56095682654615,101
2024-09-18 14:40:29.113000,412.5540796634157,1002
2024-09-18 14:40:29.179000,412.56012886368455,998
2024-09-18 14:40:29.250000,412.5615917400289,100
2024-09-18 14:40:29.311000,412.55184189982384,5
2024-09-18 14:40:29.424000,412.5568887465068,14
2024-09-18 14:40:29.480000,412.55958555482295,996
2024-09-18 14:40:29.707000,412.5387726090114,996
2024-09-18 14:40:29.729000,412.5397639347874,1002
2024-09-18 14:40:29.814000,412.5440313448179,998
2024-09-18 14:40:29.815000,412.5433926978047,5
2024-09-18 14:40:29.866000,412.5570433176287,1001
2024-09-18 14:40:29.951000,412.5724483567938,104
2024-09-18 14:40:30.134000,412.5688625802076,1000
2024-09-18 14:40:30.173000,412.5721349262407,999
2024-09-18 14:40:30.773000,412.5647778810493,98
2024-09-18 14:40:31.023000,412.5810805708945,105
2024-09-18 14:40:31.245000,412.6057993050395,1004
2024-09-18 14:40:31.270000,412.60991900673,15
2024-09-18 14:40:31.275000,412.5876898696144,10
2024-09-18 14:40:31.393000,412.6293581474261,11
2024-09-18 14:40:31.464000,412.6244102179828,1002
2024-09-18 14:40:31.734000,412.62090700602187,101
2024-09-18 14:40:31.789000,412.6150408928871,7
2024-09-18 14:40:32.016000,412.5639121281047,8
2024-09-18 14:40:32.757000,412.5806654938544,98
2024-09-18 14:40:32.762000,412.5543367424564,11
2024-09-18 14:40:32.851000,412.5773248068183,1002
2024-09-18 14:40:32.988000,412.5556453389299,996
2024-09-18 14:40:33,412.5696343639785,995
2024-09-18 14:40:33.036000,412.544814861046,1005
2024-09-18 14:40:33.089000,412.5055710109327,11
2024-09-18 14:40:33.115000,412.5600490915128,12
2024-09-18 14:40:33.151000,412.5670483815976,998
2024-09-18 14:40:33.164000,412.4843283679575,100
2024-09-18 14:40:33.184000,412.5210140740982,1001
2024-09-18 14:40:33.271000,412.5764661069064,8
2024-09-18 14:40:33.297000,412.5573938838627,1002
2024-09-18 14:40:33.297000,412.4942344123907,1003
2024-09-18 14:40:33.297000,412.57728570629473,104
2024-09-18 14:40:33.300000,412.4965407048708,6
2024-09-18 14:40:33.393000,412.5332586880661,6
2024-09-18 14:40:33.415000,412.5948967718615,9
2024-09-18 14:40:33.418000,412.5549985728636,8
2024-09-18 14:40:33.449000,412.5688078492953,99
2024-09-18 14:40:33.457000,412.5789782925005,995
2024-09-18 14:40:33.511000,412.56004507876895,997
2024-09-18 14:40:33.521000,412.5300478824768,9
2024-09-18 14:40:33.526000,412.5662330886858,9
2024-09-18 14:40:33.553000,412.559299910124,13
2024-09-18 14:40:33.627000,412.5646636183608,12
2024-09-18 14:40:33.633000,412.5651790530137,15
2024-09-18 14:40:33.645000,412.5513171679573,15
2024-09-18 14:40:33.746000,412.4778540307536,11
2024-09-18 14:40:33.890000,412.4710680140407,999
2024-09-18 14:40:33.902000,412.4840030484731,99
2024-09-18 14:40:33.918000,412.5717314288797,101
2024-09-18 14:40:33.983000,412.5807421353091,8
2024-09-18 14:40:34.017000,412.5631164792455,11
2024-09-18 14:40:34.060000,412.54755351651534,12
2024-09-18 14:40:34.136000,412.4741124941698,7
2024-09-18 14:40:34.152000,412.484399775367,97
2024-09-18 14:40:34.158000,412.5376604332018,8
2024-09-18 14:40:34.166000,412.5423201065373,95
2024-09-18 14:40:34.178000,412.5410564209477,1001
2024-09-18 14:40:34.192000,412.4943673322359,95
2024-09-18 14:40:34.272000,412.5064418603259,96
2024-09-18 14:40:34.312000,412.5199497316895,100
2024-09-18 14:40:34.368000,412.4709460308677,9
2024-09-18 14:40:34.449000,412.5361053087929,99
2024-09-18 14:40:34.515000,412.5133931817557,8
2024-09-18 14:40:34.520000,412.490815775237,12
2024-09-18 14:40:34.530000,412.4819598541316,1002
2024-09-18 14:40:34.620000,412.4676158374045,103
2024-09-18 14:40:34.653000,412.5533537797108,9
2024-09-18 14:40:34.666000,412.4814409700061,998
2024-09-18 14:40:34.670000,412.5389643277439,103
2024-09-18 14:40:34.699000,412.4706675065831,1003
2024-09-18 14:40:34.892000,412.477951259906,998
2024-09-18 14:40:34.915000,412.5527880180502,97
2024-09-18 14:40:34.995000,412.4923746112177,102
2024-09-18 14:40:35.031000,412.4862823909037,996
2024-09-18 14:40:35.100000,412.5085685873824,1002
2024-09-18 14:40:35.266000,412.53989348391735,96
2024-09-18 14:40:35.296000,412.44259021055024,14
2024-09-18 14:40:35.307000,412.47760745556286,1000
2024-09-18 14:40:35.406000,412.5108872325603,104
2024-09-18 14:40:35.456000,412.4654310222695,9
2024-09-18 14:40:35.481000,412.4841390444006,7
2024-09-18 14:40:35.512000,412.4850080315277,101
2024-09-18 14:40:35.570000,412.5115723751076,96
2024-09-18 14:40:35.617000,412.4528600832855,7
2024-09-18 14:40:35.683000,412.4594983537461,8
2024-09-18 14:40:35.733000,412.4584389287021,15
2024-09-18 14:40:35.778000,412.4651624598177,5
2024-09-18 14:40:35.806000,412.4585036120919,1001
2024-09-18 14:40:35.819000,412.4717177644917,6
2024-09-18 14:40:35.834000,412.4535087137324,5
2024-09-18 14:40:35.843000,412.5126774195242,997
2024-09-18 14:40:35.863000,412.4430783194189,99
2024-09-18 14:40:35.898000,412.43978462871786,11
2024-09-18 14:40:35.937000,412.4712380726341,1001
2024-09-18 14:40:35.946000,412.4416856747497,7
2024-09-18 14:40:35.957000,412.5032721329956,95
2024-09-18 14:40:35.966000,412.4605596150599,13
2024-09-18 14:40:36.069000,412.5451886098272,1005
2024-09-18 14:40:36.079000,412.51375173946,998
2024-09-18 14:40:36.100000,412.5332103559074,999
2024-09-18 14:40:36.195000,412.48402123978434,105
2024-09-18 14:40:36.262000,412.5127064787046,11
2024-09-18 14:40:36.263000,412.498225962885,999
2024-09-18 14:40:36.272000,412.5114424258337,7
2024-09-18 14:40:36.289000,412.5427100615324,95
2024-09-18 14:40:36.342000,412.4398552990646,99
2024-09-18 14:40:36.354000,412.4568039403256,7
2024-09-18 14:40:36.400000,412.5403772883888,7
2024-09-18 14:40:36.443000,412.5148638510312,102
2024-09-18 14:40:36.548000,412.4523585280086,102
2024-09-18 14:40:36.577000,412.51648552990457,1004
2024-09-18 14:40:36.579000,412.4469462721425,999
2024-09-18 14:40:36.720000,412.5467224207511,1005
2024-09-18 14:40:36.725000,412.516036713745,101
2024-09-18 14:40:36.731000,412.514256347127,8
2024-09-18 14:40:36.785000,412.54741689838687,5
2024-09-18 14:40:36.815000,412.4463719958243,15
2024-09-18 14:40:36.859000,412.51901276143366,9
2024-09-18 14:40:36.874000,412.4437241654813,10
2024-09-18 14:40:36.921000,412.5259251421672,96
2024-09-18 14:40:36.951000,412.49698344817705,102
2024-09-18 14:40:36.982000,412.4417865347311,1005
2024-09-18 14:40:37.029000,412.4990763653695,1002
2024-09-18 14:40:37.087000,412.5055237650334,97
2024-09-18 14:40:37.112000,412.4821901896632,98
2024-09-18 14:40:37.142000,412.4758091066214,12
2024-09-18 14:40:37.205000,412.5165695567188,102
2024-09-18 14:40:37.345000,412.4985200142457,1002
2024-09-18 14:40:37.361000,412.49310115526447,95
2024-09-18 14:40:37.386000,412.4975357836951,1002
2024-09-18 14:40:37.424000,412.4796333408348,100
2024-09-18 14:40:37.493000,412.5001580448268,1004
2024-09-18 14:40:37.778000,412.5131833808584,9
2024-09-18 14:40:37.892000,412.4935646716775,8
2024-09-18 14:40:38.066000,412.4657756339028,12
2024-09-18 14:40:38.219000,412.4557923951202,97
2024-09-18 14:40:38.221000,412.46662794310646,1004
2024-09-18 14:40:38.254000,412.42926758876393,5
2024-09-18 14:40:38.716000,412.4244838749058,998
2024-09-18 14:40:38.718000,412.42984612394,97
2024-09-18 14:40:38.853000,412.4391887833396,5
2024-09-18 14:40:38.912000,412.4451742189739,8
2024-09-18 14:40:38.995000,412.4417436231018,1002
2024-09-18 14:40:39.435000,412.40997178826206,1001
2024-09-18 14:40:39.566000,412.41579572379095,97
2024-09-18 14:40:39.637000,412.4205002103612,8
2024-09-18 14:40:39.696000,412.42885638705326,97
2024-09-18 14:40:39.708000,412.42126212439234,8
2024-09-18 14:40:39.741000,407.78271053237495,11
2024-09-18 14:40:39.802000,412.4120156287236,12
2024-09-18 14:40:40.142000,412.44292912076696,9
2024-09-18 14:40:40.259000,412.42382854704016,1000
2024-09-18 14:40:40.261000,412.4127542811536,98
2024-09-18 14:40:40.332000,412.425644441954,5
2024-09-18 14:40:40.458000,412.4449608735218,1001
2024-09-18 14:40:40.497000,412.426540280686,13
2024-09-18 14:40:40.510000,412.39130320003176,7
2024-09-18 14:40:40.578000,412.4298443334063,96
2024-09-18 14:40:40.598000,412.4133036740303,105
2024-09-18 14:40:40.647000,412.4277985392658,8
2024-09-18 14:40:40.658000,412.40766335984,95
2024-09-18 14:40:40.766000,412.408679330167,10
2024-09-18 14:40:40.798000,412.416224882698,1003
2024-09-18 14:40:40.838000,412.4028899306272,9
2024-09-18 14:40:40.851000,412.4280240567404,1005
2024-09-18 14:40:40.934000,412.4072568830818,101
2024-09-18 14:40:40.981000,412.41804477414473,15
2024-09-18 14:40:41.006000,412.4374606179122,12
2024-09-18 14:40:41.051000,412.5613909472521,1003
2024-09-18 14:40:41.059000,412.5491585232152,998
2024-09-18 14:40:41.067000,412.53708342777577,12
2024-09-18 14:40:41.068000,412.587955462038,996
2024-09-18 14:40:41.073000,412.5140217784656,997
2024-09-18 14:40:41.097000,412.5499299141824,5
2024-09-18 14:40:41.189000,412.4705807341196,1004
2024-09-18 14:40:41.257000,412.542795304433,97
2024-09-18 14:40:41.264000,412.52082821323376,6
2024-09-18 14:40:41.308000,412.4753640350609,98
2024-09-18 14:40:41.353000,412.44793655897655,997
2024-09-18 14:40:41.366000,412.5002320839437,998
2024-09-18 14:40:41.400000,412.5483360289743,5
2024-09-18 14:40:41.443000,412.5365253945422,15
2024-09-18 14:40:41.556000,412.42758395764207,103
2024-09-18 14:40:41.575000,412.5509887547237,95
2024-09-18 14:40:41.601000,412.56962913968925,14
2024-09-18 14:40:41.672000,412.5362077671708,104
2024-09-18 14:40:41.675000,412.55862828072776,997
2024-09-18 14:40:41.679000,412.5439263177697,105
2024-09-18 14:40:41.703000,412.5313137996512,1000
2024-09-18 14:40:41.733000,412.4630515138529,9
2024-09-18 14:40:41.959000,412.5104256577273,8
2024-09-18 14:40:41.974000,412.5616122936127,7
2024-09-18 14:40:41.996000,412.53655161075335,8
2024-09-18 14:40:42.035000,412.6486686488783,102
2024-09-18 14:40:42.052000,412.594002656484,1005
2024-09-18 14:40:42.106000,412.5753057426955,1000
2024-09-18 14:40:42.164000,412.5555402113122,997
2024-09-18 14:40:42.212000,412.63630695309706,101
2024-09-18 14:40:42.272000,412.66284354599446,10
2024-09-18 14:40:42.297000,412.52034025877305,101
2024-09-18 14:40:42.371000,412.6197702420756,13
2024-09-18 14:40:42.381000,412.6182810093202,98
2024-09-18 14:40:42.392000,412.5650499095854,95
2024-09-18 14:40:42.446000,412.56431176225817,1004
2024-09-18 14:40:42.474000,412.5191359194502,12
2024-09-18 14:40:42.487000,412.62852728150045,1000
2024-09-18 14:40:42.517000,412.51303010863097,96
2024-09-18 14:40:42.547000,412.554375396974,1003
2024-09-18 14:40:42.712000,412.5406579759273,100
2024-09-18 14:40:42.724000,412.65806585536126,12
2024-09-18 14:40:43.697000,412.6794450156305,1005
2024-09-18 14:40:44.011000,412.7637400144413,104
2024-09-18 14:40:44.035000,412.70406051982246,1005
2024-09-18 14:40:44.053000,412.7005326551362,1004
2024-09-18 14:40:44.157000,412.7476122941397,995
2024-09-18 14:40:44.249000,412.687425814269,105
2024-09-18 14:40:44.328000,412.7567541157037,998
2024-09-18 14:40:44.345000,412.7049659809874,98
2024-09-18 14:40:44.356000,412.75722911594767,96
2024-09-18 14:40:44.506000,412.7199557957928,5
2024-09-18 14:40:44.538000,412.71142699346126,1001
2024-09-18 14:40:44.600000,412.75975546630633,12
2024-09-18 14:40:44.636000,412.7668543680847,105
2024-09-18 14:40:44.694000,412.751782844072,101
2024-09-18 14:40:44.732000,412.7235563987819,1002
2024-09-18 14:40:44.776000,412.768586971844,14
2024-09-18 14:40:44.779000,412.728789227776,14
2024-09-18 14:40:44.781000,412.6932524133716,101
2024-09-18 14:40:44.976000,412.7706867043448,12
2024-09-18 14:40:44.982000,412.7543056547881,1003
2024-09-18 14:40:46.108000,412.74387638716985,1003
2024-09-18 14:40:46.272000,412.7314715268138,996
2024-09-18 14:40:46.280000,412.7703674767369,14
2024-09-18 14:40:46.563000,412.7603545716374,15
2024-09-18 14:40:46.577000,407.7347961172463,1004
2024-09-18 14:40:46.589000,412.73164822336713,8
2024-09-18 14:40:46.625000,412.7417379737957,13
2024-09-18 14:40:46.667000,412.7965978563471,95
2024-09-18 14:40:46.745000,412.7651009088274,95
2024-09-18 14:40:46.776000,412.7985625991972,10
2024-09-18 14:40:46.783000,412.7317507573959,103
2024-09-18 14:40:46.800000,412.7359075722391,98
2024-09-18 14:40:46.967000,412.7512669261857,98
2024-09-18 14:40:47.072000,412.8644998051319,997
2024-09-18 14:40:47.081000,412.7954886320469,1004
2024-09-18 14:40:47.145000,412.7729839428347,995
2024-09-18 14:40:47.208000,412.7928424934832,13
2024-09-18 14:40:47.235000,412.87695256799685,100
2024-09-18 14:40:47.295000,412.79917901634354,997
2024-09-18 14:40:47.370000,412.8348268425436,999
2024-09-18 14:40:47.427000,412.8266699706869,1001
2024-09-18 14:40:47.439000,412.7892355772225,104
2024-09-18 14:40:47.629000,412.7591930525182,99
2024-09-18 14:40:47.642000,412.7804410250856,6
2024-09-18 14:40:47.672000,412.8667886745667,12
2024-09-18 14:40:47.717000,412.768944843408,104
2024-09-18 14:40:47.725000,412.8143174589708,100
2024-09-18 14:40:47.810000,412.81926544917405,1005
2024-09-18 14:40:47.834000,412.8366435822026,102
2024-09-18 14:40:47.902000,412.7871235876465,997
2024-09-18 14:40:47.903000,412.83714253162,9
2024-09-18 14:40:47.909000,412.78107727374856,100
2024-09-18 14:40:48.693000,412.8682904937692,99
2024-09-18 14:40:49.011000,407.8114367618487,1000
2024-09-18 14:40:49.157000,412.9328515944427,13
2024-09-18 14:40:49.851000,412.8890018756,998
2024-09-18 14:40:49.924000,412.9039863243875,10
2024-09-18 14:40:50.169000,412.92635993191993,996
2024-09-18 14:40:50.289000,412.908977651928,1003
2024-09-18 14:40:50.348000,412.96180373836455,15
2024-09-18 14:40:50.469000,412.9157455501111,995
2024-09-18 14:40:50.529000,412.9282704064776,14
2024-09-18 14:40:50.637000,412.9417543642152,996
2024-09-18 14:40:50.773000,412.9407900876,6
2024-09-18 14:40:50.963000,412.92444308988536,15
2024-09-18 14:40:51.069000,412.9359809873476,997
2024-09-18 14:40:51.126000,412.9438638506362,8
2024-09-18 14:40:51.166000,412.9608399665997,1004
2024-09-18 14:40:51.321000,412.93041728449725,13
2024-09-18 14:40:51.402000,412.93111223702897,1004
2024-09-18 14:40:51.527000,412.9170511378246,105
2024-09-18 14:40:51.575000,412.93346964996505,104
2024-09-18 14:40:51.888000,407.8852291670655,6
2024-09-18 14:40:52.003000,412.94359561466337,103
2024-09-18 14:40:52.014000,412.98152167608384,99
2024-09-18 14:40:52.064000,413.0008251756609,14
2024-09-18 14:40:52.158000,412.9608866654321,999
2024-09-18 14:40:52.164000,412.9978854348954,102
2024-09-18 14:40:52.226000,412.9590436830209,13
2024-09-18 14:40:52.331000,412.9827137738677,11
2024-09-18 14:40:52.419000,412.9918231062717,10
2024-09-18 14:40:52.438000,412.9911478982052,12
2024-09-18 14:40:52.452000,412.9505009527272,1001
2024-09-18 14:40:52.506000,412.9776172934784,9
2024-09-18 14:40:52.513000,413.0065952305116,9
2024-09-18 14:40:52.535000,412.9602214756359,8
2024-09-18 14:40:52.639000,412.9803081470848,15
2024-09-18 14:40:52.654000,412.9930540418914,995
2024-09-18 14:40:52.676000,412.98741221849775,1001
2024-09-18 14:40:52.736000,412.97875835661125,103
2024-09-18 14:40:52.756000,412.9681484133223,15
2024-09-18 14:40:52.762000,412.9743739471521,102
2024-09-18 14:40:52.779000,412.9922445410617,98
2024-09-18 14:40:52.818000,412.9815310301632,104
2024-09-18 14:40:52.910000,412.9973098127617,996
2024-09-18 14:40:52.959000,412.9978483122314,8
2024-09-18 14:40:52.986000,413.0097998232027,11
2024-09-18 14:40:53.009000,412.9311447129699,10
2024-09-18 14:40:53.070000,412.9437101724677,1000
2024-09-18 14:40:53.132000,412.9839450996698,1005
2024-09-18 14:40:53.151000,412.9006363162936,100
2024-09-18 14:40:53.180000,412.9757802002979,103
2024-09-18 14:40:53.365000,412.9323701013318,9
2024-09-18 14:40:53.402000,412.9769044677543,997
2024-09-18 14:40:53.425000,412.91158185258274,99
2024-09-18 14:40:53.436000,412.9092031309299,998
2024-09-18 14:40:53.439000,412.9726094084028,97
2024-09-18 14:40:53.552000,412.924163440165,6
2024-09-18 14:40:53.597000,412.9990921487252,9
2024-09-18 14:40:53.683000,412.940961306592,98
2024-09-18 14:40:53.783000,412.93190130435215,10
2024-09-18 14:40:53.905000,412.94292395042993,996
2024-09-18 14:40:54.045000,412.9283069541114,8
2024-09-18 14:40:54.082000,412.8959710437051,99
2024-09-18 14:40:54.105000,412.9477499061267,996
2024-09-18 14:40:54.131000,412.9369120117266,999
2024-09-18 14:40:54.220000,412.9555067467671,6
2024-09-18 14:40:54.300000,412.94163639819067,7
2024-09-18 14:40:54.302000,412.9067001273815,13
2024-09-18 14:40:54.409000,412.92653200680536,15
2024-09-18 14:40:54.455000,412.9362181804772,11
2024-09-18 14:40:54.491000,412.921675382348,996
2024-09-18 14:40:54.499000,412.9431766338082,1000
2024-09-18 14:40:54.521000,412.94578096147205,999
2024-09-18 14:40:54.604000,412.9055554700199,997
2024-09-18 14:40:54.614000,412.89705152766027,995
2024-09-18 14:40:54.696000,412.9513799177604,103
2024-09-18 14:40:54.697000,412.8943109115773,9
2024-09-18 14:40:54.705000,412.9179808418641,7
2024-09-18 14:40:54.722000,412.9268298671666,995
2024-09-18 14:40:54.741000,412.922445074699,1001
2024-09-18 14:40:54.749000,412.892412678028,996
2024-09-18 14:40:54.802000,412.8956314029497,11
2024-09-18 14:40:54.849000,412.8971151499389,102
2024-09-18 14:40:54.877000,412.8878363331058,12
2024-09-18 14:40:54.893000,412.8992477219783,102
2024-09-18 14:40:54.945000,412.9523957747411,8
2024-09-18 14:40:54.973000,412.8929724901816,1003
2024-09-18 14:40:54.983000,412.9128916735829,104
2024-09-18 14:40:55.100000,412.91243580670937,1001
2024-09-18 14:40:55.128000,412.9039768050778,7
2024-09-18 14:40:55.138000,412.9044324803749,13
2024-09-18 14:40:55.258000,412.9329671335176,10
2024-09-18 14:40:55.401000,412.9000430655274,1004
2024-09-18 14:40:55.403000,412.9182951710123,998
2024-09-18 14:40:55.602000,412.914693262978,103
2024-09-18 14:40:55.669000,407.8113021112762,5
2024-09-18 14:40:55.681000,412.91968679810185,1000
2024-09-18 14:40:55.716000,412.9082001295312,996
2024-09-18 14:40:55.781000,412.9118279921527,103
2024-09-18 14:40:55.787000,412.91175641729046,97
2024-09-18 14:40:55.868000,412.914729475644,997
2024-09-18 14:40:55.960000,412.916384430143,103
2024-09-18 14:40:55.977000,412.9174592317912,10
2024-09-18 14:40:56.105000,412.91670648533074,100
2024-09-18 14:40:56.560000,412.9175220853374,12
2024-09-18 14:40:56.829000,412.9169065728692,9
2024-09-18 14:40:57.509000,412.8976743605803,11
2024-09-18 14:40:57.620000,412.9051091852989,999
2024-09-18 14:40:57.996000,412.9192091681217,13
2024-09-18 14:40:58.072000,412.8531673127847,1004
2024-09-18 14:40:58.094000,412.89151286635706,9
2024-09-18 14:40:58.222000,412.79517493861965,1001
2024-09-18 14:40:58.297000,412.78255532465226,997
2024-09-18 14:40:58.299000,412.8054812641674,99
2024-09-18 14:40:58.374000,412.8980955338495,9
2024-09-18 14:40:58.546000,407.7218710480389,6
2024-09-18 14:40:58.558000,412.8053406068714,7
2024-09-18 14:40:58.565000,412.79067362915424,995
2024-09-18 14:40:58.601000,412.89197803038365,9
2024-09-18 14:40:58.727000,412.7927233355138,999
2024-09-18 14:40:58.795000,412.8283246918639,8
2024-09-18 14:40:58.859000,412.8710258530404,99
2024-09-18 14:40:58.860000,412.8048669184328,996
2024-09-18 14:40:58.875000,412.8399049472266,105
2024-09-18 14:40:58.928000,412.8020893722612,14
2024-09-18 14:40:58.939000,412.7926433768533,1001
2024-09-18 14:40:58.972000,412.8415333201365,10
2024-09-18 14:40:59.754000,412.7979667523272,995
