Timestamp,Price,Size
2024-09-19 10:17:00.088000,418.1337515801519,997
2024-09-19 10:17:00.888000,418.1341443695417,97
2024-09-19 10:17:00.900000,418.1181668900106,101
2024-09-19 10:17:01.034000,418.1600375117056,12
2024-09-19 10:17:01.078000,418.1300056043968,995
2024-09-19 10:17:01.185000,418.20772631770745,996
2024-09-19 10:17:01.211000,418.2009680700037,999
2024-09-19 10:17:01.228000,418.1334725503284,6
2024-09-19 10:17:01.263000,418.1904017717104,1002
2024-09-19 10:17:01.299000,418.1921864610104,15
2024-09-19 10:17:01.301000,418.1438629121554,1004
2024-09-19 10:17:01.483000,418.1399771323008,5
2024-09-19 10:17:01.662000,418.1492470561009,10
2024-09-19 10:17:01.692000,418.1284178381041,104
2024-09-19 10:17:01.702000,418.1736963340425,5
2024-09-19 10:17:01.930000,418.13686137827386,6
2024-09-19 10:17:02.091000,418.1737835192704,100
2024-09-19 10:17:02.093000,418.18768491434446,1004
2024-09-19 10:17:02.113000,418.1677362042768,98
2024-09-19 10:17:02.279000,418.2025987000111,104
2024-09-19 10:17:02.353000,418.1833466958543,8
2024-09-19 10:17:02.441000,418.1785169506495,99
2024-09-19 10:17:02.529000,418.18278563281774,102
2024-09-19 10:17:02.592000,418.1572978728731,102
2024-09-19 10:17:02.601000,418.21493262175846,999
2024-09-19 10:17:02.619000,418.2198437615548,1001
2024-09-19 10:17:02.645000,418.143483865441,1004
2024-09-19 10:17:02.704000,418.19625749048765,12
2024-09-19 10:17:02.934000,418.1420253060963,15
2024-09-19 10:17:02.954000,418.1701959891822,103
2024-09-19 10:17:02.977000,418.1550237258252,97
2024-09-19 10:17:03.118000,418.17266692035344,99
2024-09-19 10:17:03.129000,418.1509000983099,1004
2024-09-19 10:17:03.237000,418.1333685720082,1004
2024-09-19 10:17:03.252000,418.1500126406606,9
2024-09-19 10:17:03.497000,418.101189028302,1002
2024-09-19 10:17:03.548000,418.1214558329292,9
2024-09-19 10:17:03.568000,418.1573084212318,1003
2024-09-19 10:17:03.579000,418.1497634737848,6
2024-09-19 10:17:03.595000,418.15550840394457,101
2024-09-19 10:17:03.660000,418.1491851782386,998
2024-09-19 10:17:03.915000,418.15248541068354,6
2024-09-19 10:17:04.372000,418.076104961672,97
2024-09-19 10:17:04.505000,418.0617929356482,14
2024-09-19 10:17:04.717000,418.0651189767997,96
2024-09-19 10:17:04.902000,418.0886417111975,999
2024-09-19 10:17:04.957000,418.0809069200338,5
2024-09-19 10:17:05.111000,418.085591374048,1001
2024-09-19 10:17:05.185000,418.0568568880173,12
2024-09-19 10:17:05.241000,418.0774259497873,1000
2024-09-19 10:17:05.301000,418.09461948312014,12
2024-09-19 10:17:05.324000,418.0854577058009,14
2024-09-19 10:17:05.805000,418.0800519129053,100
2024-09-19 10:17:05.873000,418.07962187376177,12
2024-09-19 10:17:05.934000,418.0797925487777,5
2024-09-19 10:17:06.027000,418.0265467663117,103
2024-09-19 10:17:06.125000,418.0406376843636,11
2024-09-19 10:17:06.907000,418.02920318492295,100
2024-09-19 10:17:07.074000,417.9859758097329,104
2024-09-19 10:17:07.187000,418.00905023163847,14
2024-09-19 10:17:07.207000,418.0034500924696,998
2024-09-19 10:17:07.271000,418.0053940592669,15
2024-09-19 10:17:07.430000,417.96712887936087,6
2024-09-19 10:17:07.431000,417.9871445128499,102
2024-09-19 10:17:07.439000,417.9963985539328,10
2024-09-19 10:17:07.459000,417.9732484131808,7
2024-09-19 10:17:07.463000,417.96639681365326,1000
2024-09-19 10:17:07.592000,417.9563406923493,5
2024-09-19 10:17:07.598000,418.0026098338384,12
2024-09-19 10:17:07.633000,418.0138089547714,6
2024-09-19 10:17:07.658000,417.990053353645,996
2024-09-19 10:17:07.835000,417.9606722650435,9
2024-09-19 10:17:07.976000,418.0088939753987,103
2024-09-19 10:17:09.393000,417.9440778321364,104
2024-09-19 10:17:09.815000,417.9433673518413,5
2024-09-19 10:17:10.112000,417.9294417984254,98
2024-09-19 10:17:10.276000,417.9450085467424,1001
2024-09-19 10:17:10.287000,417.94860891894825,995
2024-09-19 10:17:10.516000,417.9356060747256,995
2024-09-19 10:17:10.756000,417.9344442371263,101
2024-09-19 10:17:10.896000,417.9293027976378,1003
2024-09-19 10:17:11.015000,417.8807949709855,96
2024-09-19 10:17:11.023000,417.9438323779506,8
2024-09-19 10:17:11.047000,417.88117929387386,1002
2024-09-19 10:17:11.054000,417.8836588575892,14
2024-09-19 10:17:11.061000,417.89558492731936,9
2024-09-19 10:17:11.062000,417.90165233053216,5
2024-09-19 10:17:11.108000,417.9445606864113,999
2024-09-19 10:17:11.119000,417.8829086200761,996
2024-09-19 10:17:11.193000,417.863541392222,998
2024-09-19 10:17:11.193000,417.9282502345485,1000
2024-09-19 10:17:11.212000,417.88383118423206,13
2024-09-19 10:17:11.213000,417.8724360594468,997
2024-09-19 10:17:11.253000,417.916608735706,12
2024-09-19 10:17:11.272000,417.9176698835597,13
2024-09-19 10:17:11.297000,417.8779260210112,1004
2024-09-19 10:17:11.404000,417.8895985336335,99
2024-09-19 10:17:11.517000,417.8957865980375,102
2024-09-19 10:17:11.600000,417.8999962162208,6
2024-09-19 10:17:11.672000,417.8717804821163,104
2024-09-19 10:17:11.725000,417.86938420484216,5
2024-09-19 10:17:11.746000,417.8848990183576,95
2024-09-19 10:17:11.747000,417.931854297832,105
2024-09-19 10:17:11.761000,417.8961675485993,998
2024-09-19 10:17:11.784000,417.8639901652804,15
2024-09-19 10:17:11.811000,417.8813495960365,95
2024-09-19 10:17:11.891000,417.9198580585373,103
2024-09-19 10:17:11.902000,417.87114228396274,11
2024-09-19 10:17:11.929000,417.93315658354345,100
2024-09-19 10:17:12.374000,417.9062982654245,10
2024-09-19 10:17:12.445000,417.90513515925215,12
2024-09-19 10:17:13.017000,417.8857352367235,7
2024-09-19 10:17:13.093000,417.902508081394,96
2024-09-19 10:17:13.229000,417.8537173919588,995
2024-09-19 10:17:13.280000,417.7957196666718,100
2024-09-19 10:17:13.291000,417.92458140673546,1004
2024-09-19 10:17:13.311000,417.8268806287954,11
2024-09-19 10:17:13.331000,417.8569812922127,105
2024-09-19 10:17:13.338000,417.8248700597799,99
2024-09-19 10:17:13.339000,417.88038014861087,1002
2024-09-19 10:17:13.360000,417.843373672743,102
2024-09-19 10:17:13.382000,417.9070867604808,96
2024-09-19 10:17:13.426000,417.9063942564761,104
2024-09-19 10:17:13.441000,417.8356834059528,1000
2024-09-19 10:17:13.446000,417.89745409681234,98
2024-09-19 10:17:13.452000,417.8378957104438,104
2024-09-19 10:17:13.494000,417.8159021367699,1003
2024-09-19 10:17:13.526000,417.8949599965031,1001
2024-09-19 10:17:13.554000,417.7982836762829,5
2024-09-19 10:17:13.554000,417.8258687603285,12
2024-09-19 10:17:13.606000,417.809108179466,102
2024-09-19 10:17:13.640000,417.8094449215113,97
2024-09-19 10:17:13.665000,417.9168984456069,12
2024-09-19 10:17:13.667000,417.9143859901116,1004
2024-09-19 10:17:13.745000,417.8518121341657,11
2024-09-19 10:17:13.771000,417.8405237920133,97
2024-09-19 10:17:13.842000,417.8415953962403,14
2024-09-19 10:17:13.955000,417.89567949995234,1005
2024-09-19 10:17:13.990000,417.8334434200406,1002
2024-09-19 10:17:14.001000,417.8556950141325,999
2024-09-19 10:17:14.016000,417.8165374139543,102
2024-09-19 10:17:14.044000,417.8408409586949,11
2024-09-19 10:17:14.054000,417.8840294589954,1003
2024-09-19 10:17:14.070000,417.8662182936461,998
2024-09-19 10:17:14.356000,417.8030325869578,1005
2024-09-19 10:17:14.453000,417.8459340392658,8
2024-09-19 10:17:14.456000,417.8176043122202,12
2024-09-19 10:17:14.476000,417.8303917646585,1002
2024-09-19 10:17:14.637000,417.8496540602231,1005
2024-09-19 10:17:14.682000,417.8180931021554,14
2024-09-19 10:17:14.702000,417.8490740963673,96
2024-09-19 10:17:14.709000,417.8510144808444,96
2024-09-19 10:17:14.761000,417.8752910247996,996
2024-09-19 10:17:14.798000,417.88426029888143,1003
2024-09-19 10:17:14.800000,417.8654142844629,1000
2024-09-19 10:17:14.811000,417.8057879892595,5
2024-09-19 10:17:14.819000,417.86505312690775,7
2024-09-19 10:17:14.953000,417.8654340326746,15
2024-09-19 10:17:14.996000,417.8915857785259,10
2024-09-19 10:17:15.002000,417.8566313899768,12
2024-09-19 10:17:15.063000,417.8170670532834,1003
2024-09-19 10:17:15.076000,417.8494521134171,9
2024-09-19 10:17:15.154000,417.862232573409,14
2024-09-19 10:17:15.198000,417.8248773047536,9
2024-09-19 10:17:15.223000,417.7490501527205,100
2024-09-19 10:17:15.291000,417.8288567451615,6
2024-09-19 10:17:15.338000,417.8212380096412,995
2024-09-19 10:17:15.360000,417.8240754651008,6
2024-09-19 10:17:15.365000,417.7751100700764,14
2024-09-19 10:17:15.432000,417.87150643725056,7
2024-09-19 10:17:15.463000,417.8810705842684,96
2024-09-19 10:17:15.463000,417.8321456513572,996
2024-09-19 10:17:15.565000,417.75596449566,12
2024-09-19 10:17:15.569000,417.7527933457765,996
2024-09-19 10:17:15.579000,417.8419446999607,95
2024-09-19 10:17:15.579000,417.8103857843474,1002
2024-09-19 10:17:15.611000,417.8603291234236,1004
2024-09-19 10:17:15.686000,417.8169511934489,997
2024-09-19 10:17:15.690000,417.7936520040417,100
2024-09-19 10:17:15.729000,417.8689429126404,98
2024-09-19 10:17:15.812000,417.8166163584889,97
2024-09-19 10:17:15.923000,417.8241744318644,98
2024-09-19 10:17:15.926000,417.7469804632719,13
2024-09-19 10:17:15.934000,417.8328670107766,12
2024-09-19 10:17:15.991000,417.8494840525727,8
2024-09-19 10:17:16.027000,417.73965397675113,8
2024-09-19 10:17:16.258000,417.73611285099,7
2024-09-19 10:17:16.536000,417.7449208900287,15
2024-09-19 10:17:16.578000,417.7118058209528,995
2024-09-19 10:17:16.710000,417.712966147454,1001
2024-09-19 10:17:16.710000,417.75298099720817,10
2024-09-19 10:17:16.720000,417.7270742766626,100
2024-09-19 10:17:16.749000,417.7167176803041,8
2024-09-19 10:17:16.766000,417.7473433729017,997
2024-09-19 10:17:16.829000,417.74580618494406,1005
2024-09-19 10:17:16.850000,417.7447498318705,10
2024-09-19 10:17:16.949000,417.71382209073647,996
2024-09-19 10:17:16.997000,417.7145976818987,8
2024-09-19 10:17:17.481000,417.7224522022983,97
2024-09-19 10:17:17.596000,417.7101796920483,99
2024-09-19 10:17:17.771000,417.7015067187881,99
2024-09-19 10:17:17.905000,417.7245901314798,101
2024-09-19 10:17:17.969000,417.71192193608255,14
2024-09-19 10:17:18.056000,417.80282651098713,995
2024-09-19 10:17:18.067000,417.8055962440392,14
2024-09-19 10:17:18.071000,417.7451404792896,996
2024-09-19 10:17:18.140000,417.7841775720147,98
2024-09-19 10:17:18.273000,417.7915787851979,99
2024-09-19 10:17:18.276000,417.7472555741649,10
2024-09-19 10:17:18.450000,417.7660217261086,1005
2024-09-19 10:17:18.522000,417.7473217491855,997
2024-09-19 10:17:18.629000,417.7722910268316,13
2024-09-19 10:17:18.647000,417.7475553405716,13
2024-09-19 10:17:18.692000,417.7603010650363,998
2024-09-19 10:17:18.754000,417.7488359123139,104
2024-09-19 10:17:18.802000,417.7185970865378,15
2024-09-19 10:17:18.873000,417.7354068248146,13
2024-09-19 10:17:18.891000,417.7813041689497,996
2024-09-19 10:17:19.058000,417.8534158072168,99
2024-09-19 10:17:19.110000,417.8578906011946,5
2024-09-19 10:17:19.272000,417.87389870905406,95
2024-09-19 10:17:19.295000,417.8594359811493,998
2024-09-19 10:17:19.342000,417.7898024467396,11
2024-09-19 10:17:19.450000,417.7919840313864,999
2024-09-19 10:17:19.485000,417.8603498783205,997
2024-09-19 10:17:19.502000,417.8460960100789,1002
2024-09-19 10:17:19.508000,417.8137302153476,1004
2024-09-19 10:17:19.557000,417.834662971647,1001
2024-09-19 10:17:19.631000,417.7989710887999,1000
2024-09-19 10:17:19.720000,417.8835215610272,6
2024-09-19 10:17:19.763000,417.8648521084219,1003
2024-09-19 10:17:19.764000,417.8670821956757,997
2024-09-19 10:17:19.897000,417.8728930834465,9
2024-09-19 10:17:19.950000,417.84725792213175,15
2024-09-19 10:17:20.857000,417.8702572184818,995
2024-09-19 10:17:21.128000,417.86848509475067,15
2024-09-19 10:17:21.348000,417.87106931830937,96
2024-09-19 10:17:21.430000,417.8906970252713,998
2024-09-19 10:17:21.481000,417.8629694203462,998
2024-09-19 10:17:21.666000,417.8693635844836,11
2024-09-19 10:17:21.838000,417.8773212519701,9
2024-09-19 10:17:21.916000,417.87203751236257,96
2024-09-19 10:17:21.960000,417.8681450985885,998
2024-09-19 10:17:22.096000,417.8637380718412,105
2024-09-19 10:17:22.273000,417.8529591330693,1001
2024-09-19 10:17:22.316000,417.8842987359699,1003
2024-09-19 10:17:22.380000,417.894185334531,995
2024-09-19 10:17:22.614000,417.8941268067292,995
2024-09-19 10:17:22.623000,417.88137692204936,996
2024-09-19 10:17:22.716000,417.8710442070529,998
2024-09-19 10:17:22.804000,417.8835812659525,997
2024-09-19 10:17:22.936000,417.8747075402654,1000
2024-09-19 10:17:23.058000,417.9019950804292,12
2024-09-19 10:17:23.099000,417.9025060538453,7
2024-09-19 10:17:23.270000,417.8975436757306,100
2024-09-19 10:17:23.281000,417.9157940091697,1004
2024-09-19 10:17:23.302000,417.9013727371236,5
2024-09-19 10:17:23.357000,417.9002626315014,5
2024-09-19 10:17:23.408000,417.9072197530335,1003
2024-09-19 10:17:23.499000,417.8931854484397,99
2024-09-19 10:17:23.530000,417.8781826565493,104
2024-09-19 10:17:23.540000,417.89569637923535,7
2024-09-19 10:17:23.562000,417.8879311846829,1000
2024-09-19 10:17:23.566000,417.9080720469709,99
2024-09-19 10:17:23.585000,417.88276629265926,1005
2024-09-19 10:17:23.699000,417.8823187746696,97
2024-09-19 10:17:23.733000,417.8920302539421,7
2024-09-19 10:17:23.787000,417.8784762173101,98
2024-09-19 10:17:23.793000,417.9008603340877,101
2024-09-19 10:17:23.802000,417.8943341130845,8
2024-09-19 10:17:23.822000,417.8897181683811,101
2024-09-19 10:17:23.833000,417.89611230894064,1001
2024-09-19 10:17:23.852000,417.9159090104901,997
2024-09-19 10:17:23.871000,417.89195269440535,9
2024-09-19 10:17:23.900000,417.87940549802863,100
2024-09-19 10:17:23.930000,417.8882462489651,103
2024-09-19 10:17:23.934000,417.9303043223463,997
2024-09-19 10:17:23.978000,417.88188271684953,6
2024-09-19 10:17:24.071000,417.96051569338607,100
2024-09-19 10:17:24.079000,417.9380252291776,9
2024-09-19 10:17:24.085000,417.902846828933,10
2024-09-19 10:17:24.086000,418.0118948779537,12
2024-09-19 10:17:24.100000,417.9428069470927,10
2024-09-19 10:17:24.102000,417.95824017440873,1004
2024-09-19 10:17:24.121000,417.90792476128473,6
2024-09-19 10:17:24.309000,417.9489167216961,1005
2024-09-19 10:17:24.312000,417.9145766080362,98
2024-09-19 10:17:24.476000,418.0266267916044,1003
2024-09-19 10:17:24.533000,418.018725339857,1002
2024-09-19 10:17:24.576000,417.9094180604563,103
2024-09-19 10:17:24.578000,418.0268208948308,11
2024-09-19 10:17:24.632000,417.9338263140176,11
2024-09-19 10:17:24.636000,417.9053668317042,14
2024-09-19 10:17:24.676000,417.9957845414662,9
2024-09-19 10:17:24.708000,417.9226890173282,995
2024-09-19 10:17:24.728000,417.95772764409816,1000
2024-09-19 10:17:24.757000,417.9666544002158,6
2024-09-19 10:17:24.866000,417.97359321340826,95
2024-09-19 10:17:24.871000,417.9641655768032,996
2024-09-19 10:17:24.900000,417.9841959990683,13
2024-09-19 10:17:24.920000,417.937548281665,14
2024-09-19 10:17:24.938000,417.9908806494993,96
2024-09-19 10:17:24.957000,417.9913345989857,15
2024-09-19 10:17:24.968000,417.9460404592399,96
2024-09-19 10:17:25.096000,418.0155595722281,1004
2024-09-19 10:17:25.151000,418.032884610484,11
2024-09-19 10:17:25.318000,418.04581870981593,995
2024-09-19 10:17:25.391000,418.0236391963042,6
2024-09-19 10:17:25.735000,418.0248455837424,13
2024-09-19 10:17:26.063000,417.997060611849,15
2024-09-19 10:17:26.087000,418.02490127756766,9
2024-09-19 10:17:26.169000,418.0328191011312,103
2024-09-19 10:17:26.169000,417.9507105792824,11
2024-09-19 10:17:26.202000,417.9739321389087,99
2024-09-19 10:17:26.354000,418.0186973469317,1004
2024-09-19 10:17:26.374000,417.9362969421241,995
2024-09-19 10:17:26.378000,417.96345823869433,97
2024-09-19 10:17:26.482000,417.9463357772388,998
2024-09-19 10:17:26.501000,417.92631844155096,10
2024-09-19 10:17:26.642000,417.98041960758746,99
2024-09-19 10:17:26.738000,418.03634507625486,98
2024-09-19 10:17:26.781000,417.9303444986492,7
2024-09-19 10:17:26.802000,417.9970527854168,100
2024-09-19 10:17:26.866000,417.959830253084,5
2024-09-19 10:17:26.968000,418.0306169380201,11
2024-09-19 10:17:27.058000,417.9259980326448,999
2024-09-19 10:17:27.066000,417.95347025952896,11
2024-09-19 10:17:27.182000,417.9250400068634,1005
2024-09-19 10:17:27.189000,417.931955171612,96
2024-09-19 10:17:27.253000,417.9288288966191,8
2024-09-19 10:17:27.298000,417.94207074838016,1004
2024-09-19 10:17:27.335000,417.9584353294955,1001
2024-09-19 10:17:27.406000,417.9513793574522,11
2024-09-19 10:17:27.474000,417.9449950831558,999
2024-09-19 10:17:27.519000,417.95564717542,95
2024-09-19 10:17:27.672000,417.9460878669955,1003
2024-09-19 10:17:27.703000,417.9392876969079,99
2024-09-19 10:17:27.965000,417.9444952063559,98
2024-09-19 10:17:28.054000,417.9732225295801,15
2024-09-19 10:17:28.054000,417.9552892466424,100
2024-09-19 10:17:28.238000,417.95939728606135,8
2024-09-19 10:17:28.259000,417.9921339892404,999
2024-09-19 10:17:28.504000,417.9904610923887,998
2024-09-19 10:17:28.528000,417.9419995752423,97
2024-09-19 10:17:28.572000,417.95053423543953,1002
2024-09-19 10:17:28.695000,417.9257085740087,998
2024-09-19 10:17:28.707000,417.9663522710521,97
2024-09-19 10:17:28.854000,417.9636897668278,95
2024-09-19 10:17:28.866000,417.9808319846811,6
2024-09-19 10:17:28.940000,417.9319152863301,98
2024-09-19 10:17:28.948000,417.94524067368445,998
2024-09-19 10:17:28.959000,417.959900814938,103
2024-09-19 10:17:28.960000,417.973855595825,1005
2024-09-19 10:17:29.040000,417.976900376442,105
2024-09-19 10:17:29.057000,417.9740752766929,997
2024-09-19 10:17:29.112000,417.97714476942855,997
2024-09-19 10:17:29.198000,417.9950255095649,1004
2024-09-19 10:17:29.248000,417.99895377259566,102
2024-09-19 10:17:29.272000,417.98336268415073,995
2024-09-19 10:17:29.289000,417.9802638740858,100
2024-09-19 10:17:29.299000,417.97603651493125,998
2024-09-19 10:17:29.336000,417.9712874360836,8
2024-09-19 10:17:29.368000,417.9694150600366,104
2024-09-19 10:17:29.382000,417.9571491891308,8
2024-09-19 10:17:29.612000,417.9787130620576,9
2024-09-19 10:17:29.616000,417.9658484605019,102
2024-09-19 10:17:29.629000,417.9726391807923,101
2024-09-19 10:17:29.648000,417.9801624799812,97
2024-09-19 10:17:29.714000,417.990290342988,96
2024-09-19 10:17:29.760000,417.9852066200964,11
2024-09-19 10:17:29.786000,417.9750189517269,997
2024-09-19 10:17:29.819000,417.9725879796978,104
2024-09-19 10:17:29.876000,417.96324519042537,1005
2024-09-19 10:17:29.877000,417.96022306682187,104
2024-09-19 10:17:29.890000,417.9839927292172,997
2024-09-19 10:17:29.937000,418.0126104611639,102
2024-09-19 10:17:29.951000,417.9668514849299,13
2024-09-19 10:17:29.962000,417.9880839847109,95
2024-09-19 10:17:29.975000,417.9892846487465,11
2024-09-19 10:17:29.978000,417.9860505722602,1002
2024-09-19 10:17:29.984000,417.9746009507813,996
2024-09-19 10:17:30.036000,417.98912506287866,7
2024-09-19 10:17:30.060000,417.9737635808912,104
2024-09-19 10:17:30.103000,417.96768456879965,9
2024-09-19 10:17:30.151000,417.9977036922826,997
2024-09-19 10:17:30.164000,417.97927705767376,1000
2024-09-19 10:17:30.352000,417.96691875078034,99
2024-09-19 10:17:30.376000,417.9737171828411,998
2024-09-19 10:17:30.509000,417.973305523466,1002
2024-09-19 10:17:30.532000,417.9604336677496,1005
2024-09-19 10:17:30.689000,417.9790417385221,7
2024-09-19 10:17:30.748000,417.97882976163817,12
2024-09-19 10:17:31.112000,418.0171692088499,9
2024-09-19 10:17:31.186000,418.0098482829044,102
2024-09-19 10:17:31.213000,418.0005228284819,104
2024-09-19 10:17:31.262000,417.9869799793053,102
2024-09-19 10:17:31.405000,417.9621969113394,1003
2024-09-19 10:17:31.416000,418.001756136733,102
2024-09-19 10:17:31.477000,418.013994620735,5
2024-09-19 10:17:31.479000,418.0176687048786,9
2024-09-19 10:17:31.634000,417.9932614754701,11
2024-09-19 10:17:31.651000,418.0135547659024,14
2024-09-19 10:17:31.722000,417.9644860335845,1005
2024-09-19 10:17:31.761000,417.9756686929782,7
2024-09-19 10:17:31.819000,418.0037127491567,15
2024-09-19 10:17:31.858000,418.0057227497794,997
2024-09-19 10:17:31.994000,418.01102864218615,8
2024-09-19 10:17:32.807000,417.9951108521839,995
2024-09-19 10:17:33.002000,418.0631103322686,997
2024-09-19 10:17:33.054000,418.0124327944554,8
2024-09-19 10:17:33.140000,418.00074858808745,7
2024-09-19 10:17:33.249000,418.0326085636945,11
2024-09-19 10:17:33.276000,418.0524910418991,1004
2024-09-19 10:17:33.463000,418.069497024139,99
2024-09-19 10:17:33.480000,418.07876460588807,997
2024-09-19 10:17:33.483000,418.0824758107694,1000
2024-09-19 10:17:33.630000,418.0440650572258,12
2024-09-19 10:17:33.679000,418.0648513616388,104
2024-09-19 10:17:33.710000,418.0606972193609,96
2024-09-19 10:17:33.712000,418.0553431011227,8
2024-09-19 10:17:33.766000,418.0809690471625,103
2024-09-19 10:17:33.773000,418.0805784716918,103
2024-09-19 10:17:33.816000,418.07768356362783,1004
2024-09-19 10:17:33.891000,418.07216479912825,1004
2024-09-19 10:17:33.934000,418.0531022574496,100
2024-09-19 10:17:33.960000,418.0055611786572,9
2024-09-19 10:17:33.973000,418.0382746594365,103
2024-09-19 10:17:34.089000,418.0354026187941,96
2024-09-19 10:17:34.188000,418.04090045148246,9
2024-09-19 10:17:34.365000,418.00428833066496,1000
2024-09-19 10:17:34.379000,418.0271657890305,995
2024-09-19 10:17:34.422000,418.0548434548738,14
2024-09-19 10:17:34.428000,417.9889165246665,8
2024-09-19 10:17:34.605000,418.02916048336135,9
2024-09-19 10:17:34.872000,418.0267625399363,1005
2024-09-19 10:17:34.886000,418.0259738583573,98
2024-09-19 10:17:34.991000,418.0130794620793,1003
2024-09-19 10:17:34.998000,418.00891018362216,102
2024-09-19 10:17:35.060000,418.0136264930739,996
2024-09-19 10:17:35.080000,418.028937921524,97
2024-09-19 10:17:35.143000,418.0330258661555,97
2024-09-19 10:17:35.176000,418.0334504185229,99
2024-09-19 10:17:35.197000,418.016265648389,99
2024-09-19 10:17:35.227000,418.0552080444545,6
2024-09-19 10:17:35.301000,417.97589300668017,99
2024-09-19 10:17:35.316000,418.0297795424274,1003
2024-09-19 10:17:35.338000,418.02579565809816,13
2024-09-19 10:17:35.344000,418.0566151063948,6
2024-09-19 10:17:35.374000,418.0078444214537,103
2024-09-19 10:17:35.418000,418.02404045416193,103
2024-09-19 10:17:35.493000,418.0179791610069,5
2024-09-19 10:17:35.514000,417.9958306221035,96
2024-09-19 10:17:35.516000,417.9588788984655,998
2024-09-19 10:17:35.546000,418.0156903695132,997
2024-09-19 10:17:35.624000,418.0262586556475,10
2024-09-19 10:17:35.645000,417.9883294043326,15
2024-09-19 10:17:35.656000,417.9769747099509,7
2024-09-19 10:17:35.672000,418.0240481979493,997
2024-09-19 10:17:35.673000,417.995793117845,1001
2024-09-19 10:17:35.703000,418.0023604467176,1005
2024-09-19 10:17:35.704000,417.9869137843227,1005
2024-09-19 10:17:35.736000,418.0402165113674,96
2024-09-19 10:17:35.737000,417.9793124086222,13
2024-09-19 10:17:35.846000,418.00537617092255,1003
2024-09-19 10:17:35.956000,418.03034619026886,14
2024-09-19 10:17:35.985000,418.027710299677,98
2024-09-19 10:17:36.031000,418.068549943341,104
2024-09-19 10:17:36.118000,418.0329338219726,12
2024-09-19 10:17:36.131000,418.03216180543455,1005
2024-09-19 10:17:36.256000,418.0535398417836,997
2024-09-19 10:17:36.256000,418.035153302472,96
2024-09-19 10:17:36.305000,418.0641005278349,1003
2024-09-19 10:17:36.391000,418.0663655798343,96
2024-09-19 10:17:36.472000,418.0251421310411,995
2024-09-19 10:17:36.567000,418.02221900858,100
2024-09-19 10:17:36.753000,418.0259577664585,995
2024-09-19 10:17:36.770000,418.0423512621392,97
2024-09-19 10:17:36.775000,418.0555758577791,11
2024-09-19 10:17:36.901000,418.04971334265537,1005
2024-09-19 10:17:37.057000,418.034618887353,1000
2024-09-19 10:17:37.176000,418.0182009152162,95
2024-09-19 10:17:37.199000,418.01475364784176,1004
2024-09-19 10:17:37.758000,418.0120681776549,9
2024-09-19 10:17:37.851000,418.0229409380193,100
2024-09-19 10:17:37.854000,418.0133933629517,7
2024-09-19 10:17:37.907000,418.06368841312695,104
2024-09-19 10:17:38.176000,418.0118890007792,1002
2024-09-19 10:17:38.417000,418.00045205182624,96
2024-09-19 10:17:38.894000,417.9947601119649,6
2024-09-19 10:17:38.933000,418.0119760313206,1003
2024-09-19 10:17:38.952000,418.0119287287882,10
2024-09-19 10:17:39.055000,418.0431570520324,12
2024-09-19 10:17:39.153000,418.0201079265343,10
2024-09-19 10:17:39.237000,418.0107148744876,9
2024-09-19 10:17:39.260000,418.0267877571434,1003
2024-09-19 10:17:39.281000,418.0016721707282,1005
2024-09-19 10:17:39.330000,417.9910577779597,1001
2024-09-19 10:17:39.362000,417.9966974419411,102
2024-09-19 10:17:39.489000,418.0629732648395,6
2024-09-19 10:17:39.566000,418.0272785133172,15
2024-09-19 10:17:39.614000,418.0573349973702,1002
2024-09-19 10:17:39.841000,418.0164246723194,97
2024-09-19 10:17:39.940000,418.0054552576268,999
2024-09-19 10:17:40.032000,418.0619112008406,96
2024-09-19 10:17:40.103000,418.04671290274894,14
2024-09-19 10:17:40.177000,418.02738293187485,14
2024-09-19 10:17:40.236000,418.0688676530776,6
2024-09-19 10:17:40.423000,418.05469509809103,997
2024-09-19 10:17:40.483000,418.07400649668034,999
2024-09-19 10:17:40.525000,418.0868685482207,13
2024-09-19 10:17:40.540000,418.0599320407652,99
2024-09-19 10:17:40.552000,418.02316228537023,997
2024-09-19 10:17:40.579000,418.04620951712775,103
2024-09-19 10:17:40.590000,418.03792981511873,6
2024-09-19 10:17:40.620000,418.0082161785739,15
2024-09-19 10:17:40.694000,418.03042096366926,1003
2024-09-19 10:17:40.764000,418.0655008384462,9
2024-09-19 10:17:40.818000,418.02395465823867,98
2024-09-19 10:17:40.866000,418.01384074855,11
2024-09-19 10:17:40.880000,418.0287110158162,5
2024-09-19 10:17:40.887000,418.0417878330122,997
2024-09-19 10:17:40.900000,418.0640928344801,10
2024-09-19 10:17:40.937000,418.0364986499124,8
2024-09-19 10:17:40.981000,418.0634138208477,999
2024-09-19 10:17:40.988000,418.06089757376975,7
2024-09-19 10:17:40.999000,418.05582836292166,96
2024-09-19 10:17:41.038000,418.0127784412668,8
2024-09-19 10:17:41.042000,418.0555783382986,8
2024-09-19 10:17:41.201000,418.0320032846574,97
2024-09-19 10:17:41.336000,418.0496391812948,998
2024-09-19 10:17:41.338000,418.0068483972158,995
2024-09-19 10:17:41.350000,418.0627875120753,9
2024-09-19 10:17:41.351000,418.0336850707212,11
2024-09-19 10:17:41.400000,418.0381338269805,11
2024-09-19 10:17:41.422000,418.0117268030136,1003
2024-09-19 10:17:41.465000,418.0187508405071,1004
2024-09-19 10:17:41.607000,418.039876251769,8
2024-09-19 10:17:41.743000,418.0106265638452,96
2024-09-19 10:17:41.985000,418.0307138311494,13
2024-09-19 10:17:42.043000,418.0060363121296,5
2024-09-19 10:17:42.135000,418.0133120910489,9
2024-09-19 10:17:42.154000,417.99978554441896,101
2024-09-19 10:17:42.170000,418.0118443258961,100
2024-09-19 10:17:42.185000,417.990431842104,996
2024-09-19 10:17:42.194000,418.0084255118129,998
2024-09-19 10:17:42.318000,417.98526814889794,96
2024-09-19 10:17:42.360000,418.0324375425189,100
2024-09-19 10:17:42.517000,417.9923649963004,100
2024-09-19 10:17:42.553000,418.0020312325698,14
2024-09-19 10:17:42.563000,417.9824965450752,14
2024-09-19 10:17:42.612000,418.0039502562373,95
2024-09-19 10:17:42.632000,418.0162583521519,1005
2024-09-19 10:17:42.667000,418.0316030407827,13
2024-09-19 10:17:42.805000,418.0016264129926,8
2024-09-19 10:17:42.858000,418.028811138936,1003
2024-09-19 10:17:42.871000,418.0110918288276,7
2024-09-19 10:17:42.892000,417.9777152265765,1003
2024-09-19 10:17:42.977000,418.0155863222012,15
2024-09-19 10:17:43.053000,418.0027804530562,996
2024-09-19 10:17:43.141000,417.9995312153678,7
2024-09-19 10:17:43.204000,418.0278567375693,103
2024-09-19 10:17:43.271000,418.021206514266,15
2024-09-19 10:17:43.295000,418.0589548688597,12
2024-09-19 10:17:43.383000,418.0100808059175,103
2024-09-19 10:17:43.386000,418.0462768857314,13
2024-09-19 10:17:43.441000,418.0229030124073,14
2024-09-19 10:17:43.445000,418.0597939947696,995
2024-09-19 10:17:43.475000,418.0817097791744,98
2024-09-19 10:17:43.480000,418.0610664769585,102
2024-09-19 10:17:43.481000,418.0428869595455,5
2024-09-19 10:17:43.579000,417.994753796836,100
2024-09-19 10:17:43.615000,418.0589743296745,100
2024-09-19 10:17:43.646000,418.0448028937549,98
2024-09-19 10:17:43.667000,417.9943806288359,101
2024-09-19 10:17:43.691000,418.0347314623443,1000
2024-09-19 10:17:43.702000,418.0427513281492,9
2024-09-19 10:17:43.714000,418.0381482781576,13
2024-09-19 10:17:43.741000,417.99242370472666,10
2024-09-19 10:17:43.789000,418.0729320142071,8
2024-09-19 10:17:43.790000,418.09550554190514,99
2024-09-19 10:17:43.850000,418.0243876536437,96
2024-09-19 10:17:43.913000,418.0565535993919,5
2024-09-19 10:17:43.963000,418.0278283300016,9
2024-09-19 10:17:43.986000,418.0465525404912,98
2024-09-19 10:17:44.134000,418.106264585028,12
2024-09-19 10:17:44.685000,418.11913520975,99
2024-09-19 10:17:45.167000,418.13770138613575,104
2024-09-19 10:17:45.169000,418.1372622461537,10
2024-09-19 10:17:45.270000,418.1159413113964,100
2024-09-19 10:17:45.457000,418.1230335548743,998
2024-09-19 10:17:45.543000,418.121654961181,1002
2024-09-19 10:17:45.769000,418.129215813524,1005
2024-09-19 10:17:46.108000,418.1575550484165,995
2024-09-19 10:17:46.184000,418.1821150649624,1002
2024-09-19 10:17:46.226000,418.16115517242406,105
2024-09-19 10:17:46.235000,418.1770524029324,98
2024-09-19 10:17:46.239000,418.1600196793784,995
2024-09-19 10:17:46.277000,418.212211431943,10
2024-09-19 10:17:46.401000,418.165717760433,995
2024-09-19 10:17:46.490000,418.1720167807319,15
2024-09-19 10:17:46.536000,418.1911384664348,104
2024-09-19 10:17:46.563000,418.2025794310208,98
2024-09-19 10:17:46.649000,418.17535958760845,8
2024-09-19 10:17:46.714000,418.1405604893654,1000
2024-09-19 10:17:46.724000,418.1709625905495,9
2024-09-19 10:17:46.741000,418.1430160930233,15
2024-09-19 10:17:46.755000,418.163219265726,97
2024-09-19 10:17:46.756000,418.1645842625681,1005
2024-09-19 10:17:46.778000,418.1859387273735,1004
2024-09-19 10:17:46.808000,418.15891968434806,12
2024-09-19 10:17:46.810000,418.2056855765009,1001
2024-09-19 10:17:46.847000,418.1588991166248,103
2024-09-19 10:17:46.856000,418.1553287542917,1002
2024-09-19 10:17:46.864000,418.198175963022,98
2024-09-19 10:17:46.867000,418.1575507994907,95
2024-09-19 10:17:46.890000,418.1864365857054,99
2024-09-19 10:17:46.897000,418.1927636606672,998
2024-09-19 10:17:46.900000,418.1586465508475,997
2024-09-19 10:17:46.990000,418.1607165976727,14
2024-09-19 10:17:46.990000,418.1841214058313,98
2024-09-19 10:17:46.995000,418.1843289240823,97
2024-09-19 10:17:47.071000,418.1763567616237,98
2024-09-19 10:17:47.252000,418.1903380369405,6
2024-09-19 10:17:47.361000,418.1947003709847,1004
2024-09-19 10:17:47.394000,418.1894027619013,8
2024-09-19 10:17:47.396000,418.219407653276,103
2024-09-19 10:17:47.450000,418.2176461946904,14
2024-09-19 10:17:47.453000,418.21768100849664,103
2024-09-19 10:17:47.510000,418.1710900131338,995
2024-09-19 10:17:47.523000,418.2123291934154,15
2024-09-19 10:17:47.546000,418.18915519396336,6
2024-09-19 10:17:47.547000,418.23717401933607,13
2024-09-19 10:17:47.823000,418.214671460009,11
2024-09-19 10:17:47.888000,418.1838027707269,6
2024-09-19 10:17:47.892000,418.20700296513553,97
2024-09-19 10:17:47.964000,418.2043548682066,104
2024-09-19 10:17:48.028000,418.2836107737103,9
2024-09-19 10:17:48.046000,418.3371982087849,97
2024-09-19 10:17:48.048000,418.2506001643772,6
2024-09-19 10:17:48.048000,418.228539110568,996
2024-09-19 10:17:48.071000,418.2526422854006,997
2024-09-19 10:17:48.123000,418.3149535306512,15
2024-09-19 10:17:48.208000,418.2114633380643,99
2024-09-19 10:17:48.234000,418.2256489461839,997
2024-09-19 10:17:48.320000,418.31604807938686,997
2024-09-19 10:17:48.398000,418.31921078667824,105
2024-09-19 10:17:48.405000,418.2317101653,100
2024-09-19 10:17:48.429000,418.25444103432295,1005
2024-09-19 10:17:48.439000,418.2175259452219,14
2024-09-19 10:17:48.495000,418.3123215441255,102
2024-09-19 10:17:48.548000,418.3194840625113,1003
2024-09-19 10:17:48.560000,418.2952580753936,104
2024-09-19 10:17:48.560000,418.3275743882238,997
2024-09-19 10:17:48.822000,418.2094672831265,96
2024-09-19 10:17:48.900000,418.28231078374,999
2024-09-19 10:17:48.933000,418.2160684508168,7
2024-09-19 10:17:48.943000,418.2411595620934,1005
2024-09-19 10:17:48.987000,418.25534438089215,7
2024-09-19 10:17:49.262000,418.3160602461992,95
2024-09-19 10:17:50.087000,418.3328640645462,1002
2024-09-19 10:17:50.106000,418.278873410115,101
2024-09-19 10:17:50.180000,418.31209798375465,102
2024-09-19 10:17:50.247000,418.3319377949643,10
2024-09-19 10:17:50.457000,418.3057012069078,995
2024-09-19 10:17:50.467000,418.309487947835,8
2024-09-19 10:17:50.481000,418.2707939132324,95
2024-09-19 10:17:50.505000,418.32446230487295,103
2024-09-19 10:17:50.599000,418.2773277275773,1003
2024-09-19 10:17:50.704000,418.3214321806468,1003
2024-09-19 10:17:50.719000,418.28022033576,96
2024-09-19 10:17:50.822000,418.3436941302838,9
2024-09-19 10:17:50.827000,418.3393161847882,8
2024-09-19 10:17:50.829000,418.29545051493216,999
2024-09-19 10:17:51.165000,418.3750696740548,7
2024-09-19 10:17:51.238000,418.3813641038323,9
2024-09-19 10:17:51.326000,418.3622404385869,105
2024-09-19 10:17:51.365000,418.3792654078974,996
2024-09-19 10:17:51.367000,418.37718459912986,998
2024-09-19 10:17:51.668000,418.39185098132833,12
2024-09-19 10:17:51.756000,418.3944752795069,1002
2024-09-19 10:17:51.888000,418.3910399210374,999
2024-09-19 10:17:51.936000,418.3976705847707,998
2024-09-19 10:17:51.954000,418.3543266455577,5
2024-09-19 10:17:52.130000,418.5288603603018,96
2024-09-19 10:17:52.193000,418.5421132614772,98
2024-09-19 10:17:52.221000,418.54901470040255,1002
2024-09-19 10:17:52.372000,418.5332505516184,6
2024-09-19 10:17:52.463000,418.5137963615008,7
2024-09-19 10:17:52.467000,418.52219389426114,1005
2024-09-19 10:17:52.474000,418.55806345865983,1003
2024-09-19 10:17:52.490000,418.5272512205937,95
2024-09-19 10:17:52.530000,418.4631548878879,998
2024-09-19 10:17:52.555000,418.4995472899285,1005
2024-09-19 10:17:52.573000,418.5339225442263,997
2024-09-19 10:17:52.585000,418.4014903570383,97
2024-09-19 10:17:52.599000,418.47093007818006,10
2024-09-19 10:17:52.648000,418.4768312621284,101
2024-09-19 10:17:52.670000,418.53186307082814,1001
2024-09-19 10:17:52.793000,418.4348157318512,9
2024-09-19 10:17:52.817000,418.47068815284825,101
2024-09-19 10:17:52.835000,418.4730484530872,996
2024-09-19 10:17:52.858000,418.51436997793473,14
2024-09-19 10:17:52.881000,418.5206992457934,5
2024-09-19 10:17:52.911000,418.54445582147207,14
2024-09-19 10:17:53.417000,418.5188515574898,98
2024-09-19 10:17:53.815000,418.5045235694976,95
2024-09-19 10:17:54.020000,418.5899531060335,15
2024-09-19 10:17:54.221000,418.5472920037809,8
2024-09-19 10:17:54.281000,418.5357502507841,97
2024-09-19 10:17:54.303000,418.5257543288089,7
2024-09-19 10:17:54.337000,418.5931573829211,7
2024-09-19 10:17:54.389000,418.57721703011936,10
2024-09-19 10:17:54.407000,418.5650814790197,1003
2024-09-19 10:17:54.442000,418.6179877268629,995
2024-09-19 10:17:54.474000,418.5525162169461,13
2024-09-19 10:17:54.474000,418.537166494784,5
2024-09-19 10:17:54.494000,418.6140171215348,999
2024-09-19 10:17:54.704000,418.5309640318808,999
2024-09-19 10:17:54.767000,418.5338559139897,95
2024-09-19 10:17:54.831000,418.541754221383,101
2024-09-19 10:17:54.839000,418.5750039511096,998
2024-09-19 10:17:54.875000,418.515849882281,1001
2024-09-19 10:17:54.920000,418.5417652253086,1001
2024-09-19 10:17:54.949000,418.6143696954832,100
2024-09-19 10:17:54.965000,418.5990925615863,1003
2024-09-19 10:17:54.980000,418.5288767177103,97
2024-09-19 10:17:55.048000,418.6555018461077,7
2024-09-19 10:17:55.050000,418.6248504772786,8
2024-09-19 10:17:55.089000,418.6278089372851,101
2024-09-19 10:17:55.173000,418.6292781365359,97
2024-09-19 10:17:55.215000,418.6144887233981,103
2024-09-19 10:17:55.215000,418.65986615429415,95
2024-09-19 10:17:55.247000,418.60518740738496,997
2024-09-19 10:17:55.258000,418.6152825529923,8
2024-09-19 10:17:55.260000,418.6445279550216,98
2024-09-19 10:17:55.430000,418.62597158138726,1005
2024-09-19 10:17:55.473000,418.6225150206816,995
2024-09-19 10:17:55.506000,418.62405277729727,95
2024-09-19 10:17:55.610000,418.6212475166308,1001
2024-09-19 10:17:55.621000,418.64961787751855,1001
2024-09-19 10:17:55.633000,418.6214564724396,100
2024-09-19 10:17:55.645000,418.6343439613064,100
2024-09-19 10:17:55.650000,418.62438062077416,995
2024-09-19 10:17:55.709000,418.6514076601548,99
2024-09-19 10:17:55.896000,418.6123583805784,1003
2024-09-19 10:17:55.935000,418.6282472401239,998
2024-09-19 10:17:55.955000,418.61235903798274,11
2024-09-19 10:17:55.956000,418.6340838267102,1000
2024-09-19 10:17:56.132000,418.6398396947635,98
2024-09-19 10:17:56.201000,418.6040136411402,14
2024-09-19 10:17:56.356000,418.6342242950866,104
2024-09-19 10:17:56.454000,418.6281141652576,13
2024-09-19 10:17:56.500000,418.5919273801521,97
2024-09-19 10:17:56.530000,418.6373066304981,99
2024-09-19 10:17:56.955000,418.64279862683617,1003
2024-09-19 10:17:57.004000,418.6188497474616,7
2024-09-19 10:17:57.134000,418.6219049563532,13
2024-09-19 10:17:57.182000,418.60355566665913,1003
2024-09-19 10:17:57.196000,418.6183313269727,10
2024-09-19 10:17:57.315000,418.60759767015446,101
2024-09-19 10:17:57.377000,418.6080221551244,100
2024-09-19 10:17:57.434000,418.6224296872601,1001
2024-09-19 10:17:57.436000,418.6244879330362,8
2024-09-19 10:17:57.498000,418.6405362740946,996
2024-09-19 10:17:57.525000,418.5878845745615,13
2024-09-19 10:17:57.542000,418.5948626776518,13
2024-09-19 10:17:57.602000,418.60751097461326,97
2024-09-19 10:17:57.672000,418.5980682426137,97
2024-09-19 10:17:57.673000,418.6111873063567,1001
2024-09-19 10:17:57.708000,418.6237812576589,1000
2024-09-19 10:17:57.777000,418.62174011014247,999
2024-09-19 10:17:57.817000,418.6204606251621,97
2024-09-19 10:17:57.818000,418.608602727229,5
2024-09-19 10:17:57.875000,418.58999761402873,7
2024-09-19 10:17:57.995000,418.6321373392505,998
2024-09-19 10:17:58.060000,418.5860236276033,102
2024-09-19 10:17:58.195000,418.6171261584952,98
2024-09-19 10:17:58.202000,418.6226450660772,15
2024-09-19 10:17:58.289000,418.6279839474751,96
2024-09-19 10:17:58.300000,418.648875419397,15
2024-09-19 10:17:58.392000,418.6006183244296,1001
2024-09-19 10:17:58.404000,418.6276658900343,97
2024-09-19 10:17:58.470000,418.6222700384629,996
2024-09-19 10:17:58.499000,418.6362586302113,1000
2024-09-19 10:17:58.610000,418.596249256314,15
2024-09-19 10:17:58.610000,418.6359610150833,996
2024-09-19 10:17:58.627000,418.5892932244197,105
2024-09-19 10:17:58.633000,418.6272041074065,15
2024-09-19 10:17:58.641000,418.5947838391598,97
2024-09-19 10:17:58.655000,418.61865109229495,1004
2024-09-19 10:17:58.771000,418.6390001098464,102
2024-09-19 10:17:58.783000,418.6521687440052,5
2024-09-19 10:17:58.846000,418.6496503264052,97
2024-09-19 10:17:58.853000,418.648034833581,8
2024-09-19 10:17:58.901000,418.60504891039767,996
2024-09-19 10:17:58.977000,418.6350532320511,100
2024-09-19 10:17:59.029000,418.5845334868935,999
2024-09-19 10:17:59.087000,418.5683494812277,105
2024-09-19 10:17:59.119000,418.583469137661,996
2024-09-19 10:17:59.124000,418.5667354640891,15
2024-09-19 10:17:59.163000,418.5696877979511,99
2024-09-19 10:17:59.194000,418.5898885995107,11
2024-09-19 10:17:59.194000,418.5701817980384,1004
2024-09-19 10:17:59.274000,418.61185743014846,101
2024-09-19 10:17:59.425000,418.5768953078149,11
2024-09-19 10:17:59.451000,418.5833377444531,1005
2024-09-19 10:17:59.462000,418.57972747436,103
2024-09-19 10:17:59.527000,418.5836964073136,12
2024-09-19 10:17:59.643000,418.5781575093884,101
2024-09-19 10:17:59.749000,418.6122080733591,13
2024-09-19 10:17:59.770000,418.5840757266984,97
2024-09-19 10:17:59.777000,418.604094283063,6
2024-09-19 10:17:59.802000,418.59538281242783,103
2024-09-19 10:17:59.812000,418.5839928527686,6
2024-09-19 10:17:59.882000,418.5750676307838,1005
2024-09-19 10:17:59.954000,418.6064992660474,15
