Timestamp,Price,Size
2024-09-18 12:30:00.048000,415.7225341204464,105
2024-09-18 12:30:00.118000,415.6609124298351,995
2024-09-18 12:30:00.129000,415.7093482072492,1005
2024-09-18 12:30:00.167000,415.7388932041523,1005
2024-09-18 12:30:00.184000,415.7088873089769,15
2024-09-18 12:30:00.236000,415.7060417752167,1001
2024-09-18 12:30:00.257000,415.72374786530565,98
2024-09-18 12:30:00.270000,415.6818470713529,14
2024-09-18 12:30:00.306000,415.6588575087569,1005
2024-09-18 12:30:00.350000,415.7163064739872,8
2024-09-18 12:30:00.355000,415.7003944893205,13
2024-09-18 12:30:00.482000,415.7172113803872,100
2024-09-18 12:30:00.482000,415.6594519012614,14
2024-09-18 12:30:00.522000,415.6874260145422,11
2024-09-18 12:30:00.543000,415.7114030059919,13
2024-09-18 12:30:00.551000,415.69343250061,996
2024-09-18 12:30:00.575000,415.6744929368503,14
2024-09-18 12:30:00.579000,415.6961638932861,1004
2024-09-18 12:30:00.604000,415.72199222893295,104
2024-09-18 12:30:00.655000,415.72614371838927,103
2024-09-18 12:30:00.680000,415.6777001687116,11
2024-09-18 12:30:00.753000,415.7085861479474,995
2024-09-18 12:30:00.832000,415.7440952739808,95
2024-09-18 12:30:00.834000,415.7069797846348,1004
2024-09-18 12:30:00.885000,415.7383568861644,100
2024-09-18 12:30:00.902000,415.7109848739053,1001
2024-09-18 12:30:00.915000,415.75267739147023,999
2024-09-18 12:30:00.926000,415.6644030044079,96
2024-09-18 12:30:00.958000,415.6677655097986,102
2024-09-18 12:30:01.119000,415.71079059317145,105
2024-09-18 12:30:01.125000,415.7602279230062,5
2024-09-18 12:30:01.145000,415.6970261313372,998
2024-09-18 12:30:01.173000,415.7594085633405,1001
2024-09-18 12:30:01.232000,415.7337846636349,1000
2024-09-18 12:30:01.508000,415.7174218499477,1004
2024-09-18 12:30:01.546000,415.7462742071388,1000
2024-09-18 12:30:01.622000,415.7978555509148,10
2024-09-18 12:30:01.680000,415.7507700077298,5
2024-09-18 12:30:01.760000,415.6834811269893,8
2024-09-18 12:30:01.770000,415.7188646649373,103
2024-09-18 12:30:01.889000,415.7654829691425,1001
2024-09-18 12:30:01.953000,415.6878861123884,13
2024-09-18 12:30:02.200000,415.8155543152194,100
2024-09-18 12:30:02.264000,415.8015581170486,103
2024-09-18 12:30:02.393000,415.81483373089225,103
2024-09-18 12:30:02.679000,415.8387421761071,1003
2024-09-18 12:30:02.752000,415.8364840820873,98
2024-09-18 12:30:02.827000,415.8051019408046,1002
2024-09-18 12:30:02.918000,415.825409908532,997
2024-09-18 12:30:02.942000,415.8305505228335,995
2024-09-18 12:30:03.007000,415.7809569025265,96
2024-09-18 12:30:03.011000,415.7840783161459,996
2024-09-18 12:30:03.077000,415.77418115214266,11
2024-09-18 12:30:03.089000,415.7901824942264,15
2024-09-18 12:30:03.133000,415.8026061331152,998
2024-09-18 12:30:03.174000,415.7785606547458,97
2024-09-18 12:30:03.177000,415.7848864938405,8
2024-09-18 12:30:03.327000,415.7841990912861,995
2024-09-18 12:30:03.485000,415.7887815871409,6
2024-09-18 12:30:03.540000,415.78636016879983,12
2024-09-18 12:30:03.738000,415.7756965126455,995
2024-09-18 12:30:03.741000,415.7861468376459,1003
2024-09-18 12:30:04.346000,415.7440853438415,102
2024-09-18 12:30:04.392000,415.7509545487723,997
2024-09-18 12:30:04.903000,415.7710286873922,102
2024-09-18 12:30:05.004000,415.715922798603,100
2024-09-18 12:30:05.041000,415.668972721732,1002
2024-09-18 12:30:05.053000,415.7057497524996,1001
2024-09-18 12:30:05.056000,415.70581445537096,98
2024-09-18 12:30:05.073000,415.7032995577777,8
2024-09-18 12:30:05.090000,415.7214633517343,9
2024-09-18 12:30:05.149000,415.7164996226956,1000
2024-09-18 12:30:05.152000,415.6696493697708,9
2024-09-18 12:30:05.190000,415.7356565058834,97
2024-09-18 12:30:05.225000,415.7370071280947,95
2024-09-18 12:30:05.251000,415.7407798533712,997
2024-09-18 12:30:05.282000,415.6861107830248,8
2024-09-18 12:30:05.288000,415.7302332618966,5
2024-09-18 12:30:05.336000,415.7182302284033,105
2024-09-18 12:30:05.352000,415.74956434251874,997
2024-09-18 12:30:05.390000,415.6791029403727,10
2024-09-18 12:30:05.435000,415.7476745490823,12
2024-09-18 12:30:05.436000,415.72854815451257,100
2024-09-18 12:30:05.503000,415.68770067255576,97
2024-09-18 12:30:05.570000,415.73254871606485,1003
2024-09-18 12:30:05.642000,415.7333890397086,10
2024-09-18 12:30:05.652000,415.7309665698263,13
2024-09-18 12:30:05.688000,415.6766032125003,5
2024-09-18 12:30:05.689000,415.7638532752443,5
2024-09-18 12:30:05.759000,415.7468577932472,10
2024-09-18 12:30:05.811000,415.7136813412104,1005
2024-09-18 12:30:05.867000,415.7349736240725,100
2024-09-18 12:30:05.896000,415.681418202351,999
2024-09-18 12:30:05.976000,415.74750801080535,97
2024-09-18 12:30:06.003000,415.7811308318071,1004
2024-09-18 12:30:06.062000,415.7993910039486,11
2024-09-18 12:30:06.171000,415.7859310010336,13
2024-09-18 12:30:06.195000,415.78814551133325,101
2024-09-18 12:30:06.311000,415.7913425547004,996
2024-09-18 12:30:06.395000,415.7773610776264,998
2024-09-18 12:30:06.414000,415.76031145917096,996
2024-09-18 12:30:06.462000,415.7769234583114,102
2024-09-18 12:30:06.563000,415.7754481945522,11
2024-09-18 12:30:06.576000,415.7836290473293,15
2024-09-18 12:30:06.705000,415.7769188295766,1000
2024-09-18 12:30:06.776000,415.7691852143226,998
2024-09-18 12:30:06.793000,415.7631179927933,105
2024-09-18 12:30:06.828000,415.8069996356355,1005
2024-09-18 12:30:06.895000,415.7779246978636,99
2024-09-18 12:30:06.987000,415.7915775676614,103
2024-09-18 12:30:07.107000,415.8802646539911,5
2024-09-18 12:30:07.116000,415.8713867361072,97
2024-09-18 12:30:07.181000,415.84807295364817,103
2024-09-18 12:30:07.263000,415.8795960911477,96
2024-09-18 12:30:07.288000,415.87367854450525,15
2024-09-18 12:30:07.490000,415.8893211512287,13
2024-09-18 12:30:07.528000,415.8101867666995,1003
2024-09-18 12:30:07.555000,415.874986054371,97
2024-09-18 12:30:07.615000,415.8779155442949,11
2024-09-18 12:30:07.830000,415.8764322495399,997
2024-09-18 12:30:07.899000,415.8760733779839,104
2024-09-18 12:30:07.933000,415.8588973265112,13
2024-09-18 12:30:07.952000,415.8743343526317,1002
2024-09-18 12:30:08.016000,415.8915485075348,11
2024-09-18 12:30:08.067000,415.8757492779869,1005
2024-09-18 12:30:08.080000,415.908803231923,999
2024-09-18 12:30:08.120000,415.87426135236166,9
2024-09-18 12:30:08.140000,415.87572060719583,101
2024-09-18 12:30:08.247000,415.8723882528931,11
2024-09-18 12:30:08.258000,415.86518522219353,996
2024-09-18 12:30:08.293000,415.9016204836162,1001
2024-09-18 12:30:08.301000,415.8887568892501,97
2024-09-18 12:30:08.311000,415.8990123702304,1002
2024-09-18 12:30:08.357000,415.8827737719504,1000
2024-09-18 12:30:08.439000,415.9109352766586,9
2024-09-18 12:30:08.501000,415.8653833422859,996
2024-09-18 12:30:08.570000,415.8926433248093,1003
2024-09-18 12:30:08.605000,415.8967592369352,8
2024-09-18 12:30:08.628000,415.8933114914692,998
2024-09-18 12:30:08.743000,415.89523907171423,14
2024-09-18 12:30:08.767000,415.9049309595432,103
2024-09-18 12:30:08.840000,415.90393691983127,10
2024-09-18 12:30:09.039000,415.846502016264,997
2024-09-18 12:30:09.074000,415.8709194896643,13
2024-09-18 12:30:09.078000,415.944523150504,996
2024-09-18 12:30:09.146000,415.958593484499,103
2024-09-18 12:30:09.200000,415.8893078445937,1004
2024-09-18 12:30:09.211000,415.91979231006326,101
2024-09-18 12:30:09.332000,415.9559693396429,996
2024-09-18 12:30:09.365000,415.92919869407245,102
2024-09-18 12:30:09.417000,415.8827004509865,100
2024-09-18 12:30:09.429000,415.8874783241242,11
2024-09-18 12:30:09.596000,415.9083748017031,105
2024-09-18 12:30:09.605000,415.9074038504721,105
2024-09-18 12:30:09.656000,415.85995620509016,10
2024-09-18 12:30:09.663000,415.892381226673,9
2024-09-18 12:30:09.724000,415.84573040673,14
2024-09-18 12:30:09.788000,415.9491426808323,995
2024-09-18 12:30:09.796000,415.89797443244055,1003
2024-09-18 12:30:09.817000,415.8628225262033,105
2024-09-18 12:30:09.828000,415.9082867058891,95
2024-09-18 12:30:09.837000,415.8995528690562,1002
2024-09-18 12:30:09.852000,415.90553670214274,995
2024-09-18 12:30:09.931000,415.9111142872573,101
2024-09-18 12:30:10.088000,415.8867952842472,1004
2024-09-18 12:30:10.147000,415.8909320605033,1002
2024-09-18 12:30:10.188000,415.909894092621,6
2024-09-18 12:30:10.249000,415.8844150801746,15
2024-09-18 12:30:10.275000,415.8922145763533,7
2024-09-18 12:30:10.398000,415.9035242518294,102
2024-09-18 12:30:10.400000,415.8933341602565,13
2024-09-18 12:30:10.423000,415.8838076333411,5
2024-09-18 12:30:10.447000,415.8662406627868,7
2024-09-18 12:30:10.520000,415.9068271251201,1000
2024-09-18 12:30:10.524000,415.8820074086168,996
2024-09-18 12:30:10.634000,415.8996097871078,95
2024-09-18 12:30:10.700000,415.87180397593016,104
2024-09-18 12:30:10.904000,415.89782076413786,96
2024-09-18 12:30:10.932000,415.8669587913535,996
2024-09-18 12:30:10.966000,415.8936683249137,102
2024-09-18 12:30:11.002000,415.8396115586172,999
2024-09-18 12:30:11.331000,415.84639784785713,1002
2024-09-18 12:30:11.363000,415.87027688245087,12
2024-09-18 12:30:11.390000,415.8498895917484,100
2024-09-18 12:30:11.391000,415.8381419239276,98
2024-09-18 12:30:11.508000,415.8428419180032,95
2024-09-18 12:30:11.516000,415.851322769229,7
2024-09-18 12:30:11.534000,415.8295261440824,1002
2024-09-18 12:30:11.570000,415.8744965314282,103
2024-09-18 12:30:11.638000,415.8119774802901,996
2024-09-18 12:30:11.642000,415.8646404700309,98
2024-09-18 12:30:11.662000,415.8598428158005,1003
2024-09-18 12:30:11.676000,415.852973919242,13
2024-09-18 12:30:11.732000,415.8792452878095,99
2024-09-18 12:30:11.738000,415.8497622922425,13
2024-09-18 12:30:11.771000,415.85099130749927,100
2024-09-18 12:30:11.783000,415.8453872684987,96
2024-09-18 12:30:11.783000,415.8408593871792,998
2024-09-18 12:30:11.790000,415.84874610966943,998
2024-09-18 12:30:11.815000,415.8660333177737,103
2024-09-18 12:30:11.977000,415.8057440184127,95
2024-09-18 12:30:12.026000,415.8440432726193,9
2024-09-18 12:30:12.070000,415.7815374929448,96
2024-09-18 12:30:12.080000,415.8353444572539,1004
2024-09-18 12:30:12.093000,415.83287974627376,103
2024-09-18 12:30:12.109000,415.751640875326,996
2024-09-18 12:30:12.119000,415.7367710464167,104
2024-09-18 12:30:12.290000,415.7940273773327,1002
2024-09-18 12:30:12.345000,415.8439690185414,98
2024-09-18 12:30:12.436000,415.8410632601716,9
2024-09-18 12:30:12.443000,415.83435303101584,995
2024-09-18 12:30:12.464000,415.8299727611121,1003
2024-09-18 12:30:12.504000,415.7358482039032,1003
2024-09-18 12:30:12.526000,415.75696962806967,96
2024-09-18 12:30:12.528000,415.7609939894895,12
2024-09-18 12:30:12.549000,415.8451456363638,97
2024-09-18 12:30:12.615000,415.74929649603007,11
2024-09-18 12:30:12.623000,415.7832362665772,998
2024-09-18 12:30:12.664000,415.847448031212,1003
2024-09-18 12:30:12.785000,415.7506214420257,104
2024-09-18 12:30:12.802000,415.8310240707119,995
2024-09-18 12:30:12.829000,415.74092162991457,7
2024-09-18 12:30:12.962000,415.821746246811,995
2024-09-18 12:30:12.998000,415.790099365572,104
2024-09-18 12:30:13.031000,415.6955581948139,105
2024-09-18 12:30:13.109000,415.71302413244894,101
2024-09-18 12:30:13.126000,415.72046654650006,1005
2024-09-18 12:30:13.236000,415.728410299688,1005
2024-09-18 12:30:13.240000,415.7422414536661,5
2024-09-18 12:30:13.260000,415.7050934897957,5
2024-09-18 12:30:13.286000,415.7111981275351,1002
2024-09-18 12:30:13.301000,415.7264644251579,1005
2024-09-18 12:30:13.404000,415.7433879710306,9
2024-09-18 12:30:13.487000,415.709768861515,95
2024-09-18 12:30:13.532000,415.7319575268125,100
2024-09-18 12:30:13.543000,415.7329708590866,7
2024-09-18 12:30:13.544000,415.7162984005356,1005
2024-09-18 12:30:13.553000,415.7536490755484,10
2024-09-18 12:30:13.722000,415.7361303354471,103
2024-09-18 12:30:13.732000,415.7152741854388,101
2024-09-18 12:30:13.736000,415.6769865372805,15
2024-09-18 12:30:13.753000,415.7160564271509,8
2024-09-18 12:30:13.760000,415.7394523466381,1002
2024-09-18 12:30:13.823000,415.6742784897253,103
2024-09-18 12:30:13.874000,415.7089126699662,5
2024-09-18 12:30:13.889000,415.7227830155889,105
2024-09-18 12:30:13.972000,415.7146963659324,97
2024-09-18 12:30:14.248000,415.6623377086327,101
2024-09-18 12:30:14.348000,415.6763323845867,100
2024-09-18 12:30:14.444000,415.6764525433604,96
2024-09-18 12:30:14.660000,415.6798926227453,15
2024-09-18 12:30:14.702000,415.6825930088223,98
2024-09-18 12:30:14.731000,415.6598973025304,5
2024-09-18 12:30:14.921000,415.67917279510647,997
2024-09-18 12:30:14.931000,415.6648694949612,97
2024-09-18 12:30:15.331000,415.6888893201675,13
2024-09-18 12:30:15.332000,415.6913394161825,12
2024-09-18 12:30:15.359000,415.6791503962416,10
2024-09-18 12:30:15.447000,415.70206487431255,95
2024-09-18 12:30:15.664000,415.69385896345005,10
2024-09-18 12:30:15.665000,415.67186689450506,996
2024-09-18 12:30:15.666000,415.7014795208013,98
2024-09-18 12:30:15.685000,415.71024532062336,95
2024-09-18 12:30:15.800000,415.6906959933019,13
2024-09-18 12:30:15.801000,415.6894102311019,97
2024-09-18 12:30:15.814000,415.672335449549,105
2024-09-18 12:30:16.122000,415.7503897450522,102
2024-09-18 12:30:16.165000,415.7476341243929,8
2024-09-18 12:30:16.172000,415.7388627632197,10
2024-09-18 12:30:16.192000,415.7250227834172,10
2024-09-18 12:30:16.211000,415.7669237967525,14
2024-09-18 12:30:16.267000,415.69629490415775,996
2024-09-18 12:30:16.270000,415.7385523946511,105
2024-09-18 12:30:16.309000,415.7389383360066,102
2024-09-18 12:30:16.331000,415.70389287139096,1000
2024-09-18 12:30:16.365000,415.7635316207749,996
2024-09-18 12:30:16.435000,415.7121372852295,100
2024-09-18 12:30:16.459000,415.6948416763194,1002
2024-09-18 12:30:16.460000,415.7457099834676,14
2024-09-18 12:30:16.479000,415.7551387201583,101
2024-09-18 12:30:16.535000,415.75085803981904,1000
2024-09-18 12:30:16.568000,415.7295148543073,1003
2024-09-18 12:30:16.695000,415.7210805007277,1001
2024-09-18 12:30:16.802000,415.7463370948849,9
2024-09-18 12:30:16.923000,415.76204294513553,98
2024-09-18 12:30:16.991000,415.74046017972034,105
2024-09-18 12:30:17.027000,415.7366379000055,98
2024-09-18 12:30:17.124000,415.7390796951018,12
2024-09-18 12:30:17.154000,415.71966129481376,98
2024-09-18 12:30:17.180000,415.7160851312141,10
2024-09-18 12:30:17.297000,415.7223905609792,14
2024-09-18 12:30:17.420000,415.70693020249865,103
2024-09-18 12:30:17.424000,415.71990938263417,13
2024-09-18 12:30:17.448000,415.7372202088478,996
2024-09-18 12:30:17.664000,415.7517580206393,105
2024-09-18 12:30:17.727000,415.72637352063214,100
2024-09-18 12:30:17.736000,415.73646506586897,998
2024-09-18 12:30:18.037000,415.7472003616763,1000
2024-09-18 12:30:18.216000,415.7556519543464,9
2024-09-18 12:30:18.300000,415.7574912739144,96
2024-09-18 12:30:18.907000,415.7458656099202,14
2024-09-18 12:30:19.028000,415.7078352834796,98
2024-09-18 12:30:19.069000,415.7493452403696,99
2024-09-18 12:30:19.099000,415.68206242317655,8
2024-09-18 12:30:19.114000,415.6928844879589,102
2024-09-18 12:30:19.276000,415.7059569592325,7
2024-09-18 12:30:19.290000,415.6878917508454,5
2024-09-18 12:30:19.297000,415.67416169151727,14
2024-09-18 12:30:19.303000,415.7283059026169,12
2024-09-18 12:30:19.307000,415.7325696171878,10
2024-09-18 12:30:19.358000,415.6735395952836,1001
2024-09-18 12:30:19.397000,415.75536329240975,97
2024-09-18 12:30:19.475000,415.6748341223703,12
2024-09-18 12:30:19.493000,415.7300620399784,100
2024-09-18 12:30:19.568000,415.7144968526917,1001
2024-09-18 12:30:19.600000,415.7070084863519,8
2024-09-18 12:30:19.604000,415.7518131880665,105
2024-09-18 12:30:19.620000,415.7618136927085,997
2024-09-18 12:30:19.625000,415.66953221870216,7
2024-09-18 12:30:19.683000,415.66926616382506,5
2024-09-18 12:30:19.824000,415.6695369142956,1005
2024-09-18 12:30:19.891000,415.7207228019562,102
2024-09-18 12:30:19.926000,415.6798632199776,1003
2024-09-18 12:30:19.930000,415.6998389986748,100
2024-09-18 12:30:19.944000,415.7212909908994,1000
2024-09-18 12:30:19.981000,415.7301148772553,13
2024-09-18 12:30:19.982000,415.73759234859097,102
2024-09-18 12:30:19.996000,415.6957476664254,1005
2024-09-18 12:30:20.034000,415.7237747848396,1003
2024-09-18 12:30:20.092000,415.7041804105608,8
2024-09-18 12:30:20.113000,415.71743025617377,14
2024-09-18 12:30:20.125000,415.7242177567408,999
2024-09-18 12:30:20.128000,415.6855911222066,9
2024-09-18 12:30:20.140000,415.6616126853632,9
2024-09-18 12:30:20.150000,415.709792762211,100
2024-09-18 12:30:20.190000,415.6806925393036,5
2024-09-18 12:30:20.299000,415.6549447793472,13
2024-09-18 12:30:20.321000,415.6840530740157,13
2024-09-18 12:30:20.359000,415.66077365371376,98
2024-09-18 12:30:20.380000,415.6834113487448,98
2024-09-18 12:30:20.400000,415.7086282992183,105
2024-09-18 12:30:20.478000,415.730975003442,103
2024-09-18 12:30:20.492000,415.7250945052376,98
2024-09-18 12:30:20.568000,415.7149377614575,14
2024-09-18 12:30:20.581000,415.6711285362903,1001
2024-09-18 12:30:20.581000,415.6791584225029,101
2024-09-18 12:30:20.608000,415.6714907940064,14
2024-09-18 12:30:20.626000,415.662227607192,9
2024-09-18 12:30:20.636000,415.73416289782057,1000
2024-09-18 12:30:20.670000,415.6793920076527,1003
2024-09-18 12:30:20.806000,415.7002902967608,999
2024-09-18 12:30:20.868000,415.70303608139193,1003
2024-09-18 12:30:20.921000,415.6687810391417,95
2024-09-18 12:30:20.949000,415.7180017154514,95
2024-09-18 12:30:21.134000,415.699140416435,1003
2024-09-18 12:30:21.157000,415.6892859121925,1002
2024-09-18 12:30:21.205000,415.7082521085038,14
2024-09-18 12:30:21.289000,415.72646114564793,7
2024-09-18 12:30:21.452000,415.7132376656688,95
2024-09-18 12:30:21.509000,415.7268596711465,100
2024-09-18 12:30:21.513000,415.6962672780221,96
2024-09-18 12:30:21.580000,415.7059423696998,997
2024-09-18 12:30:21.613000,415.6933786375997,13
2024-09-18 12:30:21.697000,415.6968643007938,1002
2024-09-18 12:30:21.699000,415.70103872122496,12
2024-09-18 12:30:21.725000,415.68083392285473,14
2024-09-18 12:30:21.961000,415.6932510034296,99
2024-09-18 12:30:22.001000,415.72255705863074,12
2024-09-18 12:30:22.013000,415.6905449179467,9
2024-09-18 12:30:22.018000,415.7159869016259,10
2024-09-18 12:30:22.110000,415.68943831314215,101
2024-09-18 12:30:22.145000,415.7113509641413,1003
2024-09-18 12:30:22.149000,415.67087674804645,999
2024-09-18 12:30:22.153000,415.69960307397633,11
2024-09-18 12:30:22.164000,415.7087776240583,95
2024-09-18 12:30:22.174000,415.6937688077256,11
2024-09-18 12:30:22.274000,415.7245948324016,96
2024-09-18 12:30:22.402000,415.6934395887823,95
2024-09-18 12:30:22.417000,415.6767098593044,95
2024-09-18 12:30:22.466000,415.7276821378956,1003
2024-09-18 12:30:22.506000,415.722316935183,997
2024-09-18 12:30:22.558000,415.70446594067,6
2024-09-18 12:30:22.573000,415.6952392627295,102
2024-09-18 12:30:22.579000,415.7409077598735,96
2024-09-18 12:30:22.593000,415.69610078067257,98
2024-09-18 12:30:22.610000,415.70430657518864,96
2024-09-18 12:30:22.616000,415.72197046847145,995
2024-09-18 12:30:22.673000,415.707008633445,100
2024-09-18 12:30:22.701000,415.6943394262645,13
2024-09-18 12:30:22.791000,415.7177042551098,1002
2024-09-18 12:30:22.800000,415.7034748354816,102
2024-09-18 12:30:22.805000,415.7121562840285,1003
2024-09-18 12:30:22.852000,415.71525603747455,101
2024-09-18 12:30:22.929000,415.6891445649012,104
2024-09-18 12:30:22.983000,415.7026680714964,105
2024-09-18 12:30:22.987000,415.7058602164559,1004
2024-09-18 12:30:23.442000,415.7074910311104,1002
2024-09-18 12:30:23.649000,415.7193797702423,1001
2024-09-18 12:30:23.688000,415.7359926429363,999
2024-09-18 12:30:23.688000,415.7431077319599,1000
2024-09-18 12:30:23.810000,415.7433427137623,95
2024-09-18 12:30:23.913000,415.7044751734711,5
2024-09-18 12:30:24.083000,415.7678938922023,995
2024-09-18 12:30:24.130000,415.7529945112257,102
2024-09-18 12:30:24.220000,415.7626593626194,998
2024-09-18 12:30:24.235000,415.761107079126,996
2024-09-18 12:30:24.241000,415.7514158076032,95
2024-09-18 12:30:24.317000,415.7570096711548,13
2024-09-18 12:30:24.322000,415.7872419398289,105
2024-09-18 12:30:24.366000,415.75038607613226,1003
2024-09-18 12:30:24.372000,415.74032633450514,1004
2024-09-18 12:30:24.377000,415.763701429788,9
2024-09-18 12:30:24.437000,415.7453387506611,10
2024-09-18 12:30:24.438000,415.7725945378942,9
2024-09-18 12:30:24.438000,415.7619104419126,97
2024-09-18 12:30:24.449000,415.7833017813247,100
2024-09-18 12:30:24.517000,415.7712278317272,105
2024-09-18 12:30:24.523000,415.744030460712,100
2024-09-18 12:30:24.549000,415.7830092678296,97
2024-09-18 12:30:24.606000,415.7815140918046,1001
2024-09-18 12:30:24.762000,415.7536779827215,14
2024-09-18 12:30:24.864000,415.74454340489456,9
2024-09-18 12:30:24.902000,415.7388154779762,13
2024-09-18 12:30:24.940000,415.76219291695,998
2024-09-18 12:30:25.280000,415.7600911001641,100
2024-09-18 12:30:25.325000,415.7744947638683,996
2024-09-18 12:30:25.653000,415.7497867355557,995
2024-09-18 12:30:25.772000,415.7656700566808,101
2024-09-18 12:30:26.191000,415.761810517277,1001
2024-09-18 12:30:26.257000,415.7479714715666,5
2024-09-18 12:30:26.409000,415.7453313903347,1005
2024-09-18 12:30:26.428000,415.7435904325523,998
2024-09-18 12:30:26.493000,415.7418461612834,13
2024-09-18 12:30:26.622000,415.75073623579,97
2024-09-18 12:30:26.752000,415.781785517033,98
2024-09-18 12:30:26.842000,415.7643656080168,14
2024-09-18 12:30:26.899000,415.7509062975196,996
2024-09-18 12:30:26.958000,415.7528058968278,1005
2024-09-18 12:30:26.970000,415.7710689834135,96
2024-09-18 12:30:27.713000,415.7486920556681,14
2024-09-18 12:30:27.965000,415.73510482540064,1005
2024-09-18 12:30:28.232000,415.7340211189317,12
2024-09-18 12:30:28.535000,415.7399926421435,1004
2024-09-18 12:30:28.622000,415.7179727059898,5
2024-09-18 12:30:28.710000,415.7291340403296,995
2024-09-18 12:30:28.720000,415.7275916152837,15
2024-09-18 12:30:28.732000,415.7349468807928,8
2024-09-18 12:30:28.928000,415.7224470138216,999
2024-09-18 12:30:28.984000,415.7058615227879,99
2024-09-18 12:30:29.001000,415.70167232730967,98
2024-09-18 12:30:29.049000,415.68877269582015,1000
2024-09-18 12:30:29.106000,415.6681131523023,999
2024-09-18 12:30:29.106000,415.6955529182935,996
2024-09-18 12:30:29.169000,415.6670145918065,1001
2024-09-18 12:30:29.173000,415.6975202125924,12
2024-09-18 12:30:29.187000,415.6782409216556,15
2024-09-18 12:30:29.266000,415.6706054778329,97
2024-09-18 12:30:29.268000,415.7142808928831,1005
2024-09-18 12:30:29.300000,415.7399209273723,1005
2024-09-18 12:30:29.301000,415.7135030127797,102
2024-09-18 12:30:29.325000,415.6781028079774,95
2024-09-18 12:30:29.386000,415.6956874580624,1003
2024-09-18 12:30:29.411000,415.6548037837616,13
2024-09-18 12:30:29.471000,415.6410595550917,99
2024-09-18 12:30:29.503000,415.6579477327533,7
2024-09-18 12:30:29.620000,415.6960870511374,102
2024-09-18 12:30:29.631000,415.7388162529087,999
2024-09-18 12:30:29.691000,415.6596569430197,96
2024-09-18 12:30:29.698000,415.7354271206046,999
2024-09-18 12:30:29.821000,415.7037153543594,102
2024-09-18 12:30:29.821000,415.6946869762952,13
2024-09-18 12:30:29.835000,415.6776741356367,12
2024-09-18 12:30:29.835000,415.6595291275514,5
2024-09-18 12:30:29.843000,415.6816771457662,9
2024-09-18 12:30:29.861000,415.6622351443666,13
2024-09-18 12:30:29.899000,415.6721643580463,998
2024-09-18 12:30:29.982000,415.6676589910093,1001
2024-09-18 12:30:29.999000,415.7294798449191,1000
2024-09-18 12:30:30.094000,415.7210978266951,99
2024-09-18 12:30:30.284000,415.7026347364309,12
2024-09-18 12:30:30.536000,415.71439497413934,104
2024-09-18 12:30:30.586000,415.7213242283322,99
2024-09-18 12:30:30.601000,415.7016005115411,10
2024-09-18 12:30:30.741000,415.7223476742611,97
2024-09-18 12:30:30.775000,415.7192696899991,1002
2024-09-18 12:30:30.871000,415.734848421642,11
2024-09-18 12:30:30.919000,415.72091491071046,1001
2024-09-18 12:30:31.002000,415.7923573541641,996
2024-09-18 12:30:31.018000,415.81976672849294,5
2024-09-18 12:30:31.034000,415.8262414392548,9
2024-09-18 12:30:31.093000,415.8223789313438,14
2024-09-18 12:30:31.205000,415.7185768388732,104
2024-09-18 12:30:31.305000,415.7909909542329,11
2024-09-18 12:30:31.339000,415.7793817299393,999
2024-09-18 12:30:31.344000,415.7936732059363,998
2024-09-18 12:30:31.369000,415.7350827773431,998
2024-09-18 12:30:31.448000,415.8142308723381,997
2024-09-18 12:30:31.452000,415.8129354424386,95
2024-09-18 12:30:31.524000,415.8131451296855,100
2024-09-18 12:30:31.528000,415.714305428142,10
2024-09-18 12:30:31.535000,415.7959114948698,1002
2024-09-18 12:30:31.578000,415.8059817497881,96
2024-09-18 12:30:31.654000,415.77890974684425,14
2024-09-18 12:30:31.684000,415.733614335615,1001
2024-09-18 12:30:31.726000,415.8071663721184,1003
2024-09-18 12:30:31.756000,415.8128515650974,10
2024-09-18 12:30:31.781000,415.78786033593445,15
2024-09-18 12:30:31.802000,415.79932393302727,996
2024-09-18 12:30:31.896000,415.78043238700417,11
2024-09-18 12:30:31.954000,415.770447988283,10
2024-09-18 12:30:31.954000,415.727497038805,1005
2024-09-18 12:30:31.965000,415.8083101122393,102
2024-09-18 12:30:31.998000,415.79057383778223,13
2024-09-18 12:30:33.008000,415.82709718369193,105
2024-09-18 12:30:33.047000,415.8430344165175,7
2024-09-18 12:30:33.285000,415.8272065489033,9
2024-09-18 12:30:33.339000,415.8455125053742,9
2024-09-18 12:30:33.409000,415.8243982090293,100
2024-09-18 12:30:33.453000,415.8448890574609,102
2024-09-18 12:30:33.543000,415.8213901491565,15
2024-09-18 12:30:33.658000,415.8595750817297,7
2024-09-18 12:30:33.701000,415.8445396216617,12
2024-09-18 12:30:33.737000,415.85374333309727,998
2024-09-18 12:30:33.796000,415.852655067644,1003
2024-09-18 12:30:33.870000,415.8397702322519,96
2024-09-18 12:30:35.040000,415.8209176216859,15
2024-09-18 12:30:35.129000,415.8378494466655,1005
2024-09-18 12:30:35.223000,415.8212989607964,996
2024-09-18 12:30:35.268000,415.84966433536266,105
2024-09-18 12:30:35.481000,415.8382790870473,14
2024-09-18 12:30:35.645000,415.82982989168585,995
2024-09-18 12:30:35.783000,415.8167155595868,97
2024-09-18 12:30:35.819000,415.8372766012363,96
2024-09-18 12:30:35.984000,415.8148041294198,100
2024-09-18 12:30:36.100000,415.7146336997113,98
2024-09-18 12:30:36.113000,415.7835876638662,13
2024-09-18 12:30:36.142000,415.7409894453072,1002
2024-09-18 12:30:36.166000,415.7442599090969,1003
2024-09-18 12:30:36.168000,415.8191812237314,7
2024-09-18 12:30:36.213000,415.7713815085108,1004
2024-09-18 12:30:36.238000,415.7464446018327,11
2024-09-18 12:30:36.250000,415.7527907717136,14
2024-09-18 12:30:36.283000,415.7357992658159,1004
2024-09-18 12:30:36.323000,415.81602476927566,1002
2024-09-18 12:30:36.335000,415.77985006141023,96
2024-09-18 12:30:36.365000,415.8410579252324,6
2024-09-18 12:30:36.380000,415.7674341989759,96
2024-09-18 12:30:36.478000,415.7506461119247,100
2024-09-18 12:30:36.562000,415.78480432495127,7
2024-09-18 12:30:36.670000,415.7695730694263,15
2024-09-18 12:30:36.678000,415.7923508810063,1004
2024-09-18 12:30:36.761000,415.7761495934702,101
2024-09-18 12:30:36.771000,415.85725030021706,1004
2024-09-18 12:30:36.858000,415.8499116887844,14
2024-09-18 12:30:36.899000,415.74775956335566,104
2024-09-18 12:30:36.903000,415.7185036850796,8
2024-09-18 12:30:36.906000,415.7251022911101,995
2024-09-18 12:30:36.921000,415.78261125507873,1001
2024-09-18 12:30:36.936000,415.8544916716704,999
2024-09-18 12:30:36.948000,415.8170807497796,1002
2024-09-18 12:30:36.968000,415.81696131630446,97
2024-09-18 12:30:36.976000,415.749274882111,996
2024-09-18 12:30:37.077000,415.70247563811904,1001
2024-09-18 12:30:37.222000,415.7216698363168,1004
2024-09-18 12:30:37.327000,415.697784939276,995
2024-09-18 12:30:37.445000,415.6811665277907,1000
2024-09-18 12:30:37.463000,415.6923970509525,995
2024-09-18 12:30:37.681000,415.708899816227,99
2024-09-18 12:30:37.920000,415.6855671149596,14
2024-09-18 12:30:37.925000,415.7019754907092,5
2024-09-18 12:30:37.945000,415.7044876200864,996
2024-09-18 12:30:37.984000,415.69300802650207,13
2024-09-18 12:30:38.005000,415.7071965677214,101
2024-09-18 12:30:38.032000,415.7214429071815,97
2024-09-18 12:30:38.085000,415.7087335733308,10
2024-09-18 12:30:38.143000,415.7152681633923,13
2024-09-18 12:30:38.151000,415.694923998367,1003
2024-09-18 12:30:38.187000,415.7334808881728,9
2024-09-18 12:30:38.253000,415.69675507376826,98
2024-09-18 12:30:38.316000,415.7009013756512,13
2024-09-18 12:30:38.318000,415.7317091928189,101
2024-09-18 12:30:38.337000,415.7034900942413,1000
2024-09-18 12:30:38.538000,415.7051847053802,100
2024-09-18 12:30:38.569000,415.6954109243841,995
2024-09-18 12:30:38.595000,415.71963977093634,10
2024-09-18 12:30:38.614000,415.745888590584,15
2024-09-18 12:30:38.622000,415.702500340552,99
2024-09-18 12:30:38.625000,415.7421422675497,104
2024-09-18 12:30:38.639000,415.72805971461423,7
2024-09-18 12:30:38.665000,415.6766439571149,11
2024-09-18 12:30:38.702000,415.72660994198174,999
2024-09-18 12:30:38.705000,415.7086949825076,15
2024-09-18 12:30:38.772000,415.70580301046886,8
2024-09-18 12:30:38.797000,415.7157477160328,998
2024-09-18 12:30:38.805000,415.7208235747836,1003
2024-09-18 12:30:38.845000,415.6964540152328,1002
2024-09-18 12:30:38.991000,415.67855413887605,11
2024-09-18 12:30:38.997000,415.7326301492218,97
2024-09-18 12:30:39.022000,415.73757013376496,6
2024-09-18 12:30:39.222000,415.7238706234267,10
2024-09-18 12:30:39.230000,415.6653739040567,8
2024-09-18 12:30:39.274000,415.673610049584,10
2024-09-18 12:30:39.275000,415.6907037724746,13
2024-09-18 12:30:39.289000,415.6248617151054,8
2024-09-18 12:30:39.312000,415.7103212443524,8
2024-09-18 12:30:39.382000,415.7307545583175,10
2024-09-18 12:30:39.445000,415.7212129941574,97
2024-09-18 12:30:39.468000,415.7555832040719,102
2024-09-18 12:30:39.489000,415.683839947845,102
2024-09-18 12:30:39.541000,415.6341051292371,7
2024-09-18 12:30:39.593000,415.68339126233855,102
2024-09-18 12:30:39.643000,415.7010160891245,96
2024-09-18 12:30:39.643000,415.668470943943,95
2024-09-18 12:30:39.800000,415.6855966173681,999
2024-09-18 12:30:39.880000,415.7255952854909,998
2024-09-18 12:30:39.889000,415.731845643527,998
2024-09-18 12:30:39.930000,415.6918177191602,96
2024-09-18 12:30:40.670000,415.63574297911794,1005
2024-09-18 12:30:41.061000,415.6672195947378,1000
2024-09-18 12:30:41.170000,415.6605536310255,15
2024-09-18 12:30:41.214000,415.6408639799465,1000
2024-09-18 12:30:41.246000,415.6685957894262,1004
2024-09-18 12:30:41.267000,415.6553156952012,105
2024-09-18 12:30:41.277000,415.6579877405568,99
2024-09-18 12:30:41.320000,415.6509603942933,104
2024-09-18 12:30:41.372000,415.6626247657227,99
2024-09-18 12:30:41.443000,415.64118576951824,1000
2024-09-18 12:30:41.485000,415.6390202783217,1005
2024-09-18 12:30:41.494000,415.65717796988537,95
2024-09-18 12:30:41.552000,415.648621954046,1000
2024-09-18 12:30:41.588000,415.62350484987337,15
2024-09-18 12:30:41.657000,415.643343446152,1002
2024-09-18 12:30:41.686000,415.6574104274524,97
2024-09-18 12:30:41.718000,415.65702629691486,999
2024-09-18 12:30:41.720000,415.6514599072513,995
2024-09-18 12:30:41.840000,415.66307141536544,99
2024-09-18 12:30:41.842000,415.6442673520526,7
2024-09-18 12:30:41.932000,415.6577628566553,6
2024-09-18 12:30:41.983000,415.66001945017297,98
2024-09-18 12:30:42.244000,415.6740415824561,96
2024-09-18 12:30:43.024000,415.6695548043471,15
2024-09-18 12:30:43.038000,415.6760903789886,9
2024-09-18 12:30:43.096000,415.6763565658586,999
2024-09-18 12:30:43.112000,415.6965989568936,1004
2024-09-18 12:30:43.171000,415.6830934789324,102
2024-09-18 12:30:43.276000,415.6801738434798,995
2024-09-18 12:30:43.336000,415.64011660388536,999
2024-09-18 12:30:43.341000,415.6774414156992,14
2024-09-18 12:30:43.394000,415.6786727657292,99
2024-09-18 12:30:43.405000,415.69010392849873,1003
2024-09-18 12:30:43.427000,415.6798240570001,96
2024-09-18 12:30:43.440000,415.67324653591726,104
2024-09-18 12:30:43.484000,415.6814600126687,15
2024-09-18 12:30:43.577000,415.6796532251588,8
2024-09-18 12:30:43.597000,415.6764830352289,995
2024-09-18 12:30:43.652000,415.6804533397621,1001
2024-09-18 12:30:43.656000,415.6634685642459,7
2024-09-18 12:30:43.656000,415.68393614066775,97
2024-09-18 12:30:43.749000,415.6769274231317,1002
2024-09-18 12:30:43.757000,415.6701209932284,105
2024-09-18 12:30:43.763000,415.69921945852747,998
2024-09-18 12:30:43.866000,415.6857369310756,101
2024-09-18 12:30:43.921000,415.6810170164753,11
2024-09-18 12:30:43.937000,415.6859033601562,7
2024-09-18 12:30:43.954000,415.6668536336418,999
2024-09-18 12:30:43.967000,415.6863749370589,95
2024-09-18 12:30:43.990000,415.6825528054089,996
2024-09-18 12:30:44.059000,415.73484345000537,95
2024-09-18 12:30:44.131000,415.6781233692092,103
2024-09-18 12:30:44.271000,415.6815414529015,7
2024-09-18 12:30:44.298000,415.74932687348416,103
2024-09-18 12:30:44.421000,415.6708185026629,997
2024-09-18 12:30:44.433000,415.66294665482985,997
2024-09-18 12:30:44.444000,415.7367585399627,12
2024-09-18 12:30:44.457000,415.738095707192,96
2024-09-18 12:30:44.493000,415.7683752093338,103
2024-09-18 12:30:44.547000,415.7239759487084,104
2024-09-18 12:30:44.584000,415.6982308752884,103
2024-09-18 12:30:44.605000,415.7412204275976,8
2024-09-18 12:30:44.608000,415.75119527689367,96
2024-09-18 12:30:44.638000,415.7388987106939,103
2024-09-18 12:30:44.703000,415.7301677410726,100
2024-09-18 12:30:44.808000,415.71225564379,15
2024-09-18 12:30:44.828000,415.74535101549577,999
2024-09-18 12:30:44.871000,415.75570318331575,105
2024-09-18 12:30:44.871000,415.6698885298823,100
2024-09-18 12:30:44.889000,415.69617775477775,996
2024-09-18 12:30:44.935000,415.7123685039125,999
2024-09-18 12:30:44.990000,415.6606714247556,995
2024-09-18 12:30:45.017000,415.8576651328193,96
2024-09-18 12:30:45.035000,415.882549012878,999
2024-09-18 12:30:45.098000,415.8335036397431,996
2024-09-18 12:30:45.168000,415.7896479602753,99
2024-09-18 12:30:45.172000,415.8152182622702,5
2024-09-18 12:30:45.220000,415.8540091034646,1001
2024-09-18 12:30:45.296000,415.85305731485454,1000
2024-09-18 12:30:45.326000,415.8616445441696,995
2024-09-18 12:30:45.343000,415.8401652707456,8
2024-09-18 12:30:45.390000,415.877185688258,997
2024-09-18 12:30:45.444000,415.7634459093005,98
2024-09-18 12:30:45.518000,415.8684678557243,101
2024-09-18 12:30:45.611000,415.8405586460753,1001
2024-09-18 12:30:45.677000,415.8575606823744,96
2024-09-18 12:30:45.680000,415.8490277614047,96
2024-09-18 12:30:45.719000,415.82000376711113,95
2024-09-18 12:30:45.733000,415.8218748973749,97
2024-09-18 12:30:45.802000,415.8349462892195,999
2024-09-18 12:30:45.804000,415.7768836082527,998
2024-09-18 12:30:45.811000,415.7815428864293,1003
2024-09-18 12:30:45.903000,415.83386548389785,96
2024-09-18 12:30:45.923000,415.87019476705535,95
2024-09-18 12:30:45.999000,415.8543440437721,101
2024-09-18 12:30:46.009000,415.8404612972812,102
2024-09-18 12:30:46.042000,415.8093695273429,101
2024-09-18 12:30:46.051000,415.8331763611135,7
2024-09-18 12:30:46.139000,415.8077015148044,999
2024-09-18 12:30:46.196000,415.8387244672755,8
2024-09-18 12:30:46.263000,415.809756126485,14
2024-09-18 12:30:46.270000,415.8749892934717,8
2024-09-18 12:30:46.277000,415.83875489343126,100
2024-09-18 12:30:46.381000,415.8521235607389,999
2024-09-18 12:30:46.387000,415.8490481030753,96
2024-09-18 12:30:46.389000,415.8386771243429,5
2024-09-18 12:30:46.413000,415.83170160030943,97
2024-09-18 12:30:46.447000,415.8415318746666,14
2024-09-18 12:30:46.468000,415.8781728720794,1004
2024-09-18 12:30:46.469000,415.8349972038647,96
2024-09-18 12:30:46.630000,415.80662783361805,1005
2024-09-18 12:30:46.651000,415.81690602005546,1004
2024-09-18 12:30:46.666000,415.8138225923724,996
2024-09-18 12:30:46.681000,415.8135492753977,100
2024-09-18 12:30:46.741000,415.8142926883248,5
2024-09-18 12:30:46.748000,415.8263812274338,101
2024-09-18 12:30:46.762000,415.82644615975016,1001
2024-09-18 12:30:46.776000,415.79901298315485,105
2024-09-18 12:30:46.800000,415.8494967066448,5
2024-09-18 12:30:46.839000,415.82486698051065,998
2024-09-18 12:30:46.965000,415.8578180344833,8
2024-09-18 12:30:47.019000,415.82202396140383,12
2024-09-18 12:30:47.025000,415.81115269304416,15
2024-09-18 12:30:47.025000,415.7978270377912,8
2024-09-18 12:30:47.114000,415.8227117785218,15
2024-09-18 12:30:47.226000,415.80444414245335,10
2024-09-18 12:30:47.312000,415.82526155806585,7
2024-09-18 12:30:47.728000,415.80073707200177,997
2024-09-18 12:30:47.843000,415.8113563708807,1004
2024-09-18 12:30:47.847000,415.81200310353074,98
2024-09-18 12:30:48.024000,415.7847264305207,99
2024-09-18 12:30:48.132000,415.7839927678158,1004
2024-09-18 12:30:48.142000,415.8017865902278,7
2024-09-18 12:30:48.475000,415.7959399795692,999
2024-09-18 12:30:48.613000,415.7902039291567,100
2024-09-18 12:30:48.617000,415.8086692205754,997
2024-09-18 12:30:48.862000,415.78592038261104,8
2024-09-18 12:30:49.037000,415.8026659291664,1000
2024-09-18 12:30:49.164000,415.8021188597341,100
2024-09-18 12:30:50.032000,415.7629784421972,995
2024-09-18 12:30:50.127000,415.8106186839341,95
2024-09-18 12:30:50.214000,415.78579440629466,1001
2024-09-18 12:30:50.444000,415.7569081974943,997
2024-09-18 12:30:50.462000,415.8245807380836,10
2024-09-18 12:30:50.497000,415.82039902192366,15
2024-09-18 12:30:50.736000,415.805816141208,1004
2024-09-18 12:30:51.090000,415.7677939233416,99
2024-09-18 12:30:51.135000,415.7430682031903,999
2024-09-18 12:30:51.149000,415.7052149986864,15
2024-09-18 12:30:51.206000,415.7451597415513,12
2024-09-18 12:30:51.215000,415.7379639626418,1001
2024-09-18 12:30:51.235000,415.74582008746125,996
2024-09-18 12:30:51.281000,415.72290741611965,1004
2024-09-18 12:30:51.300000,415.72915187162806,9
2024-09-18 12:30:51.329000,415.725759690533,98
2024-09-18 12:30:51.340000,415.7586186206507,104
2024-09-18 12:30:51.346000,415.7151356824147,98
2024-09-18 12:30:51.452000,415.7558145777356,5
2024-09-18 12:30:51.474000,415.7220006008969,1003
2024-09-18 12:30:51.597000,415.7261054451039,13
2024-09-18 12:30:51.606000,415.70922167741605,13
2024-09-18 12:30:51.648000,415.74292295834266,1002
2024-09-18 12:30:51.652000,415.7193978215916,1003
2024-09-18 12:30:51.659000,415.73067501207566,11
2024-09-18 12:30:51.740000,415.714146911034,98
2024-09-18 12:30:51.750000,415.7461951306451,7
2024-09-18 12:30:51.863000,415.71768393692895,10
2024-09-18 12:30:51.881000,415.732846976564,14
2024-09-18 12:30:51.953000,415.75338473491377,7
2024-09-18 12:30:51.955000,415.7431254347732,996
2024-09-18 12:30:52.205000,415.7619523655871,100
2024-09-18 12:30:52.209000,415.7396612093698,999
2024-09-18 12:30:52.273000,415.7819247132654,9
2024-09-18 12:30:52.298000,415.77871955314765,999
2024-09-18 12:30:52.344000,415.7407593472522,104
2024-09-18 12:30:52.357000,415.7702201663921,98
2024-09-18 12:30:52.451000,415.7527272497325,12
2024-09-18 12:30:52.481000,415.7684738045232,1002
2024-09-18 12:30:52.544000,415.7542491944095,15
2024-09-18 12:30:52.548000,415.7595706749403,99
2024-09-18 12:30:52.770000,415.78878527874497,999
2024-09-18 12:30:52.854000,415.7762086532429,997
2024-09-18 12:30:52.867000,415.78049310105166,95
2024-09-18 12:30:53.028000,415.6745483936464,14
2024-09-18 12:30:53.109000,415.6646104390662,100
2024-09-18 12:30:53.215000,415.7379646633994,105
2024-09-18 12:30:53.239000,415.5922702593697,10
2024-09-18 12:30:53.262000,415.70204553745,102
2024-09-18 12:30:53.305000,415.6001029495313,105
2024-09-18 12:30:53.311000,415.6158100473901,95
2024-09-18 12:30:53.375000,415.5951773563102,96
2024-09-18 12:30:53.394000,415.6776242989981,999
2024-09-18 12:30:53.487000,415.6996421309999,95
2024-09-18 12:30:53.543000,415.5999471431484,14
2024-09-18 12:30:53.580000,415.7092894321354,1005
2024-09-18 12:30:53.581000,415.5783746031812,15
2024-09-18 12:30:53.583000,415.61254384065455,15
2024-09-18 12:30:53.643000,415.6201486594367,999
2024-09-18 12:30:53.660000,415.5842697376776,97
2024-09-18 12:30:53.730000,415.64614794245216,97
2024-09-18 12:30:53.759000,415.6106034573057,995
2024-09-18 12:30:53.771000,415.7238208098256,101
2024-09-18 12:30:53.804000,415.6688035104255,101
2024-09-18 12:30:53.904000,415.63259623755584,101
2024-09-18 12:30:53.952000,415.6786536605754,5
2024-09-18 12:30:53.961000,415.6138280069376,1001
2024-09-18 12:30:54.291000,415.5845146346006,97
2024-09-18 12:30:54.317000,415.5950543231488,104
2024-09-18 12:30:54.343000,415.5937013899247,995
2024-09-18 12:30:54.354000,415.58900280130143,8
2024-09-18 12:30:54.357000,415.6357389590107,9
2024-09-18 12:30:54.497000,415.6075715871142,95
2024-09-18 12:30:54.500000,415.6311864878991,1004
2024-09-18 12:30:54.634000,415.62577274589455,96
2024-09-18 12:30:54.710000,415.598866350539,7
2024-09-18 12:30:54.735000,415.58576788693193,1002
2024-09-18 12:30:54.758000,415.5967248672108,5
2024-09-18 12:30:54.768000,415.6182251756501,104
2024-09-18 12:30:54.894000,415.61906608948925,1003
2024-09-18 12:30:54.897000,415.5974493009461,10
2024-09-18 12:30:54.973000,415.5651813914869,10
2024-09-18 12:30:55.026000,415.70782098381886,1000
2024-09-18 12:30:55.103000,415.6959866912784,96
2024-09-18 12:30:55.255000,415.6937184071597,6
2024-09-18 12:30:55.326000,415.68365553747066,999
2024-09-18 12:30:55.389000,415.65954481128654,12
2024-09-18 12:30:55.536000,415.6696513734182,1000
2024-09-18 12:30:55.561000,415.65123789416606,13
2024-09-18 12:30:55.692000,415.7054624593199,995
2024-09-18 12:30:55.748000,415.6795174117001,1004
2024-09-18 12:30:56.001000,415.64819305939136,997
2024-09-18 12:30:56.304000,415.6572813719004,11
2024-09-18 12:30:56.322000,415.6860632899799,100
2024-09-18 12:30:56.384000,415.67007848872817,103
2024-09-18 12:30:56.652000,415.64638350473206,102
2024-09-18 12:30:57.103000,415.6478859508593,99
2024-09-18 12:30:57.153000,415.6393021566309,1004
2024-09-18 12:30:57.194000,415.6458667842069,96
2024-09-18 12:30:57.252000,415.6537508987429,13
2024-09-18 12:30:57.289000,415.6598524303084,996
2024-09-18 12:30:57.296000,415.6659058651525,102
2024-09-18 12:30:57.374000,415.66798037019976,1001
2024-09-18 12:30:57.418000,415.6505870311557,1003
2024-09-18 12:30:57.418000,415.6673863288463,102
2024-09-18 12:30:57.435000,415.6640741226691,997
2024-09-18 12:30:57.607000,415.6536701043415,11
2024-09-18 12:30:57.645000,415.62760421180985,102
2024-09-18 12:30:57.838000,415.6385419821637,1005
2024-09-18 12:30:57.869000,415.659645941401,105
2024-09-18 12:30:57.879000,415.6681232554303,998
2024-09-18 12:30:57.915000,415.6664858106796,101
2024-09-18 12:30:57.992000,415.65149746859146,100
2024-09-18 12:30:58.004000,415.7400783886262,1000
2024-09-18 12:30:58.006000,415.7184565284249,10
2024-09-18 12:30:58.015000,415.71873378602857,5
2024-09-18 12:30:58.026000,415.7196581553587,999
2024-09-18 12:30:58.092000,415.6754221581183,7
2024-09-18 12:30:58.124000,415.7170141697429,997
2024-09-18 12:30:58.153000,415.7356392227308,9
2024-09-18 12:30:58.168000,415.7109309163572,997
2024-09-18 12:30:58.204000,415.72101653940535,997
2024-09-18 12:30:58.219000,415.7116843542277,12
2024-09-18 12:30:58.302000,415.7083005475114,105
2024-09-18 12:30:58.324000,415.71160320565656,95
2024-09-18 12:30:58.397000,415.7167442703614,96
2024-09-18 12:30:58.432000,415.7135875705568,9
2024-09-18 12:30:58.491000,415.6935276335663,6
2024-09-18 12:30:58.521000,415.739486322072,1002
2024-09-18 12:30:58.615000,415.6921257167057,998
2024-09-18 12:30:58.626000,415.6957306147124,9
2024-09-18 12:30:58.789000,415.71166365262303,1005
2024-09-18 12:30:58.797000,415.6909764693043,995
2024-09-18 12:30:58.877000,415.6986611671253,97
2024-09-18 12:30:58.922000,415.7020822466732,997
2024-09-18 12:30:58.963000,415.7114415730794,6
2024-09-18 12:30:59.005000,415.691920064647,1003
2024-09-18 12:30:59.036000,415.6752755823581,999
2024-09-18 12:30:59.100000,415.6929030564563,11
2024-09-18 12:30:59.238000,415.6900326253455,995
2024-09-18 12:30:59.265000,415.70965216270326,5
2024-09-18 12:30:59.315000,415.6840194787546,15
2024-09-18 12:30:59.358000,415.7038187666402,15
2024-09-18 12:30:59.385000,415.6818070246767,5
2024-09-18 12:30:59.394000,415.6933819928077,1001
2024-09-18 12:30:59.420000,415.74079469516073,100
2024-09-18 12:30:59.486000,415.68379585505136,1004
2024-09-18 12:30:59.608000,415.6956618994825,1001
2024-09-18 12:30:59.700000,415.7055772757008,101
2024-09-18 12:30:59.715000,415.7088267933708,14
2024-09-18 12:30:59.745000,415.7310893975103,105
2024-09-18 12:30:59.768000,415.6863625551872,999
2024-09-18 12:30:59.827000,415.719749580097,15
2024-09-18 12:30:59.917000,415.6804098665568,998
2024-09-18 12:30:59.961000,415.7179019735241,6
