Timestamp,Price,Size
2024-09-19 15:43:00,419.0411147566252,99
2024-09-19 15:43:00.028000,419.0171718680312,101
2024-09-19 15:43:00.086000,419.0359703443526,98
2024-09-19 15:43:00.188000,419.026497874616,100
2024-09-19 15:43:00.315000,418.9977096818709,105
2024-09-19 15:43:00.476000,419.0385970508028,104
2024-09-19 15:43:00.494000,419.05016622915446,101
2024-09-19 15:43:00.762000,419.0353387738985,998
2024-09-19 15:43:00.773000,419.02216190222,101
2024-09-19 15:43:00.810000,419.0208924077142,11
2024-09-19 15:43:00.915000,419.0293472022976,1002
2024-09-19 15:43:00.978000,419.0220299727772,102
2024-09-19 15:43:01.008000,419.0108112939105,100
2024-09-19 15:43:01.157000,419.05808886579706,5
2024-09-19 15:43:01.160000,419.0014870383027,101
2024-09-19 15:43:01.207000,419.04884548003895,100
2024-09-19 15:43:01.250000,419.0018644411917,14
2024-09-19 15:43:01.260000,419.0506574178863,96
2024-09-19 15:43:01.287000,419.0323263706945,1004
2024-09-19 15:43:01.289000,419.0435354080704,100
2024-09-19 15:43:01.327000,419.0492300844432,9
2024-09-19 15:43:01.363000,418.9874614593496,7
2024-09-19 15:43:01.403000,419.05385578738407,96
2024-09-19 15:43:01.504000,419.0431285421944,998
2024-09-19 15:43:01.509000,419.0615500751273,10
2024-09-19 15:43:01.564000,419.0737613630615,95
2024-09-19 15:43:01.644000,419.03041388081925,1004
2024-09-19 15:43:01.694000,419.0405786655228,10
2024-09-19 15:43:01.750000,419.0360453957256,1005
2024-09-19 15:43:01.785000,419.0533393396845,11
2024-09-19 15:43:01.798000,419.0457491585542,104
2024-09-19 15:43:01.826000,419.0413505892963,8
2024-09-19 15:43:01.871000,419.0254803366679,1003
2024-09-19 15:43:01.884000,419.0530270209741,101
2024-09-19 15:43:01.886000,419.05315245438095,7
2024-09-19 15:43:01.903000,419.00124451720205,97
2024-09-19 15:43:01.961000,419.05748355395554,11
2024-09-19 15:43:01.968000,419.00331406335255,10
2024-09-19 15:43:02.030000,419.0157966971023,15
2024-09-19 15:43:02.103000,419.0493482778386,96
2024-09-19 15:43:02.127000,419.0312687705488,13
2024-09-19 15:43:02.148000,419.0567452169441,102
2024-09-19 15:43:02.195000,419.0285384125135,12
2024-09-19 15:43:02.530000,419.0384532941276,15
2024-09-19 15:43:02.562000,419.0119176000511,13
2024-09-19 15:43:02.567000,419.02691044715175,1002
2024-09-19 15:43:02.842000,419.044407621347,5
2024-09-19 15:43:02.852000,419.0224327828293,999
2024-09-19 15:43:02.860000,418.9936727190088,1004
2024-09-19 15:43:02.948000,419.0315060582778,101
2024-09-19 15:43:02.950000,419.037483866108,101
2024-09-19 15:43:02.968000,419.007678059328,11
2024-09-19 15:43:03.916000,419.0048102726056,8
2024-09-19 15:43:03.970000,419.0222198149279,10
2024-09-19 15:43:04.037000,418.9579274612891,997
2024-09-19 15:43:04.150000,418.9779238002324,105
2024-09-19 15:43:04.206000,418.9790151908836,1004
2024-09-19 15:43:04.356000,418.96806032659856,103
2024-09-19 15:43:04.432000,418.9996277353285,6
2024-09-19 15:43:04.453000,418.9677649166548,998
2024-09-19 15:43:04.462000,418.9801293495845,96
2024-09-19 15:43:04.494000,418.9549552480334,104
2024-09-19 15:43:04.496000,418.9597664417455,1003
2024-09-19 15:43:04.505000,419.00986902210985,97
2024-09-19 15:43:04.524000,419.0092314197968,99
2024-09-19 15:43:04.543000,418.9624336263366,101
2024-09-19 15:43:04.550000,419.00645447432345,1005
2024-09-19 15:43:04.564000,418.9554456108399,10
2024-09-19 15:43:04.633000,419.0190604296502,13
2024-09-19 15:43:04.726000,418.9699562899443,999
2024-09-19 15:43:04.789000,419.03232896563736,7
2024-09-19 15:43:04.853000,419.0196060692749,6
2024-09-19 15:43:04.859000,418.99507764739,103
2024-09-19 15:43:04.868000,419.0255487404627,103
2024-09-19 15:43:04.877000,419.0241449643111,100
2024-09-19 15:43:04.895000,419.020025845948,96
2024-09-19 15:43:04.912000,419.0034042691322,99
2024-09-19 15:43:04.922000,419.01677285945726,999
2024-09-19 15:43:04.929000,419.02204295691473,102
2024-09-19 15:43:04.984000,418.9945422360481,1001
2024-09-19 15:43:05.320000,418.954932001049,105
2024-09-19 15:43:05.334000,418.9345571800052,10
2024-09-19 15:43:05.650000,418.9561982359252,5
2024-09-19 15:43:05.869000,418.9578147094072,998
2024-09-19 15:43:05.931000,418.9553820243457,996
2024-09-19 15:43:06.035000,418.9318800445302,6
2024-09-19 15:43:06.162000,418.9226456698885,98
2024-09-19 15:43:06.281000,418.9333756407112,6
2024-09-19 15:43:06.624000,418.9204594230284,14
2024-09-19 15:43:06.641000,418.9262422758488,104
2024-09-19 15:43:06.969000,418.93301131961374,995
2024-09-19 15:43:06.971000,418.95322600620494,998
2024-09-19 15:43:07.014000,418.86516263801633,1001
2024-09-19 15:43:07.024000,418.8755534384681,96
2024-09-19 15:43:07.269000,418.8317598468125,8
2024-09-19 15:43:07.298000,418.8983307159578,11
2024-09-19 15:43:07.304000,418.9121545563068,11
2024-09-19 15:43:07.308000,418.89873930143017,5
2024-09-19 15:43:07.342000,418.9135535700727,11
2024-09-19 15:43:07.348000,418.82183380867946,10
2024-09-19 15:43:07.353000,418.8403799643255,8
2024-09-19 15:43:07.428000,418.912787838833,11
2024-09-19 15:43:07.477000,418.9215155366173,14
2024-09-19 15:43:07.487000,418.8662802690099,996
2024-09-19 15:43:07.523000,418.8326414532995,1001
2024-09-19 15:43:07.564000,418.9294868595215,1004
2024-09-19 15:43:07.575000,418.9257104509708,5
2024-09-19 15:43:07.576000,418.9104406852249,999
2024-09-19 15:43:07.588000,418.92168888559024,7
2024-09-19 15:43:07.614000,418.86019186648656,12
2024-09-19 15:43:07.637000,418.9063914753576,10
2024-09-19 15:43:07.770000,418.9232001645572,9
2024-09-19 15:43:07.782000,418.9134701213528,13
2024-09-19 15:43:07.866000,418.8690843342705,104
2024-09-19 15:43:07.903000,418.8305964090066,998
2024-09-19 15:43:07.992000,418.8822201621921,100
2024-09-19 15:43:07.996000,418.8774825427787,996
2024-09-19 15:43:07.999000,418.9111156603896,995
2024-09-19 15:43:08.001000,418.8331825031359,13
2024-09-19 15:43:08.012000,418.8479521653705,8
2024-09-19 15:43:08.034000,418.8455334807185,105
2024-09-19 15:43:08.103000,418.8397942523141,98
2024-09-19 15:43:08.180000,418.810991885477,1002
2024-09-19 15:43:08.208000,418.8549100393788,12
2024-09-19 15:43:08.373000,418.8625200950101,999
2024-09-19 15:43:08.374000,418.82149014643306,1005
2024-09-19 15:43:08.396000,418.8188037925885,1003
2024-09-19 15:43:08.399000,418.8378406956535,995
2024-09-19 15:43:08.414000,418.84482210797967,105
2024-09-19 15:43:08.463000,418.8568825842606,100
2024-09-19 15:43:08.476000,418.8030596122735,1002
2024-09-19 15:43:08.481000,418.7963627793244,14
2024-09-19 15:43:08.605000,418.84671173586,102
2024-09-19 15:43:08.687000,418.8027432127022,1000
2024-09-19 15:43:08.712000,418.84028197124894,999
2024-09-19 15:43:08.730000,418.8268713539062,99
2024-09-19 15:43:08.747000,418.84309128867375,1003
2024-09-19 15:43:08.756000,418.8455394839103,103
2024-09-19 15:43:08.781000,418.837869728919,95
2024-09-19 15:43:08.827000,418.8385991299468,1004
2024-09-19 15:43:08.834000,418.8412692341439,7
2024-09-19 15:43:08.838000,418.8205873218986,998
2024-09-19 15:43:08.839000,418.83429649344816,8
2024-09-19 15:43:08.854000,418.84282166607466,99
2024-09-19 15:43:08.858000,418.8441554772765,999
2024-09-19 15:43:08.921000,418.8488517954039,1004
2024-09-19 15:43:08.954000,418.796893313743,102
2024-09-19 15:43:08.963000,418.807552680792,1002
2024-09-19 15:43:09.047000,418.824443287244,101
2024-09-19 15:43:09.064000,418.82918402411576,96
2024-09-19 15:43:09.148000,418.8174420814364,97
2024-09-19 15:43:09.222000,418.82664839085794,105
2024-09-19 15:43:09.287000,418.8275090223762,99
2024-09-19 15:43:09.313000,418.825390522425,6
2024-09-19 15:43:09.350000,418.81574353100126,104
2024-09-19 15:43:09.429000,418.8424387099917,998
2024-09-19 15:43:09.604000,418.8088856213289,12
2024-09-19 15:43:09.844000,418.83283575969824,997
2024-09-19 15:43:09.922000,418.8266316823452,96
2024-09-19 15:43:10.019000,418.7853783017663,999
2024-09-19 15:43:10.065000,418.78168577773306,5
2024-09-19 15:43:10.174000,418.7942449124956,95
2024-09-19 15:43:10.197000,418.8111501833381,9
2024-09-19 15:43:10.199000,418.7956783828184,15
2024-09-19 15:43:10.282000,418.78230488335566,11
2024-09-19 15:43:10.293000,418.8067834420448,995
2024-09-19 15:43:10.397000,418.8134249416276,98
2024-09-19 15:43:10.432000,418.8029256265931,95
2024-09-19 15:43:10.449000,418.7911493741384,995
2024-09-19 15:43:10.539000,418.7996002202976,100
2024-09-19 15:43:10.545000,418.7727450778076,1001
2024-09-19 15:43:10.589000,418.7745742475652,9
2024-09-19 15:43:10.627000,418.7676006079487,100
2024-09-19 15:43:10.643000,418.794852681695,101
2024-09-19 15:43:10.678000,418.80429461512927,95
2024-09-19 15:43:10.681000,418.79655395277376,1000
2024-09-19 15:43:10.686000,418.7981806430967,98
2024-09-19 15:43:10.718000,418.7819325630301,1005
2024-09-19 15:43:10.742000,418.79003006464615,995
2024-09-19 15:43:10.754000,418.78614018085887,1003
2024-09-19 15:43:10.796000,418.7835517958703,5
2024-09-19 15:43:10.838000,418.7941939490888,10
2024-09-19 15:43:10.919000,418.77859259642025,100
2024-09-19 15:43:10.930000,418.7859311297215,9
2024-09-19 15:43:10.955000,418.8020365185703,1000
2024-09-19 15:43:10.973000,418.7677302159229,1001
2024-09-19 15:43:10.999000,418.7837521293422,100
2024-09-19 15:43:11.040000,418.7660933949356,999
2024-09-19 15:43:11.073000,418.7563387034511,13
2024-09-19 15:43:11.195000,418.7920445183044,1003
2024-09-19 15:43:11.283000,418.7950352487212,10
2024-09-19 15:43:11.413000,418.77070681075855,97
2024-09-19 15:43:11.436000,418.7652053465106,101
2024-09-19 15:43:11.519000,418.77414782194165,9
2024-09-19 15:43:11.567000,418.7835801755498,11
2024-09-19 15:43:11.612000,418.7708075960253,997
2024-09-19 15:43:11.723000,418.78471545474775,1005
2024-09-19 15:43:11.731000,418.7547492142684,98
2024-09-19 15:43:11.783000,418.7590355725017,103
2024-09-19 15:43:11.845000,418.7903748643646,99
2024-09-19 15:43:11.974000,418.7686600986474,104
2024-09-19 15:43:11.989000,418.78297661454417,95
2024-09-19 15:43:12.034000,418.7663852525959,5
2024-09-19 15:43:12.095000,418.7616866401306,1003
2024-09-19 15:43:12.141000,418.7693079135544,99
2024-09-19 15:43:12.246000,418.7836011673073,999
2024-09-19 15:43:12.276000,418.77821766376167,5
2024-09-19 15:43:12.443000,418.774612568198,14
2024-09-19 15:43:12.483000,418.7855653779236,13
2024-09-19 15:43:12.544000,418.76694584958153,100
2024-09-19 15:43:12.559000,418.77217910020926,96
2024-09-19 15:43:12.632000,418.78263444502016,1005
2024-09-19 15:43:12.636000,418.7823585002943,1003
2024-09-19 15:43:12.641000,418.78269486909375,10
2024-09-19 15:43:12.671000,418.77269412277576,8
2024-09-19 15:43:12.729000,418.7775702465965,100
2024-09-19 15:43:12.786000,418.77380479385727,997
2024-09-19 15:43:12.873000,418.7853421409122,996
2024-09-19 15:43:13.024000,418.75290085081537,1003
2024-09-19 15:43:13.091000,418.7534105969011,996
2024-09-19 15:43:13.096000,418.7494819586826,104
2024-09-19 15:43:13.279000,418.7539590728791,999
2024-09-19 15:43:13.285000,418.7893519738072,9
2024-09-19 15:43:13.426000,418.77902332390977,105
2024-09-19 15:43:13.576000,419.3901605691479,13
2024-09-19 15:43:13.685000,418.7598232768004,995
2024-09-19 15:43:13.742000,418.76641083824296,101
2024-09-19 15:43:13.929000,418.7758303488008,99
2024-09-19 15:43:13.974000,418.7643600623271,8
2024-09-19 15:43:14.187000,418.7727408040113,11
2024-09-19 15:43:14.195000,418.77757543592605,995
2024-09-19 15:43:14.876000,418.78884045466094,98
2024-09-19 15:43:15.170000,418.7912078381741,9
2024-09-19 15:43:15.759000,418.7806561797023,101
2024-09-19 15:43:15.775000,418.7706232768152,15
2024-09-19 15:43:15.850000,418.76805059718623,1005
2024-09-19 15:43:16.080000,418.7998485791784,12
2024-09-19 15:43:16.244000,418.82194141639377,11
2024-09-19 15:43:16.344000,418.8588500228871,99
2024-09-19 15:43:16.439000,418.8586851930153,5
2024-09-19 15:43:16.538000,418.85610292249936,97
2024-09-19 15:43:16.690000,418.8450535408919,1002
2024-09-19 15:43:16.697000,418.8146493765888,14
2024-09-19 15:43:16.841000,418.8176282058863,102
2024-09-19 15:43:16.856000,418.8587824643587,11
2024-09-19 15:43:17.057000,418.8653602546445,9
2024-09-19 15:43:17.172000,418.83955704008,7
2024-09-19 15:43:17.182000,418.8474513509199,13
2024-09-19 15:43:17.271000,418.8445250890357,9
2024-09-19 15:43:17.286000,418.8562768388032,1002
2024-09-19 15:43:17.344000,418.8874199075352,1000
2024-09-19 15:43:17.442000,418.8563011434825,101
2024-09-19 15:43:17.567000,418.88205005872896,14
2024-09-19 15:43:17.676000,418.9059097561605,12
2024-09-19 15:43:17.739000,418.8791885454459,7
2024-09-19 15:43:17.742000,418.8315370765724,995
2024-09-19 15:43:17.785000,418.8975909097005,99
2024-09-19 15:43:17.806000,418.8690289481492,95
2024-09-19 15:43:17.821000,418.9018071934372,997
2024-09-19 15:43:17.856000,418.8707142420667,103
2024-09-19 15:43:17.870000,418.8307743604326,996
2024-09-19 15:43:17.977000,418.8209742626168,96
2024-09-19 15:43:18.037000,418.9419334065515,7
2024-09-19 15:43:18.164000,418.87409516240126,99
2024-09-19 15:43:18.189000,418.8773041604023,1001
2024-09-19 15:43:18.202000,418.9536589313033,998
2024-09-19 15:43:18.253000,418.91603789075407,8
2024-09-19 15:43:18.352000,418.8781351103055,8
2024-09-19 15:43:18.467000,418.9316700648149,96
2024-09-19 15:43:18.673000,418.92378944863066,8
2024-09-19 15:43:18.927000,418.908369263682,999
2024-09-19 15:43:18.983000,418.9416347194673,6
2024-09-19 15:43:19.065000,418.85649682619504,12
2024-09-19 15:43:19.229000,418.8594449065613,99
2024-09-19 15:43:19.413000,418.8755376914769,995
2024-09-19 15:43:19.518000,418.9023829075338,105
2024-09-19 15:43:19.601000,418.90372294481386,95
2024-09-19 15:43:19.701000,418.8940613571137,100
2024-09-19 15:43:19.951000,418.8860735701531,995
2024-09-19 15:43:20.063000,418.8501820117457,105
2024-09-19 15:43:20.084000,418.8820283300466,997
2024-09-19 15:43:20.109000,418.8749377536472,1002
2024-09-19 15:43:20.123000,418.85684362930505,15
2024-09-19 15:43:20.207000,418.88714655209816,15
2024-09-19 15:43:20.210000,418.8594513499868,12
2024-09-19 15:43:20.240000,418.8798467690169,13
2024-09-19 15:43:20.394000,418.85539600222427,102
2024-09-19 15:43:20.404000,418.8949577892021,99
2024-09-19 15:43:20.409000,418.8561748760977,15
2024-09-19 15:43:20.427000,418.8526941991009,1000
2024-09-19 15:43:20.438000,418.8503760498813,1000
2024-09-19 15:43:20.476000,418.8627665847738,104
2024-09-19 15:43:20.483000,418.8589080222485,13
2024-09-19 15:43:20.536000,418.8649871543751,104
2024-09-19 15:43:20.551000,418.8759191322433,1004
2024-09-19 15:43:20.569000,418.8658066041703,103
2024-09-19 15:43:20.607000,418.8757864110004,12
2024-09-19 15:43:20.626000,418.88555168903525,10
2024-09-19 15:43:20.660000,418.8576992745548,1005
2024-09-19 15:43:20.699000,418.86443905042665,102
2024-09-19 15:43:20.715000,418.8650022714946,996
2024-09-19 15:43:20.743000,418.85587592988105,12
2024-09-19 15:43:20.761000,418.85915256737707,15
2024-09-19 15:43:20.799000,418.8548910311716,102
2024-09-19 15:43:20.987000,418.8795966961487,105
2024-09-19 15:43:21.028000,418.8549951517668,5
2024-09-19 15:43:21.128000,418.8574114796023,102
2024-09-19 15:43:21.162000,418.8494213157092,99
2024-09-19 15:43:21.231000,418.8032251190203,996
2024-09-19 15:43:21.239000,418.800733525877,14
2024-09-19 15:43:21.347000,418.8437477240972,14
2024-09-19 15:43:21.390000,418.8506396780759,997
2024-09-19 15:43:21.485000,418.8464829895501,996
2024-09-19 15:43:21.638000,418.8680139142902,997
2024-09-19 15:43:21.676000,418.8722743575488,1003
2024-09-19 15:43:21.686000,418.8788263399394,96
2024-09-19 15:43:21.745000,418.8053901479557,8
2024-09-19 15:43:21.776000,418.82249051016953,100
2024-09-19 15:43:21.802000,418.8522483186662,95
2024-09-19 15:43:21.809000,418.8081939570105,13
2024-09-19 15:43:22.219000,418.7989921383788,10
2024-09-19 15:43:22.303000,418.8203479490634,100
2024-09-19 15:43:22.549000,418.8242577850692,96
2024-09-19 15:43:22.602000,418.8140006849282,100
2024-09-19 15:43:22.981000,418.8142107116335,1004
2024-09-19 15:43:23.116000,418.8157337855831,5
2024-09-19 15:43:23.197000,418.8331541888388,99
2024-09-19 15:43:23.291000,418.8128508292153,101
2024-09-19 15:43:23.418000,418.816737240468,999
2024-09-19 15:43:23.588000,418.8258361124449,13
2024-09-19 15:43:24.050000,418.79491197038345,1004
2024-09-19 15:43:24.566000,418.816157023564,95
2024-09-19 15:43:24.761000,418.8115168614356,104
2024-09-19 15:43:24.777000,418.8091598627195,97
2024-09-19 15:43:24.841000,418.8208726960664,998
2024-09-19 15:43:25.014000,418.82122021726144,101
2024-09-19 15:43:25.125000,418.8449365137548,103
2024-09-19 15:43:25.456000,418.83545395671615,6
2024-09-19 15:43:25.506000,418.8009210811204,7
2024-09-19 15:43:25.593000,418.82295173781375,5
2024-09-19 15:43:25.620000,418.8398065852604,1002
2024-09-19 15:43:25.622000,418.8212416250684,105
2024-09-19 15:43:25.798000,418.8202910481135,1002
2024-09-19 15:43:25.828000,418.8209021999376,98
2024-09-19 15:43:25.859000,418.83917432468166,1001
2024-09-19 15:43:25.959000,418.8215052270829,995
2024-09-19 15:43:25.967000,418.82540141271375,99
2024-09-19 15:43:25.969000,418.8273044429978,1003
2024-09-19 15:43:26.081000,418.7999767161312,1001
2024-09-19 15:43:26.266000,418.7913827842372,13
2024-09-19 15:43:26.267000,418.77162221038833,1005
2024-09-19 15:43:26.270000,418.823067452053,10
2024-09-19 15:43:26.327000,418.792365853526,1002
2024-09-19 15:43:26.344000,418.8032441403156,98
2024-09-19 15:43:26.417000,418.7716314641533,1003
2024-09-19 15:43:26.443000,418.8013920912023,101
2024-09-19 15:43:26.471000,418.8138849481165,104
2024-09-19 15:43:26.600000,418.77432164382986,96
2024-09-19 15:43:26.628000,418.7919506178631,6
2024-09-19 15:43:26.728000,418.7935142136773,100
2024-09-19 15:43:26.856000,418.7989919071359,98
2024-09-19 15:43:26.874000,418.8032736487503,101
2024-09-19 15:43:26.933000,418.7864616133339,10
2024-09-19 15:43:26.938000,418.7988592322499,998
2024-09-19 15:43:26.940000,418.7913672248837,7
2024-09-19 15:43:26.996000,418.79096908995314,6
2024-09-19 15:43:27.335000,418.806503061137,100
2024-09-19 15:43:27.395000,418.82083421034895,15
2024-09-19 15:43:27.685000,418.8026065981694,1002
2024-09-19 15:43:27.734000,418.823512195288,1002
2024-09-19 15:43:27.889000,418.8043339759588,15
2024-09-19 15:43:28.557000,418.7918289015272,996
2024-09-19 15:43:28.625000,418.80478300458,5
2024-09-19 15:43:28.847000,418.7931322459848,999
2024-09-19 15:43:29.076000,418.8005212344105,101
2024-09-19 15:43:29.081000,418.82831181536494,1002
2024-09-19 15:43:29.098000,418.9132437105605,1003
2024-09-19 15:43:29.155000,418.8360650648205,99
2024-09-19 15:43:29.173000,418.8218594847355,1001
2024-09-19 15:43:29.230000,418.90949926750056,995
2024-09-19 15:43:29.249000,418.7850688582977,104
2024-09-19 15:43:29.293000,418.7795762789208,999
2024-09-19 15:43:29.304000,418.8123635422693,104
2024-09-19 15:43:29.316000,418.84402552630695,1000
2024-09-19 15:43:29.401000,418.9001298469221,102
2024-09-19 15:43:29.439000,418.9191542998278,998
2024-09-19 15:43:29.509000,418.8545933871026,6
2024-09-19 15:43:29.563000,418.89845072500447,96
2024-09-19 15:43:29.588000,418.8970218830253,998
2024-09-19 15:43:29.593000,418.7622773731575,8
2024-09-19 15:43:29.656000,418.7579879875614,96
2024-09-19 15:43:29.717000,418.8904191384783,10
2024-09-19 15:43:29.834000,418.8420168664245,99
2024-09-19 15:43:29.860000,418.815869766996,8
2024-09-19 15:43:29.881000,418.7653868297186,100
2024-09-19 15:43:29.894000,418.8593832472654,1003
2024-09-19 15:43:30.196000,418.9363486437559,100
2024-09-19 15:43:30.235000,418.9339449366993,6
2024-09-19 15:43:30.263000,418.9432286254111,104
2024-09-19 15:43:30.534000,418.935507735944,13
2024-09-19 15:43:30.587000,418.9336085433727,1004
2024-09-19 15:43:30.594000,418.930445716099,100
2024-09-19 15:43:30.595000,418.9350492745208,105
2024-09-19 15:43:30.669000,418.88716124110266,1004
2024-09-19 15:43:30.675000,418.9401907620716,14
2024-09-19 15:43:30.697000,418.9418610212306,6
2024-09-19 15:43:30.750000,418.907163340834,100
2024-09-19 15:43:30.753000,418.89747174811527,13
2024-09-19 15:43:31.265000,418.97017630087953,6
2024-09-19 15:43:31.298000,419.0317913496724,1000
2024-09-19 15:43:31.330000,418.9543463676696,14
2024-09-19 15:43:31.348000,419.0241381043009,1001
2024-09-19 15:43:31.364000,419.03291693323393,995
2024-09-19 15:43:31.394000,419.0332853075985,105
2024-09-19 15:43:31.457000,419.0458424971036,96
2024-09-19 15:43:31.461000,418.9941460459715,995
2024-09-19 15:43:31.566000,418.98416891703135,998
2024-09-19 15:43:31.572000,419.0516602843873,1002
2024-09-19 15:43:31.668000,419.0325703620965,100
2024-09-19 15:43:31.749000,419.035170831322,999
2024-09-19 15:43:31.769000,419.0347747425488,11
2024-09-19 15:43:31.937000,419.0273367874649,995
2024-09-19 15:43:31.982000,418.9952825646489,1004
2024-09-19 15:43:31.990000,419.0465887686032,12
2024-09-19 15:43:32.167000,419.04798670496086,100
2024-09-19 15:43:32.182000,419.0565327193348,997
2024-09-19 15:43:32.272000,418.9297416237801,999
2024-09-19 15:43:32.280000,419.0481041579047,9
2024-09-19 15:43:32.299000,419.05928565253873,996
2024-09-19 15:43:32.628000,419.049955643955,5
2024-09-19 15:43:32.695000,419.0572515196128,997
2024-09-19 15:43:32.700000,419.04751529913545,105
2024-09-19 15:43:32.704000,419.0540381617808,999
2024-09-19 15:43:32.707000,419.0688420690527,1001
2024-09-19 15:43:32.734000,419.0528956711892,1004
2024-09-19 15:43:33.069000,419.06834803977273,998
2024-09-19 15:43:33.094000,419.06406117489286,13
2024-09-19 15:43:33.166000,419.0551600005276,103
2024-09-19 15:43:33.414000,419.0628150499662,95
2024-09-19 15:43:33.573000,419.0597936585647,96
2024-09-19 15:43:33.590000,419.0412230919586,9
2024-09-19 15:43:33.831000,419.03666816903865,8
2024-09-19 15:43:33.873000,419.0589177682603,995
2024-09-19 15:43:34.017000,419.0585939383738,12
2024-09-19 15:43:34.052000,419.0303569425012,14
2024-09-19 15:43:34.085000,419.0303289411394,9
2024-09-19 15:43:34.099000,419.0404393678196,9
2024-09-19 15:43:34.150000,419.03308424876025,12
2024-09-19 15:43:34.167000,419.04485323129353,999
2024-09-19 15:43:34.193000,419.0608335324421,1004
2024-09-19 15:43:34.273000,419.00820574198536,101
2024-09-19 15:43:34.330000,419.0483225315664,10
2024-09-19 15:43:34.360000,419.0598401006032,9
2024-09-19 15:43:34.382000,419.04292431055273,6
2024-09-19 15:43:34.399000,419.037316741571,99
2024-09-19 15:43:34.401000,419.0523284878551,96
2024-09-19 15:43:34.414000,419.034654947433,8
2024-09-19 15:43:34.430000,419.0458874104348,10
2024-09-19 15:43:34.436000,419.0599730959579,13
2024-09-19 15:43:34.439000,419.0187725808818,102
2024-09-19 15:43:34.460000,419.0207665199163,98
2024-09-19 15:43:34.621000,419.02755539038543,13
2024-09-19 15:43:34.779000,419.0061668917388,998
2024-09-19 15:43:34.807000,419.027431591752,999
2024-09-19 15:43:34.810000,419.0593258318193,15
2024-09-19 15:43:34.875000,419.04000798615584,8
2024-09-19 15:43:34.883000,419.0558146222534,997
2024-09-19 15:43:34.955000,419.047492129528,995
2024-09-19 15:43:34.979000,419.04548918822326,998
2024-09-19 15:43:35.076000,418.99701024294063,998
2024-09-19 15:43:35.090000,419.0375601186931,1001
2024-09-19 15:43:35.124000,419.0057312764524,1000
2024-09-19 15:43:35.138000,419.0032433741276,999
2024-09-19 15:43:35.182000,418.990867141021,996
2024-09-19 15:43:35.276000,418.9959984027043,1004
2024-09-19 15:43:35.394000,418.99667144428287,100
2024-09-19 15:43:35.535000,419.0191651885155,95
2024-09-19 15:43:35.545000,419.0578486355802,10
2024-09-19 15:43:35.631000,419.0168207824905,1000
2024-09-19 15:43:35.645000,418.9967133009176,1002
2024-09-19 15:43:35.684000,419.0019324545352,104
2024-09-19 15:43:35.722000,419.0481012728893,1000
2024-09-19 15:43:35.734000,419.0191012414966,15
2024-09-19 15:43:35.737000,419.0420768905808,998
2024-09-19 15:43:35.758000,419.0002479819008,100
2024-09-19 15:43:35.774000,419.0253242401696,6
2024-09-19 15:43:35.913000,418.9880312178233,997
2024-09-19 15:43:35.923000,419.0061176799161,998
2024-09-19 15:43:36.661000,418.9902229715121,102
2024-09-19 15:43:36.792000,419.00556124011126,103
2024-09-19 15:43:37.074000,419.0052530861157,995
2024-09-19 15:43:37.114000,419.0083577445476,5
2024-09-19 15:43:37.225000,419.03558450066765,1004
2024-09-19 15:43:37.294000,418.9851461468581,998
2024-09-19 15:43:37.341000,418.9865295278091,999
2024-09-19 15:43:37.464000,419.0000506997784,12
2024-09-19 15:43:37.782000,419.0232039580663,996
2024-09-19 15:43:37.854000,418.9956242667719,7
2024-09-19 15:43:37.971000,418.9964986218996,105
2024-09-19 15:43:37.976000,419.0164447712193,98
2024-09-19 15:43:38.056000,418.9853023417264,995
2024-09-19 15:43:38.178000,418.9689536749555,1003
2024-09-19 15:43:38.523000,418.9656612114789,1005
2024-09-19 15:43:38.721000,418.993045714133,104
2024-09-19 15:43:39.071000,418.9804112513478,104
2024-09-19 15:43:39.735000,418.9781641816044,96
2024-09-19 15:43:40.121000,418.9804625752605,7
2024-09-19 15:43:40.122000,419.0015920166513,101
2024-09-19 15:43:40.141000,418.9889570486425,101
2024-09-19 15:43:40.171000,419.0188809029773,95
2024-09-19 15:43:40.206000,418.9868134052337,10
2024-09-19 15:43:40.211000,418.9933264902581,1000
2024-09-19 15:43:40.241000,418.9964468148005,13
2024-09-19 15:43:40.257000,419.0136192449359,101
2024-09-19 15:43:40.413000,418.9740069040829,97
2024-09-19 15:43:40.567000,418.9912008734647,1005
2024-09-19 15:43:40.703000,418.96339190725456,5
2024-09-19 15:43:40.719000,418.9826195810128,99
2024-09-19 15:43:40.737000,418.97795632738047,14
2024-09-19 15:43:40.962000,418.99274996641407,8
2024-09-19 15:43:40.998000,418.9624872756322,1004
2024-09-19 15:43:41.131000,418.99003828326966,1005
2024-09-19 15:43:41.158000,418.9996415655773,102
2024-09-19 15:43:41.175000,419.0427023177304,996
2024-09-19 15:43:41.177000,418.9776518290852,11
2024-09-19 15:43:41.248000,419.0014360115047,999
2024-09-19 15:43:41.255000,419.04168974355326,1001
2024-09-19 15:43:41.315000,419.04238791793455,11
2024-09-19 15:43:41.323000,418.97781638443456,12
2024-09-19 15:43:41.338000,419.0177188388718,7
2024-09-19 15:43:41.377000,418.9920906590659,101
2024-09-19 15:43:41.753000,419.0090756242001,13
2024-09-19 15:43:41.768000,419.0304089526746,99
2024-09-19 15:43:41.798000,419.0228849877737,99
2024-09-19 15:43:41.801000,419.0172635180105,10
2024-09-19 15:43:41.803000,418.9813369943325,998
2024-09-19 15:43:41.814000,419.0290300040832,98
2024-09-19 15:43:41.836000,419.0139572497588,9
2024-09-19 15:43:41.881000,419.0084137757775,1004
2024-09-19 15:43:41.889000,419.0178792658549,10
2024-09-19 15:43:41.938000,419.0139469130624,101
2024-09-19 15:43:41.942000,418.9858134985767,96
2024-09-19 15:43:41.973000,419.0194635051016,8
2024-09-19 15:43:42.033000,419.0103305940382,1003
2024-09-19 15:43:42.270000,419.0042954299039,999
2024-09-19 15:43:42.351000,419.01397045185024,100
2024-09-19 15:43:42.549000,419.0227360765009,5
2024-09-19 15:43:42.572000,419.0157527337396,1003
2024-09-19 15:43:42.617000,419.007125311226,13
2024-09-19 15:43:42.620000,419.02417826895424,96
2024-09-19 15:43:42.915000,419.0335903857533,15
2024-09-19 15:43:43.064000,419.0373309243821,7
2024-09-19 15:43:43.123000,418.9523507445845,98
2024-09-19 15:43:43.142000,418.9935213627284,104
2024-09-19 15:43:43.147000,419.018382523354,999
2024-09-19 15:43:43.387000,419.03057663524703,15
2024-09-19 15:43:43.724000,418.7521934038775,1004
2024-09-19 15:43:44.028000,418.954746344633,1002
2024-09-19 15:43:44.182000,418.9544597631758,99
2024-09-19 15:43:44.269000,418.9476533025649,103
2024-09-19 15:43:44.296000,418.9606549854295,97
2024-09-19 15:43:44.370000,418.9535654987895,995
2024-09-19 15:43:44.377000,418.92195466473936,999
2024-09-19 15:43:44.402000,418.9744505947716,12
2024-09-19 15:43:44.560000,418.9331148418733,103
2024-09-19 15:43:44.587000,418.9932290477095,1000
2024-09-19 15:43:44.617000,418.939657453527,10
2024-09-19 15:43:44.640000,418.95641044255984,8
2024-09-19 15:43:44.645000,418.94280201503744,9
2024-09-19 15:43:44.726000,418.936935529557,101
2024-09-19 15:43:44.793000,418.9105823787921,999
2024-09-19 15:43:44.915000,418.951736347778,102
2024-09-19 15:43:45.035000,418.939429938756,15
2024-09-19 15:43:45.138000,418.8966736083857,101
2024-09-19 15:43:45.170000,418.8913192959555,104
2024-09-19 15:43:45.304000,418.9320751117703,1002
2024-09-19 15:43:45.336000,418.9553846888772,101
2024-09-19 15:43:45.354000,418.9540519735886,1001
2024-09-19 15:43:45.370000,418.91829519232175,98
2024-09-19 15:43:45.395000,418.91043210274506,995
2024-09-19 15:43:45.400000,418.9453347195,1000
2024-09-19 15:43:45.436000,418.9061577434872,5
2024-09-19 15:43:45.437000,418.9278791352624,100
2024-09-19 15:43:45.475000,418.924144697698,101
2024-09-19 15:43:45.522000,418.9131563809479,1004
2024-09-19 15:43:45.542000,418.95276956325824,11
2024-09-19 15:43:45.543000,418.9384680143944,1000
2024-09-19 15:43:45.567000,418.9031304809999,10
2024-09-19 15:43:45.571000,418.9399559834736,102
2024-09-19 15:43:45.632000,418.9349741424552,99
2024-09-19 15:43:45.699000,418.9194686066628,102
2024-09-19 15:43:45.706000,418.9548655113563,95
2024-09-19 15:43:45.714000,418.9232141887687,995
2024-09-19 15:43:45.807000,418.9252178438832,98
2024-09-19 15:43:45.871000,418.9171402385725,1003
2024-09-19 15:43:45.880000,418.9701516237228,5
2024-09-19 15:43:45.895000,418.9168393993767,5
2024-09-19 15:43:45.896000,418.91506029217686,9
2024-09-19 15:43:45.981000,418.9282461255668,98
2024-09-19 15:43:45.989000,418.9118118028064,102
2024-09-19 15:43:46.044000,418.8606958365552,98
2024-09-19 15:43:46.114000,418.8545972348049,1005
2024-09-19 15:43:46.217000,418.8747848180836,98
2024-09-19 15:43:46.395000,418.8782054947423,11
2024-09-19 15:43:47.213000,418.8582483419726,1001
2024-09-19 15:43:47.703000,418.8331411119016,1005
2024-09-19 15:43:47.817000,418.82421517380976,1003
2024-09-19 15:43:47.909000,418.8205310353891,1001
2024-09-19 15:43:47.939000,418.8331269783852,999
2024-09-19 15:43:48.027000,418.88086959393615,1005
2024-09-19 15:43:48.122000,418.8717797076744,999
2024-09-19 15:43:48.150000,418.8315683077361,1005
2024-09-19 15:43:48.212000,418.8747999930094,9
2024-09-19 15:43:48.260000,418.8534962945981,101
2024-09-19 15:43:48.297000,418.88623809055815,12
2024-09-19 15:43:48.486000,418.86592159381365,14
2024-09-19 15:43:48.488000,418.83011835092793,95
2024-09-19 15:43:48.539000,418.8609129275733,7
2024-09-19 15:43:48.552000,418.8178320357163,12
2024-09-19 15:43:48.625000,418.8767967466985,102
2024-09-19 15:43:48.641000,418.87460266962097,8
2024-09-19 15:43:48.648000,418.86723103813296,8
2024-09-19 15:43:48.652000,418.8493995399213,999
2024-09-19 15:43:48.692000,418.856610431848,95
2024-09-19 15:43:48.762000,418.83552297239527,7
2024-09-19 15:43:48.772000,418.9065317175691,1002
2024-09-19 15:43:48.788000,418.85011636971535,1002
2024-09-19 15:43:48.877000,418.8683771943234,1000
2024-09-19 15:43:48.948000,418.8394845929484,104
2024-09-19 15:43:48.988000,418.86274587832304,13
2024-09-19 15:43:49.007000,418.9085253433215,998
2024-09-19 15:43:49.017000,418.8782858563806,1004
2024-09-19 15:43:49.505000,418.87324432946207,13
2024-09-19 15:43:49.594000,418.88973745727424,99
2024-09-19 15:43:49.615000,418.885007241615,9
2024-09-19 15:43:49.893000,418.899638767694,998
2024-09-19 15:43:49.961000,418.8778050949553,1005
2024-09-19 15:43:49.962000,418.85727903670215,8
2024-09-19 15:43:50.181000,418.87260249433047,8
2024-09-19 15:43:50.185000,418.8418883589122,7
2024-09-19 15:43:50.206000,418.8457052001815,104
2024-09-19 15:43:50.209000,418.87048412166354,1004
2024-09-19 15:43:50.258000,418.87185001830056,97
2024-09-19 15:43:50.259000,418.845736191256,13
2024-09-19 15:43:50.355000,418.8554010166088,97
2024-09-19 15:43:50.497000,418.8596299652356,105
2024-09-19 15:43:50.789000,418.8401863276824,99
2024-09-19 15:43:51.018000,418.8396238801108,14
2024-09-19 15:43:51.126000,418.8338688924344,96
2024-09-19 15:43:51.139000,418.914131703692,15
2024-09-19 15:43:51.256000,418.784565745862,15
2024-09-19 15:43:51.340000,418.7995233223052,7
2024-09-19 15:43:51.403000,418.783903276754,1004
2024-09-19 15:43:51.504000,418.7827337892693,1005
2024-09-19 15:43:51.595000,418.7896689990541,14
2024-09-19 15:43:51.650000,418.7886900370737,99
2024-09-19 15:43:51.695000,418.7737461824293,1005
2024-09-19 15:43:51.707000,418.794086810505,99
2024-09-19 15:43:51.765000,418.78260239192326,97
2024-09-19 15:43:51.909000,418.82220124072825,998
2024-09-19 15:43:51.990000,418.83378401415183,1005
2024-09-19 15:43:52.102000,418.7855741693161,1000
2024-09-19 15:43:52.212000,418.7877231612086,999
2024-09-19 15:43:52.335000,418.78788682854974,11
2024-09-19 15:43:52.361000,418.7977588613869,15
2024-09-19 15:43:52.398000,418.8237381550314,105
2024-09-19 15:43:52.421000,418.800622001479,6
2024-09-19 15:43:52.644000,418.827287294017,9
2024-09-19 15:43:52.793000,418.792636972177,97
2024-09-19 15:43:52.810000,418.8330746074927,1004
2024-09-19 15:43:52.964000,418.8200396906356,1001
2024-09-19 15:43:52.993000,418.8195439073882,12
2024-09-19 15:43:53.099000,418.6896346768791,97
2024-09-19 15:43:53.114000,418.791721619535,15
2024-09-19 15:43:53.165000,418.78662345986095,105
2024-09-19 15:43:53.223000,418.7695748627958,5
2024-09-19 15:43:53.231000,418.80984242820506,997
2024-09-19 15:43:53.264000,418.8292414929178,8
2024-09-19 15:43:53.271000,418.7498464180071,1002
2024-09-19 15:43:53.369000,418.8233474331167,95
2024-09-19 15:43:53.376000,418.7220116818794,13
2024-09-19 15:43:53.387000,418.6907818929326,15
2024-09-19 15:43:53.405000,418.82772096299504,97
2024-09-19 15:43:53.422000,418.7867178567367,99
2024-09-19 15:43:53.472000,418.8077942098453,1002
2024-09-19 15:43:53.476000,418.76217276835285,12
2024-09-19 15:43:53.477000,418.684525448747,99
2024-09-19 15:43:53.506000,418.7387663249656,10
2024-09-19 15:43:53.515000,418.776710752345,1000
2024-09-19 15:43:53.544000,418.7632248594521,14
2024-09-19 15:43:53.554000,418.7835826992638,12
2024-09-19 15:43:53.652000,418.8159226813307,96
2024-09-19 15:43:53.660000,418.7796782334296,105
2024-09-19 15:43:53.681000,418.67655327137504,95
2024-09-19 15:43:53.797000,418.8131231350742,15
2024-09-19 15:43:53.835000,418.7833976366959,997
2024-09-19 15:43:54.001000,418.71374891082536,103
2024-09-19 15:43:54.153000,418.7162410722,102
2024-09-19 15:43:54.187000,418.72158045602464,997
2024-09-19 15:43:54.240000,418.704778902766,97
2024-09-19 15:43:54.266000,418.6743742546766,102
2024-09-19 15:43:54.319000,418.7109833173888,98
2024-09-19 15:43:54.398000,418.7127437676556,12
2024-09-19 15:43:54.425000,418.6770746584961,999
2024-09-19 15:43:54.470000,418.6645291161006,996
2024-09-19 15:43:54.478000,418.6625028269336,95
2024-09-19 15:43:54.518000,418.6641650845048,105
2024-09-19 15:43:54.525000,418.6743442497713,996
2024-09-19 15:43:54.548000,418.67852973739497,996
2024-09-19 15:43:54.551000,418.70971361712606,95
2024-09-19 15:43:54.631000,418.7030787705318,11
2024-09-19 15:43:54.632000,418.7152802234053,100
2024-09-19 15:43:54.738000,418.672047337938,998
2024-09-19 15:43:54.819000,418.68524790503176,998
2024-09-19 15:43:55.113000,418.65336436837697,104
2024-09-19 15:43:55.154000,418.60647741559313,1004
2024-09-19 15:43:55.231000,418.6526330623132,998
2024-09-19 15:43:55.382000,418.6439295061092,9
2024-09-19 15:43:55.409000,418.6641217453449,9
2024-09-19 15:43:55.441000,418.6404762690825,997
2024-09-19 15:43:55.479000,418.6367043883289,95
2024-09-19 15:43:55.516000,418.59987742967246,95
2024-09-19 15:43:55.528000,418.6156845067206,7
2024-09-19 15:43:55.552000,418.68519547868897,996
2024-09-19 15:43:55.562000,418.6533830013559,1003
2024-09-19 15:43:55.715000,418.6670522994285,8
2024-09-19 15:43:55.720000,418.6740787581844,13
2024-09-19 15:43:55.731000,418.62926924079056,6
2024-09-19 15:43:55.764000,418.58471363285,102
2024-09-19 15:43:55.911000,418.5919571861838,995
2024-09-19 15:43:55.937000,418.67300092569167,96
2024-09-19 15:43:56.041000,418.5612496226057,14
2024-09-19 15:43:56.065000,418.6133698083741,105
2024-09-19 15:43:56.082000,418.5746058256296,5
2024-09-19 15:43:56.125000,418.6137127457537,997
2024-09-19 15:43:56.158000,418.5975233958417,9
2024-09-19 15:43:56.208000,418.573393113125,98
2024-09-19 15:43:56.286000,418.5711953804443,13
2024-09-19 15:43:56.324000,418.5962999455271,13
2024-09-19 15:43:56.330000,418.5977646214354,100
2024-09-19 15:43:56.349000,418.599778987856,997
2024-09-19 15:43:56.354000,418.58507098741296,9
2024-09-19 15:43:56.426000,418.8752480195339,10
2024-09-19 15:43:56.444000,418.56780906539336,96
2024-09-19 15:43:56.490000,418.6094273385213,8
2024-09-19 15:43:56.524000,418.6038775782478,14
2024-09-19 15:43:56.565000,418.6112713625247,98
2024-09-19 15:43:56.583000,418.6100170255989,1004
2024-09-19 15:43:56.587000,418.6110535434024,11
2024-09-19 15:43:56.637000,418.5796429714726,103
2024-09-19 15:43:56.642000,418.551790682695,5
2024-09-19 15:43:56.739000,418.6127422784464,998
2024-09-19 15:43:56.796000,418.6118157078088,100
2024-09-19 15:43:56.957000,418.59740251953593,8
2024-09-19 15:43:56.996000,418.6175044733995,998
2024-09-19 15:43:57.003000,418.65459985855705,998
2024-09-19 15:43:57.009000,418.5962229172546,996
2024-09-19 15:43:57.045000,418.638486621493,997
2024-09-19 15:43:57.138000,418.6382830460928,99
2024-09-19 15:43:57.181000,418.6191683765088,14
2024-09-19 15:43:57.256000,418.6280784279837,1004
2024-09-19 15:43:57.271000,418.6377671312112,15
2024-09-19 15:43:57.358000,418.6424480175136,997
2024-09-19 15:43:57.365000,418.6159570755043,103
2024-09-19 15:43:57.419000,418.6009336143042,1005
2024-09-19 15:43:57.565000,418.6008031391879,95
2024-09-19 15:43:57.617000,418.6390537015184,102
2024-09-19 15:43:57.646000,418.6284419949602,1005
2024-09-19 15:43:57.662000,418.61533932219226,1002
2024-09-19 15:43:57.704000,418.60191597525903,996
2024-09-19 15:43:57.714000,418.6404796422683,101
2024-09-19 15:43:57.739000,418.60284896259407,100
2024-09-19 15:43:57.887000,418.6554691369475,104
2024-09-19 15:43:57.932000,418.6717428580896,11
2024-09-19 15:43:57.946000,418.6615776788487,10
2024-09-19 15:43:58.044000,418.5672434369916,99
2024-09-19 15:43:58.080000,418.6410457150542,1002
2024-09-19 15:43:58.098000,418.5652406721496,6
2024-09-19 15:43:58.133000,418.64762823105286,1001
2024-09-19 15:43:58.159000,418.61237613800847,7
2024-09-19 15:43:58.277000,418.5772646509984,13
2024-09-19 15:43:58.324000,418.6308376149985,1002
2024-09-19 15:43:58.373000,418.6127096514981,11
2024-09-19 15:43:58.389000,418.56067450032,104
2024-09-19 15:43:58.440000,418.6157211774883,1005
2024-09-19 15:43:58.492000,418.5571930299221,12
2024-09-19 15:43:58.529000,418.592375241393,14
2024-09-19 15:43:58.584000,418.5768425143036,13
2024-09-19 15:43:58.642000,418.6379021700249,102
2024-09-19 15:43:58.647000,418.6595416536784,14
2024-09-19 15:43:58.656000,418.64349855645,12
2024-09-19 15:43:58.689000,418.6429644584668,1001
2024-09-19 15:43:58.709000,418.56586843980136,96
2024-09-19 15:43:58.731000,418.5903307872068,12
2024-09-19 15:43:58.732000,418.5838815231517,102
2024-09-19 15:43:58.751000,418.6151378709815,10
2024-09-19 15:43:58.794000,418.5664818365478,997
2024-09-19 15:43:58.816000,418.6184593992292,1003
2024-09-19 15:43:58.867000,418.5949658233745,1004
2024-09-19 15:43:58.886000,418.5600856238792,1003
2024-09-19 15:43:58.895000,418.6335419950406,102
2024-09-19 15:43:58.943000,418.5977711433612,7
2024-09-19 15:43:58.957000,418.6050013496779,98
2024-09-19 15:43:58.982000,418.5666756445614,6
2024-09-19 15:43:58.996000,418.565801561973,13
2024-09-19 15:43:59.261000,418.6641137560208,13
2024-09-19 15:43:59.273000,418.6757478135149,999
2024-09-19 15:43:59.280000,418.6742636073759,9
2024-09-19 15:43:59.421000,418.6546957533016,1000
2024-09-19 15:43:59.458000,418.6722791887723,13
2024-09-19 15:43:59.518000,418.6705295086314,7
2024-09-19 15:43:59.610000,418.66689244110273,1004
2024-09-19 15:43:59.614000,418.6801933979645,104
2024-09-19 15:43:59.707000,418.6459122153167,1005
2024-09-19 15:43:59.728000,418.6688165671954,6
2024-09-19 15:43:59.734000,418.6726003433592,999
2024-09-19 15:43:59.792000,418.6387238357389,11
2024-09-19 15:43:59.901000,418.66835734107457,999
2024-09-19 15:43:59.968000,418.67952318504,14
