Timestamp,Price,Size
2024-09-20 13:54:00.063000,430.0993848886119,13
2024-09-20 13:54:00.091000,430.0845725627884,1001
2024-09-20 13:54:00.124000,430.11717808645625,11
2024-09-20 13:54:00.148000,430.1412931129367,5
2024-09-20 13:54:00.257000,430.0818035304676,1003
2024-09-20 13:54:00.258000,430.0870306482089,1005
2024-09-20 13:54:00.275000,430.0790909540446,15
2024-09-20 13:54:00.282000,430.10317622550536,103
2024-09-20 13:54:00.370000,430.0753447708468,97
2024-09-20 13:54:00.373000,430.0656926086485,12
2024-09-20 13:54:00.397000,430.10875866422975,996
2024-09-20 13:54:00.527000,430.09504961302025,98
2024-09-20 13:54:00.602000,430.0872731579084,101
2024-09-20 13:54:00.704000,430.084627982786,1001
2024-09-20 13:54:00.762000,430.0907880422791,102
2024-09-20 13:54:00.763000,430.0512734016127,96
2024-09-20 13:54:00.773000,430.07367056960726,10
2024-09-20 13:54:00.776000,430.0718056948066,7
2024-09-20 13:54:00.787000,430.09640461194914,103
2024-09-20 13:54:00.843000,430.080486584023,8
2024-09-20 13:54:00.844000,430.0672795344536,1002
2024-09-20 13:54:00.902000,430.0934363121068,13
2024-09-20 13:54:00.903000,430.1229857878414,8
2024-09-20 13:54:00.954000,430.0560897970241,8
2024-09-20 13:54:00.965000,430.0572932743089,99
2024-09-20 13:54:00.982000,430.0846440668831,95
2024-09-20 13:54:01.050000,430.1440154714823,1002
2024-09-20 13:54:01.149000,430.08510674330006,105
2024-09-20 13:54:01.262000,430.1593700098053,999
2024-09-20 13:54:01.296000,430.0942819315854,1004
2024-09-20 13:54:01.481000,430.1469550324489,1000
2024-09-20 13:54:01.667000,430.129963954638,101
2024-09-20 13:54:01.766000,430.1370998030296,12
2024-09-20 13:54:01.811000,430.132819923333,97
2024-09-20 13:54:01.814000,430.1334352994107,995
2024-09-20 13:54:01.956000,430.1417360389216,98
2024-09-20 13:54:01.963000,430.1493375737721,102
2024-09-20 13:54:02.005000,430.13499748195113,996
2024-09-20 13:54:02.077000,430.14370562811456,998
2024-09-20 13:54:02.081000,430.14226871270665,103
2024-09-20 13:54:02.239000,430.1622304471237,98
2024-09-20 13:54:02.333000,430.16307379352224,1001
2024-09-20 13:54:02.416000,430.1577421925473,9
2024-09-20 13:54:02.449000,430.15352973778494,12
2024-09-20 13:54:02.479000,430.1515587648678,999
2024-09-20 13:54:02.498000,430.1526761354696,14
2024-09-20 13:54:02.568000,430.1179579495234,5
2024-09-20 13:54:02.625000,430.1547671050366,1001
2024-09-20 13:54:02.626000,430.1599840284281,97
2024-09-20 13:54:02.626000,430.1482379367023,999
2024-09-20 13:54:02.629000,430.1081729748678,104
2024-09-20 13:54:02.632000,430.1154098398631,105
2024-09-20 13:54:02.660000,430.1619450229364,999
2024-09-20 13:54:02.723000,430.1399032486921,96
2024-09-20 13:54:02.727000,430.0844316318158,995
2024-09-20 13:54:02.735000,430.1752639698901,102
2024-09-20 13:54:02.738000,430.11083898225337,12
2024-09-20 13:54:02.771000,430.08990565539824,98
2024-09-20 13:54:02.829000,430.08061828385456,10
2024-09-20 13:54:02.862000,430.1178006163996,10
2024-09-20 13:54:02.900000,430.1193937921354,998
2024-09-20 13:54:02.927000,430.1693071422482,1001
2024-09-20 13:54:02.943000,430.1658540965327,96
2024-09-20 13:54:02.974000,430.1705571570078,998
2024-09-20 13:54:03.604000,430.1049559193608,6
2024-09-20 13:54:03.746000,430.0937503696388,1004
2024-09-20 13:54:03.954000,430.0979921945703,103
2024-09-20 13:54:04.146000,430.1458370573757,12
2024-09-20 13:54:04.187000,430.14035719433406,97
2024-09-20 13:54:04.199000,430.09034822301857,102
2024-09-20 13:54:04.249000,430.1124444848168,104
2024-09-20 13:54:04.352000,430.1280821006405,98
2024-09-20 13:54:04.592000,430.13214692542726,15
2024-09-20 13:54:04.683000,430.1336949199955,997
2024-09-20 13:54:04.709000,430.1259287145811,102
2024-09-20 13:54:04.786000,430.0964544322163,7
2024-09-20 13:54:04.949000,430.1459732751816,1002
2024-09-20 13:54:05.075000,430.07773619740607,103
2024-09-20 13:54:05.142000,430.1334656886488,1000
2024-09-20 13:54:05.173000,430.1056791848788,1002
2024-09-20 13:54:05.175000,430.1028137177458,95
2024-09-20 13:54:05.251000,430.0917590587942,98
2024-09-20 13:54:05.378000,430.0999794612485,103
2024-09-20 13:54:05.519000,430.14562584122615,999
2024-09-20 13:54:05.717000,430.0853575394984,7
2024-09-20 13:54:05.862000,430.07780670352855,7
2024-09-20 13:54:05.874000,430.0977065330318,15
2024-09-20 13:54:05.978000,430.12635569239774,98
2024-09-20 13:54:05.998000,430.09569633023307,996
2024-09-20 13:54:06.076000,430.1137792922691,1004
2024-09-20 13:54:06.266000,430.1389069905601,102
2024-09-20 13:54:06.272000,430.1243284180316,11
2024-09-20 13:54:06.299000,430.1098706925573,1001
2024-09-20 13:54:06.316000,430.1484796854256,12
2024-09-20 13:54:06.332000,430.1440003432107,97
2024-09-20 13:54:06.480000,430.1348944156938,9
2024-09-20 13:54:06.538000,430.1492589224962,105
2024-09-20 13:54:06.664000,430.13144850871055,9
2024-09-20 13:54:06.713000,430.1463974468369,103
2024-09-20 13:54:06.737000,430.1423347628326,8
2024-09-20 13:54:06.738000,430.11249024503945,1003
2024-09-20 13:54:06.960000,430.1252175399487,998
2024-09-20 13:54:07.164000,430.1685717382924,1001
2024-09-20 13:54:07.187000,430.1099650548681,103
2024-09-20 13:54:07.197000,430.1093298485729,100
2024-09-20 13:54:07.281000,430.1092784501042,95
2024-09-20 13:54:07.335000,430.1127300551721,996
2024-09-20 13:54:07.414000,430.1520888374421,103
2024-09-20 13:54:07.471000,430.1101094006424,95
2024-09-20 13:54:07.540000,430.0982464036402,1002
2024-09-20 13:54:07.542000,430.1199881221357,95
2024-09-20 13:54:07.565000,430.10674871824864,11
2024-09-20 13:54:07.587000,430.1033434614456,1001
2024-09-20 13:54:07.706000,430.12766094479343,998
2024-09-20 13:54:07.829000,430.1212557607987,103
2024-09-20 13:54:08.055000,430.15950019203535,1002
2024-09-20 13:54:08.122000,430.140623951542,12
2024-09-20 13:54:08.227000,430.1526345595953,105
2024-09-20 13:54:08.228000,430.1881723959979,1000
2024-09-20 13:54:08.252000,430.1556645389955,1001
2024-09-20 13:54:08.292000,430.1715280805721,1000
2024-09-20 13:54:08.426000,430.1418717419009,15
2024-09-20 13:54:08.454000,430.1515595705304,998
2024-09-20 13:54:08.514000,430.1721895894304,1000
2024-09-20 13:54:08.532000,430.1608334105047,1000
2024-09-20 13:54:08.569000,430.1648400614662,12
2024-09-20 13:54:08.606000,430.1813064549059,1002
2024-09-20 13:54:08.642000,430.1835644993119,1004
2024-09-20 13:54:08.647000,430.1735085228087,1000
2024-09-20 13:54:08.707000,430.17078539124094,1001
2024-09-20 13:54:08.812000,430.1793923842288,1002
2024-09-20 13:54:08.919000,430.18256601872656,95
2024-09-20 13:54:08.949000,430.169834361727,999
2024-09-20 13:54:09.048000,430.1813003889661,9
2024-09-20 13:54:09.234000,430.1827830048745,1001
2024-09-20 13:54:09.267000,430.1672273870077,9
2024-09-20 13:54:09.524000,430.1737973263259,100
2024-09-20 13:54:09.535000,430.1682486730002,105
2024-09-20 13:54:09.615000,430.1927879221777,13
2024-09-20 13:54:09.631000,430.1796526180506,102
2024-09-20 13:54:09.799000,430.1846063307053,6
2024-09-20 13:54:09.952000,430.17409350511343,99
2024-09-20 13:54:10.013000,430.2005180387619,999
2024-09-20 13:54:10.052000,430.1872408495686,99
2024-09-20 13:54:10.134000,430.1740808375799,1003
2024-09-20 13:54:10.168000,430.12239421642965,6
2024-09-20 13:54:10.176000,430.1523163470244,6
2024-09-20 13:54:10.250000,430.187397774373,103
2024-09-20 13:54:10.263000,430.1239219358787,95
2024-09-20 13:54:10.536000,430.11445390068906,999
2024-09-20 13:54:10.542000,430.1941986806975,1004
2024-09-20 13:54:10.561000,430.1849408841262,1005
2024-09-20 13:54:10.678000,430.1726937581303,13
2024-09-20 13:54:10.712000,430.1195739778325,8
2024-09-20 13:54:10.769000,430.1736765153289,104
2024-09-20 13:54:10.824000,430.1667822506954,105
2024-09-20 13:54:10.837000,430.1525214305212,1004
2024-09-20 13:54:10.890000,430.13819197858334,7
2024-09-20 13:54:10.913000,430.1728618730027,13
2024-09-20 13:54:10.944000,430.0937565855834,102
2024-09-20 13:54:10.956000,430.17971527265365,10
2024-09-20 13:54:11.192000,430.0909437190671,1004
2024-09-20 13:54:11.355000,430.0891474599004,9
2024-09-20 13:54:11.440000,430.0932117331349,1003
2024-09-20 13:54:11.534000,430.09175750130464,104
2024-09-20 13:54:11.622000,430.0852639885959,996
2024-09-20 13:54:11.653000,430.06949333362166,1004
2024-09-20 13:54:11.898000,430.0758302602627,1005
2024-09-20 13:54:12.063000,430.0240612686816,6
2024-09-20 13:54:12.131000,430.0567951799699,11
2024-09-20 13:54:12.171000,430.018855769736,1000
2024-09-20 13:54:12.183000,430.01185080506747,1002
2024-09-20 13:54:12.201000,430.0278186755576,7
2024-09-20 13:54:12.226000,429.99413811715374,1004
2024-09-20 13:54:12.272000,430.0150865409558,998
2024-09-20 13:54:12.285000,430.0481953677724,7
2024-09-20 13:54:12.344000,430.0216020185135,9
2024-09-20 13:54:12.423000,430.0388786484679,7
2024-09-20 13:54:12.430000,430.0131054352154,104
2024-09-20 13:54:12.458000,430.0327676382552,102
2024-09-20 13:54:12.499000,430.0625687409317,10
2024-09-20 13:54:12.513000,430.0427676876396,8
2024-09-20 13:54:12.527000,430.00473376397207,1001
2024-09-20 13:54:12.553000,430.0225734828696,9
2024-09-20 13:54:12.589000,430.0430756433781,1004
2024-09-20 13:54:12.621000,430.0562609093042,1000
2024-09-20 13:54:12.696000,430.0662966398826,96
2024-09-20 13:54:12.716000,430.02375661719566,100
2024-09-20 13:54:12.909000,430.053587960317,98
2024-09-20 13:54:12.925000,430.04731810642295,1001
2024-09-20 13:54:12.929000,430.0287362961624,1001
2024-09-20 13:54:13.036000,430.010003125503,95
2024-09-20 13:54:13.092000,430.04586116012655,98
2024-09-20 13:54:13.095000,430.01147804790713,98
2024-09-20 13:54:13.106000,430.0026481887456,96
2024-09-20 13:54:13.133000,430.012826156626,1002
2024-09-20 13:54:13.276000,430.0331100395831,101
2024-09-20 13:54:13.451000,430.054984167053,9
2024-09-20 13:54:13.531000,430.0190245626218,7
2024-09-20 13:54:13.589000,430.0454143786097,10
2024-09-20 13:54:13.643000,429.9971596470076,1001
2024-09-20 13:54:13.804000,430.0363399528825,998
2024-09-20 13:54:13.811000,430.00544117114055,1004
2024-09-20 13:54:13.878000,430.0396909269324,1001
2024-09-20 13:54:13.961000,430.0317256512837,8
2024-09-20 13:54:13.998000,430.0375646803183,103
2024-09-20 13:54:14.176000,430.0437645161044,7
2024-09-20 13:54:14.202000,430.0675299776967,6
2024-09-20 13:54:14.308000,430.04901737617536,6
2024-09-20 13:54:14.374000,430.06312221068447,105
2024-09-20 13:54:14.376000,430.0510883358583,15
2024-09-20 13:54:14.488000,430.0483972729446,10
2024-09-20 13:54:14.535000,430.04721090416666,997
2024-09-20 13:54:14.579000,430.0667458686767,10
2024-09-20 13:54:14.606000,430.0726629754956,96
2024-09-20 13:54:14.752000,430.0566808375424,1001
2024-09-20 13:54:14.791000,430.0591942785484,105
2024-09-20 13:54:14.859000,430.0313696188936,5
2024-09-20 13:54:14.867000,430.0513843307377,998
2024-09-20 13:54:14.906000,430.0678786524372,7
2024-09-20 13:54:14.925000,430.0676826692299,1003
2024-09-20 13:54:14.943000,430.05198145715633,7
2024-09-20 13:54:15.035000,429.9407249207259,8
2024-09-20 13:54:15.040000,429.95142087044434,10
2024-09-20 13:54:15.045000,429.9647210746761,12
2024-09-20 13:54:15.083000,430.0505770234943,9
2024-09-20 13:54:15.235000,430.0602069408824,995
2024-09-20 13:54:15.237000,429.9512943201466,5
2024-09-20 13:54:15.383000,429.9443142566882,100
2024-09-20 13:54:15.394000,430.0481636099673,103
2024-09-20 13:54:15.419000,430.057273190225,995
2024-09-20 13:54:15.448000,429.9780590467824,104
2024-09-20 13:54:15.460000,429.9448260447789,7
2024-09-20 13:54:15.476000,430.02722671855975,6
2024-09-20 13:54:15.555000,430.06575973556073,100
2024-09-20 13:54:15.563000,429.9509385275431,15
2024-09-20 13:54:15.624000,430.01806674120405,96
2024-09-20 13:54:15.708000,430.04827784273954,9
2024-09-20 13:54:15.762000,429.962158238739,998
2024-09-20 13:54:15.775000,430.0075154743145,96
2024-09-20 13:54:15.778000,429.9991881291858,103
2024-09-20 13:54:15.810000,429.9631206927219,6
2024-09-20 13:54:15.833000,430.0427346763861,11
2024-09-20 13:54:15.859000,429.9651894552239,997
2024-09-20 13:54:15.967000,429.9893870263704,997
2024-09-20 13:54:16.073000,429.9543271297077,96
2024-09-20 13:54:16.233000,429.94535692974347,96
2024-09-20 13:54:16.618000,429.9502146282815,5
2024-09-20 13:54:16.825000,429.9581391884333,8
2024-09-20 13:54:17.378000,429.93434804969655,5
2024-09-20 13:54:18.007000,429.94102114499714,12
2024-09-20 13:54:18.076000,429.9586715569117,6
2024-09-20 13:54:18.146000,429.9551228000675,12
2024-09-20 13:54:18.285000,429.95207601907066,1005
2024-09-20 13:54:18.288000,429.97160158912016,103
2024-09-20 13:54:18.733000,429.9348023323605,1004
2024-09-20 13:54:18.835000,429.9315504063711,100
2024-09-20 13:54:18.841000,429.9534444184183,1004
2024-09-20 13:54:18.885000,429.9541377887948,5
2024-09-20 13:54:20.005000,429.918560688149,96
2024-09-20 13:54:20.018000,429.9243044609405,14
2024-09-20 13:54:20.165000,429.924847850896,9
2024-09-20 13:54:20.233000,429.8848408408726,1000
2024-09-20 13:54:20.332000,429.9154815838174,9
2024-09-20 13:54:20.336000,429.89392365799387,996
2024-09-20 13:54:20.393000,429.8741384122485,1000
2024-09-20 13:54:20.440000,429.9250032304281,998
2024-09-20 13:54:20.497000,429.9187958144874,14
2024-09-20 13:54:20.513000,429.9050006195553,8
2024-09-20 13:54:20.547000,429.9194067492126,11
2024-09-20 13:54:20.548000,429.929432495365,12
2024-09-20 13:54:20.551000,429.9422241431544,104
2024-09-20 13:54:20.566000,429.9146702094602,999
2024-09-20 13:54:20.611000,429.90745943067793,7
2024-09-20 13:54:20.667000,429.9059177451307,96
2024-09-20 13:54:20.695000,429.9231080979064,95
2024-09-20 13:54:20.706000,429.9208405430467,104
2024-09-20 13:54:20.733000,429.9366528971053,1003
2024-09-20 13:54:20.812000,429.8743612917093,1002
2024-09-20 13:54:20.860000,429.9171463449353,996
2024-09-20 13:54:20.873000,429.93116195762354,7
2024-09-20 13:54:20.874000,429.9401252873998,5
2024-09-20 13:54:20.953000,429.919532477188,10
2024-09-20 13:54:20.981000,429.8911104575542,98
2024-09-20 13:54:21.058000,429.9276203935481,1005
2024-09-20 13:54:21.188000,429.9238984923937,103
2024-09-20 13:54:21.202000,429.9469556913272,99
2024-09-20 13:54:21.287000,429.8995237237493,1000
2024-09-20 13:54:21.366000,429.94400226375086,999
2024-09-20 13:54:21.532000,429.9314639812617,11
2024-09-20 13:54:21.899000,429.9138925612671,105
2024-09-20 13:54:22.034000,429.9274003200984,1004
2024-09-20 13:54:22.294000,429.9271582344311,1004
2024-09-20 13:54:22.345000,429.92619149370313,104
2024-09-20 13:54:22.394000,429.9356681235521,8
2024-09-20 13:54:22.486000,429.9311429441256,1004
2024-09-20 13:54:22.500000,429.9344070924847,1004
2024-09-20 13:54:22.944000,429.92378963170495,101
2024-09-20 13:54:23.432000,429.91229865461935,102
2024-09-20 13:54:23.448000,429.909673062528,7
2024-09-20 13:54:23.623000,429.9276092560244,105
2024-09-20 13:54:23.653000,429.9265615075064,7
2024-09-20 13:54:23.884000,429.9214061940285,8
2024-09-20 13:54:24.130000,429.8640912370761,102
2024-09-20 13:54:24.168000,429.8732449821567,996
2024-09-20 13:54:24.209000,429.9059343137919,105
2024-09-20 13:54:24.213000,429.8682864706804,103
2024-09-20 13:54:24.215000,429.8721599715955,5
2024-09-20 13:54:24.290000,429.8550848540765,15
2024-09-20 13:54:24.292000,429.8843921104565,11
2024-09-20 13:54:24.347000,429.8365795015068,13
2024-09-20 13:54:24.381000,429.9233432045734,1005
2024-09-20 13:54:24.470000,429.8803254442541,96
2024-09-20 13:54:24.491000,429.88294412639567,15
2024-09-20 13:54:24.526000,429.8877858544053,1005
2024-09-20 13:54:24.601000,429.908078767248,100
2024-09-20 13:54:24.797000,429.8255060875506,1001
2024-09-20 13:54:24.817000,429.8612760845909,995
2024-09-20 13:54:24.843000,429.8823927349077,95
2024-09-20 13:54:24.888000,429.86986297185126,1000
2024-09-20 13:54:24.912000,429.9179619925861,1004
2024-09-20 13:54:24.924000,429.8800019985906,1001
2024-09-20 13:54:25.200000,429.7933104224441,5
2024-09-20 13:54:25.896000,429.802554701163,7
2024-09-20 13:54:25.903000,429.8065971172858,5
2024-09-20 13:54:26.022000,429.8146036272536,12
2024-09-20 13:54:26.024000,429.7818103806509,1005
2024-09-20 13:54:26.039000,429.78019680001375,6
2024-09-20 13:54:26.285000,429.7760811144786,1002
2024-09-20 13:54:26.292000,429.8212836387894,1001
2024-09-20 13:54:26.299000,429.84316994571657,98
2024-09-20 13:54:26.322000,429.7938089836868,14
2024-09-20 13:54:26.356000,429.7851377766176,1003
2024-09-20 13:54:26.370000,429.80107035789774,104
2024-09-20 13:54:26.426000,429.7829254556389,13
2024-09-20 13:54:26.553000,429.7822380013892,102
2024-09-20 13:54:26.576000,429.7922074100353,1001
2024-09-20 13:54:26.661000,429.7928069996673,15
2024-09-20 13:54:26.729000,429.8010112906173,999
2024-09-20 13:54:26.895000,429.8083359653168,98
2024-09-20 13:54:26.901000,429.83648847042673,103
2024-09-20 13:54:26.905000,429.7887173015272,996
2024-09-20 13:54:26.934000,429.8107601017842,99
2024-09-20 13:54:26.982000,429.81298420177353,1002
2024-09-20 13:54:26.992000,429.7937337080059,15
2024-09-20 13:54:26.996000,429.7758050684099,12
2024-09-20 13:54:27.019000,429.78385954740537,105
2024-09-20 13:54:27.055000,429.7960769113881,100
2024-09-20 13:54:27.098000,429.807387368835,10
2024-09-20 13:54:27.148000,429.8111646167025,98
2024-09-20 13:54:27.156000,429.786304300596,98
2024-09-20 13:54:27.252000,429.781140997602,101
2024-09-20 13:54:27.383000,429.77871388475126,6
2024-09-20 13:54:27.388000,429.7964620012549,14
2024-09-20 13:54:27.484000,429.7765251840708,101
2024-09-20 13:54:27.503000,429.7920395750747,15
2024-09-20 13:54:27.595000,429.7761306905173,103
2024-09-20 13:54:27.612000,429.7918120498109,1003
2024-09-20 13:54:27.631000,429.7998820096207,98
2024-09-20 13:54:27.635000,429.8095781637618,100
2024-09-20 13:54:27.676000,429.7883849876941,15
2024-09-20 13:54:27.747000,429.8042271121956,104
2024-09-20 13:54:27.815000,429.8104320617272,12
2024-09-20 13:54:27.922000,429.80656358709126,997
2024-09-20 13:54:27.957000,429.8086079876946,10
2024-09-20 13:54:28.022000,429.8277711988873,100
2024-09-20 13:54:28.086000,429.865178525512,999
2024-09-20 13:54:28.192000,429.85708824993793,103
2024-09-20 13:54:28.253000,429.8657336766495,999
2024-09-20 13:54:28.317000,429.8893597782627,1002
2024-09-20 13:54:28.362000,429.86154308081376,100
2024-09-20 13:54:28.539000,429.8673345034649,12
2024-09-20 13:54:28.655000,429.8861282430379,97
2024-09-20 13:54:28.726000,429.824414563778,9
2024-09-20 13:54:28.750000,429.8675941905788,105
2024-09-20 13:54:28.762000,429.8846667215332,97
2024-09-20 13:54:28.807000,429.8903039690912,11
2024-09-20 13:54:28.914000,429.8813550690514,997
2024-09-20 13:54:28.976000,429.8825573945048,999
2024-09-20 13:54:28.988000,429.8590262379329,7
2024-09-20 13:54:29.030000,429.86977076073714,1005
2024-09-20 13:54:29.373000,429.8579744239446,97
2024-09-20 13:54:29.377000,429.8806173799073,1004
2024-09-20 13:54:29.745000,429.8795642862969,1001
2024-09-20 13:54:29.782000,429.8757062486114,999
2024-09-20 13:54:30.034000,429.8264658061124,12
2024-09-20 13:54:30.801000,429.8134508118974,105
2024-09-20 13:54:30.822000,429.79085607510376,10
2024-09-20 13:54:31.005000,429.84597553347805,102
2024-09-20 13:54:31.013000,429.83105052041833,999
2024-09-20 13:54:31.028000,429.83561997773154,5
2024-09-20 13:54:31.047000,429.7869210773469,103
2024-09-20 13:54:31.097000,429.8627719070898,9
2024-09-20 13:54:31.136000,429.8322349121184,101
2024-09-20 13:54:31.195000,429.80720629858257,97
2024-09-20 13:54:31.279000,429.78447754346513,98
2024-09-20 13:54:31.280000,429.8127793540541,6
2024-09-20 13:54:31.285000,429.8237058535836,996
2024-09-20 13:54:31.464000,429.7826853461691,997
2024-09-20 13:54:31.523000,429.8170317009301,6
2024-09-20 13:54:31.585000,429.8287791555267,995
2024-09-20 13:54:31.587000,429.83443058658463,105
2024-09-20 13:54:31.668000,429.8005404181105,9
2024-09-20 13:54:31.836000,429.8539025164169,5
2024-09-20 13:54:31.904000,429.8922715944526,8
2024-09-20 13:54:31.911000,429.789243826921,7
2024-09-20 13:54:31.935000,429.83050407407575,97
2024-09-20 13:54:31.951000,429.8482042986568,1004
2024-09-20 13:54:31.966000,429.8256806917707,100
2024-09-20 13:54:33.004000,429.9333737778194,101
2024-09-20 13:54:33.004000,429.8682271626052,15
2024-09-20 13:54:33.061000,429.91589736908446,98
2024-09-20 13:54:33.226000,429.8762913822753,1000
2024-09-20 13:54:33.335000,429.90275315755474,104
2024-09-20 13:54:33.408000,429.89866936785455,14
2024-09-20 13:54:33.444000,429.91523946740944,104
2024-09-20 13:54:33.536000,429.9129738086022,1000
2024-09-20 13:54:33.543000,429.90122831878045,97
2024-09-20 13:54:33.589000,429.92816751541534,98
2024-09-20 13:54:33.593000,429.874756164901,103
2024-09-20 13:54:33.601000,429.86066234979296,101
2024-09-20 13:54:33.606000,429.8905066873359,98
2024-09-20 13:54:33.611000,429.8960012096604,12
2024-09-20 13:54:33.731000,429.8789238440222,103
2024-09-20 13:54:33.765000,429.8973630514682,999
2024-09-20 13:54:33.893000,429.9044047774683,11
2024-09-20 13:54:33.928000,429.9159412735692,101
2024-09-20 13:54:33.930000,429.8495190298208,101
2024-09-20 13:54:33.931000,429.8531223766001,7
2024-09-20 13:54:33.996000,429.8741329762457,100
2024-09-20 13:54:34.373000,429.8872812927201,998
2024-09-20 13:54:35.122000,429.8298710518947,9
2024-09-20 13:54:35.150000,429.8620334840049,1005
2024-09-20 13:54:35.160000,429.8537151209376,1001
2024-09-20 13:54:35.192000,429.7912090379069,98
2024-09-20 13:54:35.200000,429.8483342968654,6
2024-09-20 13:54:35.219000,429.89109946633937,11
2024-09-20 13:54:35.239000,429.8672673936416,7
2024-09-20 13:54:35.295000,429.8452214440531,1002
2024-09-20 13:54:35.338000,429.8650039917237,102
2024-09-20 13:54:35.372000,429.8786007373743,10
2024-09-20 13:54:35.398000,429.8646171722894,97
2024-09-20 13:54:35.415000,429.88037878264834,11
2024-09-20 13:54:35.486000,429.8094585016828,13
2024-09-20 13:54:35.679000,429.830887758805,1000
2024-09-20 13:54:35.704000,429.8617672108636,10
2024-09-20 13:54:35.724000,429.8621330363836,11
2024-09-20 13:54:35.821000,429.8495392497959,96
2024-09-20 13:54:35.978000,429.8240312258581,99
2024-09-20 13:54:36.192000,429.7842168713696,10
2024-09-20 13:54:36.975000,429.7685157656399,9
2024-09-20 13:54:37.014000,429.7846220073577,96
2024-09-20 13:54:37.175000,429.80905635722064,105
2024-09-20 13:54:37.285000,429.8123476198777,12
2024-09-20 13:54:37.301000,429.8007476642404,97
2024-09-20 13:54:37.308000,429.776507995599,95
2024-09-20 13:54:37.327000,429.7770643375222,99
2024-09-20 13:54:37.366000,429.77533744409646,999
2024-09-20 13:54:37.380000,429.7718721101427,997
2024-09-20 13:54:37.412000,429.80005929739286,998
2024-09-20 13:54:37.430000,429.7922612492512,995
2024-09-20 13:54:37.483000,429.8012579765288,98
2024-09-20 13:54:37.502000,429.781280597539,102
2024-09-20 13:54:37.535000,429.7880421182357,6
2024-09-20 13:54:37.537000,429.8099839257608,103
2024-09-20 13:54:37.546000,429.7855498829069,97
2024-09-20 13:54:37.617000,429.7973230114098,95
2024-09-20 13:54:37.707000,429.780701698486,1001
2024-09-20 13:54:37.709000,429.79444943151975,97
2024-09-20 13:54:37.748000,429.8022434350653,999
2024-09-20 13:54:37.752000,429.81318005260016,1003
2024-09-20 13:54:37.790000,429.8075464732429,998
2024-09-20 13:54:37.895000,429.8207716760968,97
2024-09-20 13:54:37.915000,429.7953453798456,11
2024-09-20 13:54:37.943000,429.7906202356752,14
2024-09-20 13:54:39.001000,429.7356050554957,1001
2024-09-20 13:54:39.024000,429.7230525615096,1001
2024-09-20 13:54:39.271000,429.7407967273754,1003
2024-09-20 13:54:39.313000,429.7027130026937,104
2024-09-20 13:54:39.341000,429.7096682585287,1005
2024-09-20 13:54:39.354000,429.7678339547269,7
2024-09-20 13:54:39.373000,429.71566117932673,98
2024-09-20 13:54:39.388000,429.7285820685249,98
2024-09-20 13:54:39.392000,429.730413298257,97
2024-09-20 13:54:39.396000,429.7169453621362,102
2024-09-20 13:54:39.411000,429.7461659170733,13
2024-09-20 13:54:39.437000,429.7791916107373,6
2024-09-20 13:54:39.450000,429.7398380946902,102
2024-09-20 13:54:39.464000,429.718975391761,101
2024-09-20 13:54:39.494000,429.7357596918172,999
2024-09-20 13:54:39.508000,429.7320993798941,9
2024-09-20 13:54:39.585000,429.7273424135578,8
2024-09-20 13:54:39.595000,429.719894541613,998
2024-09-20 13:54:39.603000,429.732174553741,1001
2024-09-20 13:54:39.691000,429.7881376159348,103
2024-09-20 13:54:39.742000,429.7382461511098,96
2024-09-20 13:54:39.759000,429.7251521616915,97
2024-09-20 13:54:39.836000,429.7166194749757,6
2024-09-20 13:54:39.844000,429.7463873515888,6
2024-09-20 13:54:39.847000,429.72891068238914,96
2024-09-20 13:54:39.852000,429.7216125713275,1004
2024-09-20 13:54:39.937000,429.75942183098937,104
2024-09-20 13:54:39.955000,429.7224975202428,9
2024-09-20 13:54:39.959000,429.7075069297206,14
2024-09-20 13:54:40.018000,429.8013578561656,5
2024-09-20 13:54:40.053000,429.74738417983497,997
2024-09-20 13:54:40.159000,429.7590975836599,103
2024-09-20 13:54:40.293000,429.7866053286388,6
2024-09-20 13:54:40.304000,429.7655681160082,103
2024-09-20 13:54:40.325000,429.7426719577825,104
2024-09-20 13:54:40.336000,429.7602468976057,99
2024-09-20 13:54:40.360000,429.7473336248749,1003
2024-09-20 13:54:40.426000,429.76266345054967,100
2024-09-20 13:54:40.451000,429.7956115706119,95
2024-09-20 13:54:40.709000,429.7606183581732,95
2024-09-20 13:54:40.710000,429.7354928836714,103
2024-09-20 13:54:40.735000,429.7750565649562,95
2024-09-20 13:54:40.781000,429.7672274579752,103
2024-09-20 13:54:40.800000,429.7266684896098,6
2024-09-20 13:54:40.807000,429.7525975993661,12
2024-09-20 13:54:40.807000,429.7891012878394,99
2024-09-20 13:54:40.872000,429.7150825151089,14
2024-09-20 13:54:40.925000,429.7863309679535,1003
2024-09-20 13:54:40.990000,429.7931053286976,1005
2024-09-20 13:54:41.006000,429.7903237049096,15
2024-09-20 13:54:41.017000,429.8162387152258,7
2024-09-20 13:54:41.201000,429.79004207413385,1001
2024-09-20 13:54:41.433000,429.79792947723575,105
2024-09-20 13:54:41.521000,429.7991429714563,15
2024-09-20 13:54:41.620000,429.7842056012512,1000
2024-09-20 13:54:41.798000,429.7960412624898,995
2024-09-20 13:54:41.840000,429.8559828330714,1003
2024-09-20 13:54:41.876000,429.7926358018093,15
2024-09-20 13:54:41.955000,429.82961509524125,14
2024-09-20 13:54:42.092000,429.8401556969327,96
2024-09-20 13:54:42.409000,429.8014375204762,997
2024-09-20 13:54:42.458000,429.81398858815936,995
2024-09-20 13:54:42.569000,429.8416822449615,1000
2024-09-20 13:54:42.630000,429.81585606530416,999
2024-09-20 13:54:42.800000,429.8063622783608,96
2024-09-20 13:54:42.896000,429.8134270632223,10
2024-09-20 13:54:43.043000,429.8485847798041,997
2024-09-20 13:54:43.136000,429.83475806627126,996
2024-09-20 13:54:43.166000,429.8439686888436,999
2024-09-20 13:54:43.178000,429.8535483052113,1005
2024-09-20 13:54:43.277000,429.8219488213661,95
2024-09-20 13:54:43.326000,429.8335911833804,103
2024-09-20 13:54:43.382000,429.8269312559915,997
2024-09-20 13:54:43.446000,429.8431168572322,101
2024-09-20 13:54:43.703000,429.8320315455936,15
2024-09-20 13:54:43.889000,429.8372166777403,96
2024-09-20 13:54:43.892000,429.8490923933728,999
2024-09-20 13:54:44.040000,429.8175832034413,1004
2024-09-20 13:54:44.043000,429.8392412393061,9
2024-09-20 13:54:44.046000,429.8361098794297,1001
2024-09-20 13:54:44.150000,429.8341601128892,100
2024-09-20 13:54:44.202000,429.8437493356947,999
2024-09-20 13:54:44.203000,429.81863990067455,96
2024-09-20 13:54:44.226000,429.7921609609655,1002
2024-09-20 13:54:44.278000,429.81692988972617,8
2024-09-20 13:54:44.319000,429.8014671259625,11
2024-09-20 13:54:44.343000,429.8333288932318,97
2024-09-20 13:54:44.344000,429.84074458584354,996
2024-09-20 13:54:44.348000,429.82330252273954,8
2024-09-20 13:54:44.392000,429.78823113673536,995
2024-09-20 13:54:44.419000,429.8280257699074,995
2024-09-20 13:54:44.464000,429.79823136418565,8
2024-09-20 13:54:44.475000,429.835869680858,96
2024-09-20 13:54:44.566000,429.8157230113617,1004
2024-09-20 13:54:44.634000,429.8147143500297,1003
2024-09-20 13:54:44.639000,429.7905392867283,101
2024-09-20 13:54:44.691000,429.8296798965917,12
2024-09-20 13:54:44.716000,429.82355868171726,1004
2024-09-20 13:54:44.739000,429.8323725882399,1001
2024-09-20 13:54:44.764000,429.8379162494772,996
2024-09-20 13:54:44.811000,429.8232079539309,997
2024-09-20 13:54:44.845000,429.825777405146,98
2024-09-20 13:54:44.859000,429.8082325305694,5
2024-09-20 13:54:44.923000,429.8162927399869,995
2024-09-20 13:54:45.080000,429.8682421385834,15
2024-09-20 13:54:45.117000,429.8772196590896,101
2024-09-20 13:54:45.239000,429.85153354451694,101
2024-09-20 13:54:45.553000,429.8255510299538,100
2024-09-20 13:54:45.622000,429.8287445802592,1001
2024-09-20 13:54:45.702000,429.8430389352592,95
2024-09-20 13:54:46.087000,429.8450410569862,13
2024-09-20 13:54:46.091000,429.8556397039277,103
2024-09-20 13:54:46.179000,429.8717783244495,99
2024-09-20 13:54:46.245000,429.84223843732593,15
2024-09-20 13:54:46.256000,429.8495637684887,95
2024-09-20 13:54:46.328000,429.8345219741497,997
2024-09-20 13:54:46.398000,429.87549441668216,1002
2024-09-20 13:54:46.473000,429.9085795336812,1005
2024-09-20 13:54:46.508000,429.8362477664807,1002
2024-09-20 13:54:46.534000,429.8436261208163,7
2024-09-20 13:54:46.562000,429.8424369692802,7
2024-09-20 13:54:46.565000,429.8510100471749,99
2024-09-20 13:54:46.580000,429.8649920394624,1003
2024-09-20 13:54:46.670000,429.8744843277955,1000
2024-09-20 13:54:46.672000,429.897580813602,99
2024-09-20 13:54:46.678000,429.8607032462587,6
2024-09-20 13:54:46.731000,429.8393345527816,12
2024-09-20 13:54:46.786000,429.9058144256534,1000
2024-09-20 13:54:46.814000,429.8399922498778,10
2024-09-20 13:54:46.858000,429.8433907397975,1000
2024-09-20 13:54:46.905000,429.8479699194376,1003
2024-09-20 13:54:46.910000,429.8800932624709,100
2024-09-20 13:54:46.940000,429.8309614684995,6
2024-09-20 13:54:47.120000,429.8792656889343,105
2024-09-20 13:54:47.135000,429.8404684732899,5
2024-09-20 13:54:47.150000,429.8360938866985,10
2024-09-20 13:54:47.162000,429.8650094781276,995
2024-09-20 13:54:47.166000,429.8453513839815,1004
2024-09-20 13:54:47.197000,429.88768046126165,1001
2024-09-20 13:54:47.211000,429.8343929358945,5
2024-09-20 13:54:47.238000,429.832983013969,103
2024-09-20 13:54:47.276000,429.8641469941488,102
2024-09-20 13:54:47.310000,429.87406089263055,12
2024-09-20 13:54:47.317000,429.8484630714616,1000
2024-09-20 13:54:47.372000,429.8696930563897,105
2024-09-20 13:54:47.432000,429.8959901736984,1005
2024-09-20 13:54:47.451000,429.8505236894329,7
2024-09-20 13:54:47.452000,429.8452554542136,7
2024-09-20 13:54:47.495000,429.8442706404735,1002
2024-09-20 13:54:47.525000,429.8318225398068,1003
2024-09-20 13:54:47.587000,429.90207792923087,1005
2024-09-20 13:54:47.593000,429.869849565492,998
2024-09-20 13:54:47.631000,429.8739377617183,9
2024-09-20 13:54:47.658000,429.8891564089519,1002
2024-09-20 13:54:47.707000,429.8513150575312,11
2024-09-20 13:54:47.887000,429.8661688203232,97
2024-09-20 13:54:47.898000,429.8696558183007,995
2024-09-20 13:54:47.950000,429.8707245861701,1004
2024-09-20 13:54:47.958000,429.8362328528385,11
2024-09-20 13:54:48.072000,429.9090357009543,99
2024-09-20 13:54:48.114000,429.8801518598236,13
2024-09-20 13:54:48.135000,429.9779471223877,5
2024-09-20 13:54:48.167000,429.9004731935438,1001
2024-09-20 13:54:48.272000,429.91438933435927,995
2024-09-20 13:54:48.277000,429.9798523566338,1000
2024-09-20 13:54:48.370000,429.9188115802912,999
2024-09-20 13:54:48.374000,429.9056768165451,1002
2024-09-20 13:54:48.384000,429.8956442339749,6
2024-09-20 13:54:48.386000,429.9602101623103,1002
2024-09-20 13:54:48.391000,429.9098298108795,1000
2024-09-20 13:54:48.400000,429.9070579738401,998
2024-09-20 13:54:48.430000,429.9090286673047,999
2024-09-20 13:54:48.451000,429.948294118524,9
2024-09-20 13:54:48.617000,429.988189012706,98
2024-09-20 13:54:48.665000,429.9746102091603,1004
2024-09-20 13:54:48.673000,430.0004437623583,7
2024-09-20 13:54:48.695000,429.9822814168774,14
2024-09-20 13:54:48.698000,429.9247738060949,10
2024-09-20 13:54:48.701000,429.950032140445,15
2024-09-20 13:54:48.776000,429.93376024364176,103
2024-09-20 13:54:48.817000,429.91349335019066,1004
2024-09-20 13:54:48.896000,429.901003669777,14
2024-09-20 13:54:48.897000,429.9933775517415,8
2024-09-20 13:54:48.907000,429.905999078008,13
2024-09-20 13:54:49.189000,429.9670211362399,103
2024-09-20 13:54:49.537000,429.9866338394337,9
2024-09-20 13:54:49.598000,429.9712382531742,14
2024-09-20 13:54:49.755000,429.9978986503754,1003
2024-09-20 13:54:49.845000,430.0084340828543,1002
2024-09-20 13:54:49.951000,429.9677828697114,11
2024-09-20 13:54:50.044000,430.0033345170417,99
2024-09-20 13:54:50.049000,430.00447518500187,9
2024-09-20 13:54:50.054000,429.998962655195,98
2024-09-20 13:54:50.122000,429.99364611992223,97
2024-09-20 13:54:50.135000,429.9825615279211,101
2024-09-20 13:54:50.229000,429.98056170820826,104
2024-09-20 13:54:50.472000,430.0037790692692,14
2024-09-20 13:54:50.506000,429.993628022877,98
2024-09-20 13:54:50.621000,429.9810322683009,9
2024-09-20 13:54:50.648000,430.0232667402309,10
2024-09-20 13:54:50.692000,429.9972930196304,5
2024-09-20 13:54:50.732000,429.9821918876178,1005
2024-09-20 13:54:50.742000,430.00508836859433,15
2024-09-20 13:54:50.772000,429.9936480568561,104
2024-09-20 13:54:50.773000,429.9902060356237,1000
2024-09-20 13:54:50.811000,429.97004244272273,7
2024-09-20 13:54:50.820000,430.00927450079297,11
2024-09-20 13:54:50.856000,429.9796997567275,995
2024-09-20 13:54:50.865000,429.9857295474916,10
2024-09-20 13:54:50.971000,430.0015342866155,97
2024-09-20 13:54:50.981000,429.974534289319,6
2024-09-20 13:54:51.070000,430.01461569271385,6
2024-09-20 13:54:51.073000,430.00486278930254,15
2024-09-20 13:54:51.304000,430.0189340351508,105
2024-09-20 13:54:51.538000,430.012018528996,1005
2024-09-20 13:54:51.771000,430.0148021547768,101
2024-09-20 13:54:51.862000,430.0273126349592,997
2024-09-20 13:54:51.914000,429.9988058943325,100
2024-09-20 13:54:52.047000,430.0414130395208,996
2024-09-20 13:54:52.079000,429.9736285908013,13
2024-09-20 13:54:52.199000,429.9828239233007,103
2024-09-20 13:54:52.207000,430.0069784879148,101
2024-09-20 13:54:52.311000,430.0350022232557,8
2024-09-20 13:54:52.319000,430.043588772711,101
2024-09-20 13:54:52.336000,430.050384707846,99
2024-09-20 13:54:52.351000,430.02016040671833,96
2024-09-20 13:54:52.409000,430.04307088182446,100
2024-09-20 13:54:52.453000,430.0014673223732,95
2024-09-20 13:54:52.569000,430.0584220868701,11
2024-09-20 13:54:52.570000,430.05232501418,95
2024-09-20 13:54:52.572000,430.0654366831106,11
2024-09-20 13:54:52.647000,430.0374274418569,102
2024-09-20 13:54:52.648000,430.0649141163143,99
2024-09-20 13:54:52.658000,430.0735558402714,15
2024-09-20 13:54:52.677000,430.00095200404434,996
2024-09-20 13:54:52.709000,430.0333845965328,995
2024-09-20 13:54:52.735000,430.00970421851287,14
2024-09-20 13:54:52.750000,430.0387694656609,102
2024-09-20 13:54:52.820000,430.0136549516558,11
2024-09-20 13:54:52.832000,430.05661268565177,100
2024-09-20 13:54:52.871000,430.0106669834518,13
2024-09-20 13:54:52.897000,430.0381604852423,998
2024-09-20 13:54:52.923000,430.0072761108183,15
2024-09-20 13:54:52.951000,430.0530128721281,1000
2024-09-20 13:54:52.954000,430.0387515342725,1003
2024-09-20 13:54:53.007000,429.9843817513616,102
2024-09-20 13:54:53.013000,429.9951846797443,96
2024-09-20 13:54:53.066000,430.0084066337592,97
2024-09-20 13:54:53.109000,429.9945037265532,6
2024-09-20 13:54:53.124000,429.9674743220267,999
2024-09-20 13:54:53.144000,429.9863457939666,101
2024-09-20 13:54:53.153000,429.984298505455,1000
2024-09-20 13:54:53.161000,429.9898858547558,7
2024-09-20 13:54:53.190000,430.0057072466453,105
2024-09-20 13:54:53.252000,430.0267527043597,7
2024-09-20 13:54:53.287000,429.9805430502238,999
2024-09-20 13:54:53.330000,429.9683641820767,998
2024-09-20 13:54:53.404000,430.0078305282677,1005
2024-09-20 13:54:53.431000,430.0118409184628,11
2024-09-20 13:54:53.491000,429.9923128171362,105
2024-09-20 13:54:53.530000,430.0194072272615,101
2024-09-20 13:54:53.586000,430.011531848066,997
2024-09-20 13:54:53.639000,430.00975608024345,1003
2024-09-20 13:54:53.660000,429.9865935884993,105
2024-09-20 13:54:53.694000,429.9940291117587,1004
2024-09-20 13:54:53.766000,430.0164904383061,8
2024-09-20 13:54:53.837000,430.0194172670739,11
2024-09-20 13:54:53.923000,430.00598811657005,96
2024-09-20 13:54:54.107000,429.9541580380272,8
2024-09-20 13:54:54.319000,430.018889829046,97
2024-09-20 13:54:54.374000,429.9497591105421,99
2024-09-20 13:54:54.465000,430.0069535997585,1002
2024-09-20 13:54:54.490000,429.99248465246126,998
2024-09-20 13:54:54.495000,430.0216800244289,103
2024-09-20 13:54:54.534000,430.00217788924346,997
2024-09-20 13:54:54.615000,429.9553002017618,15
2024-09-20 13:54:54.664000,430.00875343816847,997
2024-09-20 13:54:54.706000,429.9521257304695,997
2024-09-20 13:54:54.711000,430.0033708337792,1005
2024-09-20 13:54:54.782000,429.9887652263706,1000
2024-09-20 13:54:54.790000,429.9496346984711,998
2024-09-20 13:54:54.799000,430.0077794005786,998
2024-09-20 13:54:55.027000,429.9640473351745,95
2024-09-20 13:54:55.083000,429.9649047961656,999
2024-09-20 13:54:55.125000,429.8786141164317,10
2024-09-20 13:54:55.144000,429.905834374836,100
2024-09-20 13:54:55.147000,429.97700142985656,104
2024-09-20 13:54:55.158000,429.8888875694129,1001
2024-09-20 13:54:55.167000,429.8764045106513,102
2024-09-20 13:54:55.217000,429.8655695611318,996
2024-09-20 13:54:55.225000,429.8963497824461,98
2024-09-20 13:54:55.271000,429.8807454134216,999
2024-09-20 13:54:55.306000,429.89496726774,996
2024-09-20 13:54:55.392000,429.8692501774148,996
2024-09-20 13:54:55.445000,429.9592787484645,998
2024-09-20 13:54:55.500000,429.9064480162164,998
2024-09-20 13:54:55.513000,429.8976155770759,103
2024-09-20 13:54:55.650000,429.8977619501641,1004
2024-09-20 13:54:55.715000,429.96860526708105,14
2024-09-20 13:54:55.722000,429.96044948092174,6
2024-09-20 13:54:55.746000,429.8919250306364,102
2024-09-20 13:54:55.782000,429.9113007759944,102
2024-09-20 13:54:55.797000,429.89694679031913,12
2024-09-20 13:54:55.807000,429.8903554850028,14
2024-09-20 13:54:55.833000,429.9066751590366,97
2024-09-20 13:54:55.845000,429.94093410214265,95
2024-09-20 13:54:55.871000,429.9505688879023,96
2024-09-20 13:54:55.910000,429.8949200897725,999
2024-09-20 13:54:55.920000,429.9199210392604,99
2024-09-20 13:54:55.984000,429.9476668736084,10
2024-09-20 13:54:55.996000,429.8998070951167,1000
2024-09-20 13:54:56.007000,429.85807812951646,10
2024-09-20 13:54:56.045000,429.7923397338552,8
2024-09-20 13:54:56.047000,429.84649790628106,100
2024-09-20 13:54:56.071000,429.8026998241905,15
2024-09-20 13:54:56.202000,429.8054658497361,5
2024-09-20 13:54:56.284000,429.8271762716524,97
2024-09-20 13:54:56.333000,429.8435568129568,97
2024-09-20 13:54:56.422000,429.8185326326866,1004
2024-09-20 13:54:56.456000,429.8094115398158,995
2024-09-20 13:54:56.471000,429.8444528411384,6
2024-09-20 13:54:56.594000,429.8265290910006,11
2024-09-20 13:54:56.633000,429.8198652775667,6
2024-09-20 13:54:56.641000,429.8369504639882,10
2024-09-20 13:54:56.642000,429.8511494069836,97
2024-09-20 13:54:56.755000,429.8299533540128,11
2024-09-20 13:54:56.785000,429.8417776713938,101
2024-09-20 13:54:56.862000,429.8368394941649,1000
2024-09-20 13:54:56.931000,429.8251627598367,97
2024-09-20 13:54:56.960000,429.83899642641205,998
2024-09-20 13:54:56.993000,429.80457408634754,10
2024-09-20 13:54:57.044000,429.7895029629887,996
2024-09-20 13:54:57.162000,429.7931783978679,14
2024-09-20 13:54:57.351000,429.8209420868869,96
2024-09-20 13:54:57.415000,429.7960332757164,97
2024-09-20 13:54:57.434000,429.8239072251105,12
2024-09-20 13:54:57.914000,429.8068999732643,96
2024-09-20 13:54:58.161000,429.8134945132021,103
2024-09-20 13:54:58.174000,429.79619840842105,104
2024-09-20 13:54:58.253000,429.7856366728794,9
2024-09-20 13:54:58.318000,429.767801233202,8
2024-09-20 13:54:58.555000,429.80547297234654,9
2024-09-20 13:54:58.585000,429.7762334840298,104
2024-09-20 13:54:58.622000,429.8093015130245,101
2024-09-20 13:54:58.723000,429.7771873334317,101
2024-09-20 13:54:58.798000,429.8237827806193,1001
2024-09-20 13:54:58.814000,429.7677821901477,11
2024-09-20 13:54:59.041000,429.78706045187215,995
2024-09-20 13:54:59.071000,429.7918940472617,1000
2024-09-20 13:54:59.193000,429.82239704665966,998
2024-09-20 13:54:59.263000,429.76185455366897,995
2024-09-20 13:54:59.277000,429.7720194125385,99
2024-09-20 13:54:59.277000,429.79876425073,1002
2024-09-20 13:54:59.312000,429.7746685955016,97
2024-09-20 13:54:59.351000,429.80030036053137,103
2024-09-20 13:54:59.439000,429.82652637409706,96
2024-09-20 13:54:59.589000,429.780102282644,1004
2024-09-20 13:54:59.594000,429.7747425200751,101
2024-09-20 13:54:59.602000,429.8705859318744,15
2024-09-20 13:54:59.670000,429.8054603093431,102
2024-09-20 13:54:59.746000,429.7753743989302,7
2024-09-20 13:54:59.756000,429.8586918673744,100
2024-09-20 13:54:59.777000,429.8156948524545,998
2024-09-20 13:54:59.977000,429.8066396050809,95
