Timestamp,Price,Size
2024-09-17 11:15:00.060000,414.8516371988013,95
2024-09-17 11:15:00.432000,414.8441613075594,999
2024-09-17 11:15:00.492000,414.83975833083184,1003
2024-09-17 11:15:01.093000,414.8324144181904,995
2024-09-17 11:15:01.174000,414.864719144276,8
2024-09-17 11:15:01.376000,414.8498885609137,1000
2024-09-17 11:15:01.423000,414.8247597928073,98
2024-09-17 11:15:01.435000,414.8481539148521,11
2024-09-17 11:15:01.551000,414.843110468152,5
2024-09-17 11:15:01.607000,414.8460569518941,996
2024-09-17 11:15:01.830000,414.78929146500616,6
2024-09-17 11:15:02.025000,414.8066294747316,95
2024-09-17 11:15:02.055000,414.8040298480917,996
2024-09-17 11:15:02.148000,414.8092217305895,9
2024-09-17 11:15:02.217000,414.7843734966964,6
2024-09-17 11:15:02.410000,414.8102298971029,9
2024-09-17 11:15:02.482000,414.7989289873503,102
2024-09-17 11:15:02.503000,414.7948450867527,99
2024-09-17 11:15:02.598000,414.82016557028686,999
2024-09-17 11:15:02.671000,414.829204332795,99
2024-09-17 11:15:02.686000,414.7843375830505,5
2024-09-17 11:15:02.700000,414.7977946453269,995
2024-09-17 11:15:02.720000,414.779397118401,105
2024-09-17 11:15:02.853000,414.8303730312656,96
2024-09-17 11:15:02.866000,414.8197217707725,105
2024-09-17 11:15:02.912000,414.8156800360857,14
2024-09-17 11:15:02.948000,414.8069501651145,103
2024-09-17 11:15:03.677000,414.83535835880514,1004
2024-09-17 11:15:03.709000,414.8021293339497,1005
2024-09-17 11:15:03.941000,414.8273711120306,7
2024-09-17 11:15:04.017000,414.8864533271531,104
2024-09-17 11:15:04.019000,414.8665571144779,1000
2024-09-17 11:15:04.028000,414.8930130491622,96
2024-09-17 11:15:04.032000,414.8718464022615,101
2024-09-17 11:15:04.114000,414.8620261512304,995
2024-09-17 11:15:04.146000,414.8663930444028,1000
2024-09-17 11:15:04.166000,414.88323521777056,14
2024-09-17 11:15:04.182000,414.8786171049306,101
2024-09-17 11:15:04.211000,414.8745698495305,97
2024-09-17 11:15:04.237000,414.8671490080591,1002
2024-09-17 11:15:04.361000,414.8770030316549,1004
2024-09-17 11:15:04.420000,414.8294456371072,100
2024-09-17 11:15:04.477000,414.8577447956596,95
2024-09-17 11:15:04.480000,414.8880328972757,1004
2024-09-17 11:15:04.588000,414.9080654549584,99
2024-09-17 11:15:04.610000,414.8278442751681,999
2024-09-17 11:15:04.613000,414.81206551613104,14
2024-09-17 11:15:04.622000,414.87886643545954,1004
2024-09-17 11:15:04.624000,414.881892168196,14
2024-09-17 11:15:04.651000,414.87629904832505,5
2024-09-17 11:15:04.675000,414.8783372243781,100
2024-09-17 11:15:04.732000,414.8977312878706,998
2024-09-17 11:15:04.736000,414.8706576750823,1002
2024-09-17 11:15:04.837000,414.8923075732463,101
2024-09-17 11:15:04.922000,414.893010604688,1000
2024-09-17 11:15:04.922000,414.8899349390688,1000
2024-09-17 11:15:04.982000,414.8867227301909,100
2024-09-17 11:15:04.994000,414.889891644564,14
2024-09-17 11:15:05.143000,414.9028646822746,1002
2024-09-17 11:15:05.177000,414.9201728323966,98
2024-09-17 11:15:05.208000,414.8615088306552,95
2024-09-17 11:15:05.335000,414.9189395881921,14
2024-09-17 11:15:05.337000,414.8962222501828,1003
2024-09-17 11:15:05.338000,414.8829048606374,996
2024-09-17 11:15:05.422000,414.84390342425735,999
2024-09-17 11:15:05.443000,414.8475757155997,1000
2024-09-17 11:15:05.534000,414.8806757950501,96
2024-09-17 11:15:05.561000,414.8933401275637,104
2024-09-17 11:15:05.756000,414.9395065685852,997
2024-09-17 11:15:05.772000,414.8835801270087,1004
2024-09-17 11:15:05.787000,414.9068888964912,8
2024-09-17 11:15:05.826000,414.860009654953,1004
2024-09-17 11:15:05.835000,414.9036412231904,96
2024-09-17 11:15:05.849000,414.8684159141456,999
2024-09-17 11:15:05.881000,414.8455079990661,1003
2024-09-17 11:15:05.967000,414.9122198583327,102
2024-09-17 11:15:06,414.7775640937815,1000
2024-09-17 11:15:06.022000,414.85077713377217,11
2024-09-17 11:15:06.054000,414.8015839521608,10
2024-09-17 11:15:06.055000,414.8112645949196,1001
2024-09-17 11:15:06.124000,414.78863846421655,13
2024-09-17 11:15:06.387000,414.7648654131501,1003
2024-09-17 11:15:06.391000,414.7826825167876,1003
2024-09-17 11:15:06.425000,414.829762509524,1004
2024-09-17 11:15:06.571000,414.8138655530614,1003
2024-09-17 11:15:06.604000,414.8145474516799,97
2024-09-17 11:15:06.750000,414.8139040745735,104
2024-09-17 11:15:06.825000,414.7990866980934,100
2024-09-17 11:15:06.841000,414.8142441819376,5
2024-09-17 11:15:06.880000,414.8271718611176,102
2024-09-17 11:15:06.933000,414.81534048313273,105
2024-09-17 11:15:06.993000,414.84100868785873,97
2024-09-17 11:15:07.011000,414.8240544433591,11
2024-09-17 11:15:07.068000,414.7505678872104,6
2024-09-17 11:15:07.080000,414.7466359356905,1004
2024-09-17 11:15:07.088000,414.7491302957005,995
2024-09-17 11:15:07.115000,414.7540491094843,13
2024-09-17 11:15:07.118000,414.7649447104217,999
2024-09-17 11:15:07.304000,414.78221087383776,7
2024-09-17 11:15:07.343000,414.751271282633,1002
2024-09-17 11:15:07.361000,414.7792743375862,996
2024-09-17 11:15:07.387000,414.7328406953712,97
2024-09-17 11:15:07.392000,414.754798321939,102
2024-09-17 11:15:07.574000,414.7379265201241,998
2024-09-17 11:15:07.605000,414.7828188554778,8
2024-09-17 11:15:07.705000,414.743524514416,996
2024-09-17 11:15:07.747000,414.78334899656176,1004
2024-09-17 11:15:07.882000,414.8181617774412,6
2024-09-17 11:15:08.068000,414.854985641927,998
2024-09-17 11:15:08.183000,414.8199083566665,1002
2024-09-17 11:15:08.289000,414.83728791986704,6
2024-09-17 11:15:08.442000,414.8375911826429,997
2024-09-17 11:15:08.448000,414.84119572855104,1000
2024-09-17 11:15:09.010000,414.8329906772553,15
2024-09-17 11:15:09.080000,414.8266377826213,99
2024-09-17 11:15:09.083000,414.8457781669565,95
2024-09-17 11:15:09.143000,414.8146321839391,5
2024-09-17 11:15:09.153000,414.843123198606,11
2024-09-17 11:15:09.167000,414.8184132469925,7
2024-09-17 11:15:09.176000,414.8544598851368,98
2024-09-17 11:15:09.189000,414.79745604095206,999
2024-09-17 11:15:09.205000,414.80318800738695,8
2024-09-17 11:15:09.212000,414.8133311473627,995
2024-09-17 11:15:09.348000,414.8173144132936,97
2024-09-17 11:15:09.407000,414.8261996229706,13
2024-09-17 11:15:09.427000,414.8232104564763,101
2024-09-17 11:15:09.441000,414.8007578242357,1000
2024-09-17 11:15:09.457000,414.79814159613,104
2024-09-17 11:15:09.489000,414.8128023826991,103
2024-09-17 11:15:09.557000,414.81307138811553,8
2024-09-17 11:15:09.591000,414.8243067493297,1005
2024-09-17 11:15:09.674000,414.82398412057177,97
2024-09-17 11:15:09.732000,414.83669380815184,1002
2024-09-17 11:15:09.748000,414.8092360651253,105
2024-09-17 11:15:09.768000,414.8184339526791,1003
2024-09-17 11:15:09.853000,414.8186603900339,14
2024-09-17 11:15:09.900000,414.80903230818456,12
2024-09-17 11:15:09.904000,414.79168146776624,1004
2024-09-17 11:15:09.912000,414.804829773201,97
2024-09-17 11:15:10.105000,414.8586278323326,10
2024-09-17 11:15:10.429000,414.8524423835052,98
2024-09-17 11:15:10.565000,414.8726278112202,7
2024-09-17 11:15:10.650000,414.8263854274895,99
2024-09-17 11:15:10.676000,414.80567956246495,105
2024-09-17 11:15:10.889000,414.8508712058985,11
2024-09-17 11:15:11.119000,414.8241637005152,7
2024-09-17 11:15:11.175000,414.7932631304,7
2024-09-17 11:15:11.194000,414.80161022511857,100
2024-09-17 11:15:11.629000,414.7883200382485,998
2024-09-17 11:15:11.791000,414.7974847274751,995
2024-09-17 11:15:12.002000,414.8125706288622,14
2024-09-17 11:15:12.041000,414.8171389724703,99
2024-09-17 11:15:12.049000,414.83312623951815,96
2024-09-17 11:15:12.058000,414.8095378728114,998
2024-09-17 11:15:12.137000,414.7806141793664,10
2024-09-17 11:15:12.246000,414.7889544668019,104
2024-09-17 11:15:12.272000,414.8407151295567,12
2024-09-17 11:15:12.281000,414.8098141852788,6
2024-09-17 11:15:12.291000,414.82050827624016,7
2024-09-17 11:15:12.317000,414.7874615453825,103
2024-09-17 11:15:12.394000,414.8115852899785,104
2024-09-17 11:15:12.410000,414.8334767483044,1001
2024-09-17 11:15:12.418000,414.7973913676165,11
2024-09-17 11:15:12.429000,414.81094341315,6
2024-09-17 11:15:12.445000,414.7959877127829,13
2024-09-17 11:15:12.522000,414.8486363237837,11
2024-09-17 11:15:12.591000,414.8031646366147,103
2024-09-17 11:15:12.645000,414.8268674628106,96
2024-09-17 11:15:12.660000,414.83772434122665,9
2024-09-17 11:15:12.663000,414.8303505742975,1004
2024-09-17 11:15:12.752000,414.8099737804952,96
2024-09-17 11:15:12.962000,414.8190873260671,9
2024-09-17 11:15:12.964000,414.81479499826605,1003
2024-09-17 11:15:12.993000,414.8109899600816,1001
2024-09-17 11:15:13.212000,414.83032354195865,13
2024-09-17 11:15:13.259000,414.8246170893028,995
2024-09-17 11:15:13.328000,414.8300149401748,11
2024-09-17 11:15:13.451000,414.8195615230496,8
2024-09-17 11:15:13.739000,414.8654381770768,101
2024-09-17 11:15:13.745000,414.82753290296944,1004
2024-09-17 11:15:13.772000,414.8246490434104,14
2024-09-17 11:15:13.795000,414.8481972570655,1000
2024-09-17 11:15:13.863000,414.857825433476,1003
2024-09-17 11:15:14.029000,414.85733248133727,998
2024-09-17 11:15:14.076000,414.8239895243454,12
2024-09-17 11:15:14.175000,414.8173800453355,999
2024-09-17 11:15:14.428000,414.8348782080284,14
2024-09-17 11:15:14.481000,414.86135447826047,6
2024-09-17 11:15:14.704000,414.877201947729,100
2024-09-17 11:15:14.774000,414.8588889565478,97
2024-09-17 11:15:14.870000,414.82937409860153,8
2024-09-17 11:15:15.018000,414.87106120479285,13
2024-09-17 11:15:15.037000,414.8572559616732,102
2024-09-17 11:15:15.075000,414.87384011177113,98
2024-09-17 11:15:15.153000,414.8565278035699,103
2024-09-17 11:15:15.220000,414.8641025052816,7
2024-09-17 11:15:15.251000,414.842034766066,99
2024-09-17 11:15:15.307000,414.8697743738873,12
2024-09-17 11:15:15.357000,414.8374646810744,14
2024-09-17 11:15:15.390000,414.8753149933016,1002
2024-09-17 11:15:15.487000,414.8837021626241,15
2024-09-17 11:15:15.594000,414.86228546724834,105
2024-09-17 11:15:15.602000,414.8891081368306,997
2024-09-17 11:15:15.762000,414.87813659608753,7
2024-09-17 11:15:15.826000,414.8799069186702,1005
2024-09-17 11:15:15.967000,414.88013388662944,101
2024-09-17 11:15:15.999000,414.8335424180244,12
2024-09-17 11:15:16.072000,414.9321547126861,98
2024-09-17 11:15:16.114000,414.9149103780774,101
2024-09-17 11:15:16.121000,414.9424562575098,998
2024-09-17 11:15:16.204000,414.93444741900566,99
2024-09-17 11:15:16.218000,414.8670473438112,996
2024-09-17 11:15:16.346000,414.87332664973775,999
2024-09-17 11:15:16.435000,414.8668818154995,13
2024-09-17 11:15:16.441000,414.8980088681048,14
2024-09-17 11:15:16.494000,414.8827673731709,101
2024-09-17 11:15:16.574000,414.9202439403159,99
2024-09-17 11:15:16.581000,414.9252046080429,13
2024-09-17 11:15:16.593000,414.9143678310709,14
2024-09-17 11:15:16.598000,414.865027545095,11
2024-09-17 11:15:16.661000,414.937134492928,997
2024-09-17 11:15:16.684000,414.86396817437446,11
2024-09-17 11:15:16.694000,414.8594851650218,5
2024-09-17 11:15:16.726000,414.8680544290068,15
2024-09-17 11:15:16.768000,414.924878472107,1003
2024-09-17 11:15:16.780000,414.8995348340838,6
2024-09-17 11:15:16.799000,414.8488846721347,14
2024-09-17 11:15:16.816000,414.8502636347772,999
2024-09-17 11:15:16.821000,414.9313748377218,12
2024-09-17 11:15:16.841000,414.853246057718,999
2024-09-17 11:15:16.844000,414.9372760975495,14
2024-09-17 11:15:16.897000,414.86800811731297,1002
2024-09-17 11:15:16.902000,414.8717978278924,15
2024-09-17 11:15:16.944000,414.9310113049686,102
2024-09-17 11:15:16.969000,414.9333314022157,998
2024-09-17 11:15:16.971000,414.8909968977988,1003
2024-09-17 11:15:17.018000,414.9106812339572,1003
2024-09-17 11:15:17.030000,414.96722336926456,1000
2024-09-17 11:15:17.049000,415.0144271022633,1004
2024-09-17 11:15:17.061000,414.9261209767504,13
2024-09-17 11:15:17.102000,414.90168259252897,7
2024-09-17 11:15:17.105000,414.921212948808,7
2024-09-17 11:15:17.150000,414.9635353150013,9
2024-09-17 11:15:17.333000,414.8954631641351,6
2024-09-17 11:15:17.333000,414.9761767891522,1004
2024-09-17 11:15:17.346000,414.9090220362402,1002
2024-09-17 11:15:17.347000,414.9599170951547,10
2024-09-17 11:15:17.353000,414.91235381041975,1003
2024-09-17 11:15:17.363000,414.9765132944898,102
2024-09-17 11:15:17.435000,414.91542214333305,5
2024-09-17 11:15:17.435000,414.9096099689909,11
2024-09-17 11:15:17.455000,414.974081132109,5
2024-09-17 11:15:17.541000,414.8976813548167,12
2024-09-17 11:15:17.618000,414.87550157783215,1002
2024-09-17 11:15:17.635000,414.9488081368688,12
2024-09-17 11:15:17.705000,414.9969417105021,1000
2024-09-17 11:15:17.745000,414.8612880732489,103
2024-09-17 11:15:17.805000,414.9658229378066,96
2024-09-17 11:15:17.846000,414.89518168990855,1000
2024-09-17 11:15:17.895000,414.89185515981967,105
2024-09-17 11:15:17.899000,414.9265936157861,1003
2024-09-17 11:15:17.956000,414.9894626726909,1001
2024-09-17 11:15:17.970000,414.9323981579075,1002
2024-09-17 11:15:17.982000,414.9630706620028,97
2024-09-17 11:15:17.995000,415.01131547740505,997
2024-09-17 11:15:18.761000,414.9801381498637,15
2024-09-17 11:15:19.028000,414.99524535043895,999
2024-09-17 11:15:19.040000,415.0335029952632,11
2024-09-17 11:15:19.149000,414.9988621774226,7
2024-09-17 11:15:19.178000,414.9922597624493,100
2024-09-17 11:15:19.203000,415.0056656314545,104
2024-09-17 11:15:19.247000,415.0362172082105,998
2024-09-17 11:15:19.268000,415.0306965728308,1004
2024-09-17 11:15:19.284000,414.9900975074157,101
2024-09-17 11:15:19.336000,415.049264382496,100
2024-09-17 11:15:19.467000,415.0251640084477,100
2024-09-17 11:15:19.493000,415.0147143681965,102
2024-09-17 11:15:19.514000,415.02599010189743,101
2024-09-17 11:15:19.526000,415.0033657348496,100
2024-09-17 11:15:19.563000,414.97660650587386,10
2024-09-17 11:15:19.606000,415.0242787304797,97
2024-09-17 11:15:19.624000,415.0030414128029,9
2024-09-17 11:15:19.666000,415.0558628334503,98
2024-09-17 11:15:19.676000,414.976756578163,99
2024-09-17 11:15:19.709000,415.0123713501312,9
2024-09-17 11:15:19.833000,414.98110092610426,996
2024-09-17 11:15:19.853000,415.04114054744525,6
2024-09-17 11:15:19.854000,414.9953762748312,995
2024-09-17 11:15:19.950000,415.017314023336,14
2024-09-17 11:15:20.103000,415.0515614047311,14
2024-09-17 11:15:20.131000,415.0272518075831,14
2024-09-17 11:15:20.182000,415.0535025062973,12
2024-09-17 11:15:20.370000,415.0186945078844,8
2024-09-17 11:15:20.386000,415.026163115488,96
2024-09-17 11:15:20.457000,415.0311699665567,1002
2024-09-17 11:15:20.542000,415.0378554193225,104
2024-09-17 11:15:20.627000,415.05103764092206,7
2024-09-17 11:15:20.635000,415.04535436897817,100
2024-09-17 11:15:20.640000,415.04307026749217,102
2024-09-17 11:15:20.688000,415.0512876258623,996
2024-09-17 11:15:20.688000,415.0278803409319,14
2024-09-17 11:15:20.704000,415.0447652112657,996
2024-09-17 11:15:20.882000,415.0298431193394,9
2024-09-17 11:15:20.993000,415.03772949655513,998
2024-09-17 11:15:21.061000,415.054388258106,6
2024-09-17 11:15:21.074000,415.0634484215456,1004
2024-09-17 11:15:21.123000,415.0427758888496,105
2024-09-17 11:15:21.200000,415.0545976151556,9
2024-09-17 11:15:21.223000,415.06251501103,1002
2024-09-17 11:15:21.231000,415.0593569025724,11
2024-09-17 11:15:21.234000,415.0568334523814,10
2024-09-17 11:15:21.250000,415.0657501210655,8
2024-09-17 11:15:21.336000,415.0472895099493,98
2024-09-17 11:15:21.353000,415.0542537109365,103
2024-09-17 11:15:21.353000,415.0439645978879,15
2024-09-17 11:15:21.459000,415.0679389070167,1001
2024-09-17 11:15:21.492000,415.06016684980847,14
2024-09-17 11:15:21.519000,415.04969409370256,999
2024-09-17 11:15:21.520000,415.0494227573196,1001
2024-09-17 11:15:21.579000,415.057234243229,99
2024-09-17 11:15:21.646000,415.0666357808983,96
2024-09-17 11:15:21.808000,415.0551177203346,995
2024-09-17 11:15:21.885000,415.0622086127116,104
2024-09-17 11:15:21.946000,415.0445928846988,10
2024-09-17 11:15:23.136000,415.1262240715269,103
2024-09-17 11:15:23.137000,415.0991170408732,98
2024-09-17 11:15:23.156000,415.0975441500758,8
2024-09-17 11:15:23.236000,415.12828550120975,14
2024-09-17 11:15:23.252000,415.1521128285331,105
2024-09-17 11:15:23.318000,415.13800889942127,15
2024-09-17 11:15:23.320000,415.0959406958564,997
2024-09-17 11:15:23.368000,415.1477327469712,999
2024-09-17 11:15:23.418000,415.1671455652526,5
2024-09-17 11:15:23.450000,415.0799338577712,97
2024-09-17 11:15:23.453000,415.1494401996579,1001
2024-09-17 11:15:23.480000,415.1382305869983,998
2024-09-17 11:15:23.538000,415.1382331800835,1003
2024-09-17 11:15:23.568000,415.061056146168,7
2024-09-17 11:15:23.592000,415.12974767047547,8
2024-09-17 11:15:23.713000,415.1385504271923,996
2024-09-17 11:15:23.776000,415.1666135179268,1000
2024-09-17 11:15:23.839000,415.1261649761954,100
2024-09-17 11:15:23.856000,415.0717756533605,15
2024-09-17 11:15:23.858000,415.14743558318577,104
2024-09-17 11:15:23.915000,415.11886278390296,9
2024-09-17 11:15:23.935000,415.1235507777593,999
2024-09-17 11:15:24.022000,415.1472303626985,996
2024-09-17 11:15:24.128000,415.1480577577304,95
2024-09-17 11:15:24.188000,415.1375305834558,13
2024-09-17 11:15:24.238000,415.1503454370438,998
2024-09-17 11:15:24.435000,415.1677038707241,96
2024-09-17 11:15:24.608000,415.16803599905353,102
2024-09-17 11:15:24.624000,415.1635104527351,1000
2024-09-17 11:15:24.880000,415.14812941946593,13
2024-09-17 11:15:25.127000,415.1465392264104,98
2024-09-17 11:15:25.335000,415.1554856209021,5
2024-09-17 11:15:25.469000,415.1514300585689,1000
2024-09-17 11:15:25.511000,415.1644531176245,1001
2024-09-17 11:15:25.865000,415.15582377467626,12
2024-09-17 11:15:26,415.1310618452628,1000
2024-09-17 11:15:26.008000,415.1441490854419,96
2024-09-17 11:15:26.029000,415.15255280887766,13
2024-09-17 11:15:26.036000,415.1306401891363,1002
2024-09-17 11:15:26.096000,415.23810001781743,98
2024-09-17 11:15:26.097000,415.1261876425744,96
2024-09-17 11:15:26.101000,415.1962734275159,95
2024-09-17 11:15:26.106000,415.21590093503806,15
2024-09-17 11:15:26.133000,415.1682494252827,1000
2024-09-17 11:15:26.135000,415.16130786532216,996
2024-09-17 11:15:26.200000,415.1602642610274,1001
2024-09-17 11:15:26.201000,415.1526037943698,13
2024-09-17 11:15:26.265000,415.1474578466504,102
2024-09-17 11:15:26.330000,415.1592475699251,13
2024-09-17 11:15:26.341000,415.1641668921197,1001
2024-09-17 11:15:26.400000,415.1482707471988,998
2024-09-17 11:15:26.410000,415.1858089908539,99
2024-09-17 11:15:26.432000,415.1175990604208,96
2024-09-17 11:15:26.434000,415.1323307748708,1001
2024-09-17 11:15:26.463000,415.1844549324459,1003
2024-09-17 11:15:26.482000,415.1392576184299,101
2024-09-17 11:15:26.569000,415.1969113425088,14
2024-09-17 11:15:26.659000,415.18023683269234,105
2024-09-17 11:15:26.679000,415.1371864766796,14
2024-09-17 11:15:26.690000,415.1462531044057,10
2024-09-17 11:15:26.773000,415.1741467507471,1005
2024-09-17 11:15:26.883000,415.14748987683737,101
2024-09-17 11:15:26.956000,415.1505116784894,997
2024-09-17 11:15:27.908000,415.2410413886294,98
2024-09-17 11:15:28.058000,415.2506618111188,100
2024-09-17 11:15:28.128000,415.2353074475914,98
2024-09-17 11:15:28.637000,415.23622140706914,104
2024-09-17 11:15:28.694000,415.250379862877,998
2024-09-17 11:15:28.871000,415.2545794226221,10
2024-09-17 11:15:29.048000,415.2406432369436,998
2024-09-17 11:15:29.156000,415.22699797435865,103
2024-09-17 11:15:29.235000,415.2238480402715,12
2024-09-17 11:15:29.510000,415.2281303646637,8
2024-09-17 11:15:29.593000,415.2439660749076,1005
2024-09-17 11:15:29.747000,415.23924516297006,995
2024-09-17 11:15:29.959000,415.24351022169833,100
2024-09-17 11:15:30.069000,415.20001546134966,998
2024-09-17 11:15:30.980000,415.2051149871323,1002
2024-09-17 11:15:31.008000,415.2149505720529,10
2024-09-17 11:15:31.093000,415.2446999632487,14
2024-09-17 11:15:31.114000,415.2572902561281,98
2024-09-17 11:15:31.196000,415.199253479973,12
2024-09-17 11:15:31.210000,415.251270937001,105
2024-09-17 11:15:31.321000,415.2230376312157,999
2024-09-17 11:15:31.334000,415.2398307317222,101
2024-09-17 11:15:31.359000,415.2154084279939,12
2024-09-17 11:15:31.443000,415.214959058698,101
2024-09-17 11:15:31.447000,415.2341620425081,9
2024-09-17 11:15:31.475000,415.2003914212742,995
2024-09-17 11:15:31.541000,415.2383746061472,1004
2024-09-17 11:15:31.700000,415.2295158621312,996
2024-09-17 11:15:31.885000,415.2523188692818,13
2024-09-17 11:15:32.010000,415.3030938847087,999
2024-09-17 11:15:32.017000,415.29629710636914,13
2024-09-17 11:15:32.082000,415.2774698323636,1000
2024-09-17 11:15:32.122000,415.2702499257273,97
2024-09-17 11:15:32.136000,415.29563510020006,104
2024-09-17 11:15:32.186000,415.2716011978665,10
2024-09-17 11:15:32.206000,415.260879363854,100
2024-09-17 11:15:32.274000,415.2835661637093,1000
2024-09-17 11:15:32.308000,415.2854222167265,996
2024-09-17 11:15:32.339000,415.2775431449453,13
2024-09-17 11:15:32.449000,415.2338680453736,96
2024-09-17 11:15:32.546000,415.290773037578,105
2024-09-17 11:15:32.594000,415.3293433803571,1004
2024-09-17 11:15:32.650000,415.32281624792256,105
2024-09-17 11:15:32.667000,415.271412078577,97
2024-09-17 11:15:32.673000,415.2792548514583,96
2024-09-17 11:15:32.733000,415.2835089425976,999
2024-09-17 11:15:32.771000,415.2990048323135,103
2024-09-17 11:15:32.786000,415.29199827520966,95
2024-09-17 11:15:32.798000,415.2711448710148,999
2024-09-17 11:15:32.808000,415.28269702390816,101
2024-09-17 11:15:32.886000,415.2707892210351,11
2024-09-17 11:15:32.891000,415.2675266108274,1005
2024-09-17 11:15:33.059000,415.2506909384342,1001
2024-09-17 11:15:33.158000,415.2681998658696,15
2024-09-17 11:15:33.178000,415.267996877892,1005
2024-09-17 11:15:33.192000,415.23381010262335,13
2024-09-17 11:15:33.236000,415.25939044549,11
2024-09-17 11:15:33.295000,415.2417494495769,13
2024-09-17 11:15:33.320000,415.23416510798506,102
2024-09-17 11:15:33.324000,415.2330885385639,15
2024-09-17 11:15:33.389000,415.2853685135907,14
2024-09-17 11:15:33.452000,415.2496929833986,14
2024-09-17 11:15:33.453000,415.242391408538,1002
2024-09-17 11:15:33.478000,415.2629792873174,998
2024-09-17 11:15:33.550000,415.258442958827,998
2024-09-17 11:15:33.662000,415.278895937112,103
2024-09-17 11:15:33.675000,415.27701034707184,99
2024-09-17 11:15:33.693000,415.283138761172,102
2024-09-17 11:15:33.782000,415.2633376329573,996
2024-09-17 11:15:33.782000,415.233842647834,1002
2024-09-17 11:15:33.847000,415.2573378830155,1005
2024-09-17 11:15:33.853000,415.22724826559136,5
2024-09-17 11:15:33.901000,415.237514208497,95
2024-09-17 11:15:33.945000,415.25207379961375,6
2024-09-17 11:15:33.960000,415.2279496071687,13
2024-09-17 11:15:34.230000,415.2360308948891,996
2024-09-17 11:15:34.271000,415.2548700295305,97
2024-09-17 11:15:34.355000,415.2117417693408,98
2024-09-17 11:15:34.430000,415.20789002931065,102
2024-09-17 11:15:34.493000,415.2390744182632,98
2024-09-17 11:15:34.500000,415.2222486283392,998
2024-09-17 11:15:34.563000,415.2260186602534,8
2024-09-17 11:15:34.630000,415.2537918680212,96
2024-09-17 11:15:34.657000,415.2248752113631,102
2024-09-17 11:15:34.709000,415.196260015405,102
2024-09-17 11:15:34.728000,415.2166357836884,1004
2024-09-17 11:15:34.927000,415.218471928929,101
2024-09-17 11:15:34.944000,415.228273048345,14
2024-09-17 11:15:34.969000,415.22074831452807,100
2024-09-17 11:15:35.014000,415.1255245054171,9
2024-09-17 11:15:35.017000,415.19576634805753,1000
2024-09-17 11:15:35.017000,415.1233604895851,1000
2024-09-17 11:15:35.024000,415.1137062746762,105
2024-09-17 11:15:35.033000,415.1415083819156,10
2024-09-17 11:15:35.064000,415.13389775159794,96
2024-09-17 11:15:35.103000,415.1301419384375,1001
2024-09-17 11:15:35.108000,415.1069160492758,6
2024-09-17 11:15:35.254000,415.13058205474266,997
2024-09-17 11:15:35.299000,415.1647414116673,101
2024-09-17 11:15:35.367000,415.1294541684688,103
2024-09-17 11:15:35.473000,415.144194306248,103
2024-09-17 11:15:35.476000,415.1086462585228,1003
2024-09-17 11:15:35.542000,415.1445884496722,99
2024-09-17 11:15:35.551000,415.1319899123248,1005
2024-09-17 11:15:35.577000,415.1443279457499,15
2024-09-17 11:15:35.608000,415.1301065845842,98
2024-09-17 11:15:35.635000,415.1355422235674,11
2024-09-17 11:15:35.642000,415.14425777111046,1003
2024-09-17 11:15:35.652000,415.1292213586362,12
2024-09-17 11:15:35.694000,415.17088286574216,997
2024-09-17 11:15:35.714000,415.13261629508327,5
2024-09-17 11:15:35.720000,415.13063968927565,1001
2024-09-17 11:15:35.759000,415.13362742994497,98
2024-09-17 11:15:35.800000,415.1959926392288,7
2024-09-17 11:15:35.897000,415.14850664990007,105
2024-09-17 11:15:35.998000,415.1346965527392,1000
2024-09-17 11:15:36.080000,415.118665005817,102
2024-09-17 11:15:36.185000,415.120349863604,14
2024-09-17 11:15:36.243000,415.1025912651732,995
2024-09-17 11:15:36.300000,415.0992517379967,1000
2024-09-17 11:15:36.419000,415.1388337099327,104
2024-09-17 11:15:36.483000,415.1482648217818,1003
2024-09-17 11:15:36.542000,415.0935105908932,99
2024-09-17 11:15:36.846000,415.0913653736283,12
2024-09-17 11:15:36.872000,415.1296199223115,11
2024-09-17 11:15:36.885000,415.142265890583,9
2024-09-17 11:15:36.949000,415.1605697823604,105
2024-09-17 11:15:37.091000,415.13985607606486,1003
2024-09-17 11:15:37.120000,415.1444000048252,1001
2024-09-17 11:15:37.121000,415.18250514744926,12
2024-09-17 11:15:37.197000,415.1634958590112,1003
2024-09-17 11:15:37.242000,415.1566715083536,7
2024-09-17 11:15:37.251000,415.1432933558804,102
2024-09-17 11:15:37.268000,415.1864437617912,103
2024-09-17 11:15:37.269000,415.1624783098872,999
2024-09-17 11:15:37.300000,415.1945258372113,98
2024-09-17 11:15:37.319000,415.1392553862176,100
2024-09-17 11:15:37.324000,415.1355843738356,5
2024-09-17 11:15:37.332000,415.1541182169217,7
2024-09-17 11:15:37.495000,415.1620003508952,96
2024-09-17 11:15:37.552000,415.1413610335998,1002
2024-09-17 11:15:37.554000,415.1434723094045,998
2024-09-17 11:15:37.568000,415.14182780551823,5
2024-09-17 11:15:37.596000,415.16320205240174,8
2024-09-17 11:15:37.679000,415.19909847591816,998
2024-09-17 11:15:37.769000,415.1398771382001,7
2024-09-17 11:15:37.777000,415.16380223103465,95
2024-09-17 11:15:37.827000,415.15421800450616,13
2024-09-17 11:15:38.026000,415.1604816624137,997
2024-09-17 11:15:38.038000,415.1465599649802,6
2024-09-17 11:15:38.295000,415.1566487687495,1005
2024-09-17 11:15:38.355000,415.175762322884,5
2024-09-17 11:15:38.544000,415.1704828037283,1005
2024-09-17 11:15:38.718000,415.1604213342067,96
2024-09-17 11:15:38.726000,415.15645579025,100
2024-09-17 11:15:39.040000,415.1819737939911,995
2024-09-17 11:15:39.085000,415.1613696599469,15
2024-09-17 11:15:39.117000,415.1913060843689,15
2024-09-17 11:15:39.145000,415.2204793815862,95
2024-09-17 11:15:39.188000,415.154365192849,99
2024-09-17 11:15:39.315000,415.1734541251512,96
2024-09-17 11:15:39.319000,415.2191455043285,1000
2024-09-17 11:15:39.332000,415.2006233678965,1003
2024-09-17 11:15:39.353000,415.1842411996055,9
2024-09-17 11:15:39.367000,415.1829987265259,95
2024-09-17 11:15:39.389000,415.1877679389452,1005
2024-09-17 11:15:39.470000,415.1670399633459,6
2024-09-17 11:15:39.498000,415.160350763476,1005
2024-09-17 11:15:39.510000,415.2052075201633,100
2024-09-17 11:15:39.603000,415.1716994586217,1002
2024-09-17 11:15:39.620000,415.1673540571218,14
2024-09-17 11:15:39.653000,415.1820834659184,5
2024-09-17 11:15:39.655000,415.18312931038,97
2024-09-17 11:15:39.744000,415.2243542859165,13
2024-09-17 11:15:39.763000,415.2236008275633,99
2024-09-17 11:15:39.764000,415.1672528068016,96
2024-09-17 11:15:39.900000,415.1762770628311,13
2024-09-17 11:15:39.918000,415.2107321719897,105
2024-09-17 11:15:39.996000,415.1718252997065,8
2024-09-17 11:15:40.007000,415.1855898978221,97
2024-09-17 11:15:40.082000,415.2119071501685,101
2024-09-17 11:15:40.187000,415.1877993741828,1004
2024-09-17 11:15:40.614000,415.2196342383224,102
2024-09-17 11:15:40.715000,415.2003845758717,104
2024-09-17 11:15:41.459000,415.2011771949493,100
2024-09-17 11:15:41.833000,415.2219153282424,998
2024-09-17 11:15:42.039000,415.1698939637564,11
2024-09-17 11:15:42.045000,415.1854958558061,1003
2024-09-17 11:15:42.058000,415.2106916872231,102
2024-09-17 11:15:42.075000,415.2094068798542,997
2024-09-17 11:15:42.123000,415.192191803258,9
2024-09-17 11:15:42.216000,415.1874285097565,995
2024-09-17 11:15:42.218000,415.1839381365452,998
2024-09-17 11:15:42.244000,415.2001110807222,105
2024-09-17 11:15:42.252000,415.2047469946501,10
2024-09-17 11:15:42.424000,415.19680999404784,995
2024-09-17 11:15:42.428000,415.1841076220964,101
2024-09-17 11:15:42.465000,415.18814340595753,102
2024-09-17 11:15:42.481000,415.1758823002037,8
2024-09-17 11:15:42.591000,415.2159102552829,998
2024-09-17 11:15:42.611000,415.1940879023856,11
2024-09-17 11:15:42.658000,415.19325326348206,7
2024-09-17 11:15:42.780000,415.17488195291935,1005
2024-09-17 11:15:42.830000,415.23531418057206,13
2024-09-17 11:15:42.895000,415.214278025252,105
2024-09-17 11:15:42.916000,415.2217245036168,104
2024-09-17 11:15:43.120000,415.2256283753705,104
2024-09-17 11:15:43.579000,415.2594317850296,996
2024-09-17 11:15:43.656000,415.257889663133,100
2024-09-17 11:15:44.031000,415.2931109624306,996
2024-09-17 11:15:44.043000,415.2460438468482,100
2024-09-17 11:15:44.104000,415.2989142004873,15
2024-09-17 11:15:44.188000,415.2972461108605,102
2024-09-17 11:15:44.236000,415.2387080604932,96
2024-09-17 11:15:44.285000,415.23940302589045,97
2024-09-17 11:15:44.301000,415.3146897400495,105
2024-09-17 11:15:44.357000,415.295311721668,1002
2024-09-17 11:15:44.418000,415.29979277811526,105
2024-09-17 11:15:44.473000,415.2726287624517,1000
2024-09-17 11:15:44.500000,415.3044313479372,100
2024-09-17 11:15:44.538000,415.24338391898425,11
2024-09-17 11:15:44.545000,415.2978732574191,1003
2024-09-17 11:15:44.567000,415.2557898461292,100
2024-09-17 11:15:44.661000,415.240567497071,100
2024-09-17 11:15:44.670000,415.3134614282391,96
2024-09-17 11:15:44.731000,415.2993313540567,11
2024-09-17 11:15:44.801000,415.27361506057326,104
2024-09-17 11:15:44.833000,415.2716073206045,103
2024-09-17 11:15:44.836000,415.2981085575294,103
2024-09-17 11:15:44.855000,415.3061499904677,15
2024-09-17 11:15:44.888000,415.2344167470901,15
2024-09-17 11:15:44.888000,415.28860986796417,102
2024-09-17 11:15:44.956000,415.3117647028458,1002
2024-09-17 11:15:44.957000,415.2701674262618,997
2024-09-17 11:15:45.063000,415.3151317388079,1002
2024-09-17 11:15:45.102000,415.306643486314,100
2024-09-17 11:15:45.355000,415.3114838402746,995
2024-09-17 11:15:45.425000,415.31437771862966,102
2024-09-17 11:15:45.525000,415.31801963596257,995
2024-09-17 11:15:45.555000,415.3072914351218,103
2024-09-17 11:15:45.791000,415.3091822245556,10
2024-09-17 11:15:45.842000,415.30740837634994,5
2024-09-17 11:15:45.999000,415.3103957152576,103
2024-09-17 11:15:46.031000,415.2924928520877,998
2024-09-17 11:15:46.046000,415.307919608502,1000
2024-09-17 11:15:46.106000,415.3092897302715,15
2024-09-17 11:15:46.134000,415.31374225753257,8
2024-09-17 11:15:46.454000,415.30171589802114,1003
2024-09-17 11:15:46.487000,415.2666438481202,1003
2024-09-17 11:15:46.538000,415.2615454085154,105
2024-09-17 11:15:46.602000,415.31763205917713,99
2024-09-17 11:15:46.659000,415.2649258897021,11
2024-09-17 11:15:46.680000,415.2772640359722,8
2024-09-17 11:15:46.710000,415.2800694269737,998
2024-09-17 11:15:46.818000,415.3094720395848,5
2024-09-17 11:15:46.893000,415.2724403073428,1004
2024-09-17 11:15:47.069000,415.228833580641,9
2024-09-17 11:15:47.083000,415.2272222677256,101
2024-09-17 11:15:47.093000,415.2664131191796,995
2024-09-17 11:15:47.097000,415.2081911813474,995
2024-09-17 11:15:47.174000,415.25665181347534,1000
2024-09-17 11:15:47.186000,415.266347162153,101
2024-09-17 11:15:47.254000,415.22862793286674,12
2024-09-17 11:15:47.297000,415.2097430090709,997
2024-09-17 11:15:47.353000,415.2092303593088,100
2024-09-17 11:15:47.494000,415.2249474058268,102
2024-09-17 11:15:47.502000,415.2504139745354,98
2024-09-17 11:15:47.533000,415.2284879308615,9
2024-09-17 11:15:47.579000,415.2094751180097,100
2024-09-17 11:15:47.707000,415.20773891082047,996
2024-09-17 11:15:47.719000,415.274122289666,995
2024-09-17 11:15:47.774000,415.21914949927645,11
2024-09-17 11:15:47.815000,415.2633117368617,8
2024-09-17 11:15:47.949000,415.2333653729628,13
2024-09-17 11:15:47.985000,415.2168493041997,103
2024-09-17 11:15:47.998000,415.2118957642887,104
2024-09-17 11:15:48,415.1320284719324,6
2024-09-17 11:15:48.027000,415.2129345435217,14
2024-09-17 11:15:48.041000,415.1825970363409,999
2024-09-17 11:15:48.048000,415.1689906844247,99
2024-09-17 11:15:48.129000,415.1401540111031,1003
2024-09-17 11:15:48.155000,415.108173794128,101
2024-09-17 11:15:48.171000,415.17606291855947,103
2024-09-17 11:15:48.239000,415.21892872082094,1004
2024-09-17 11:15:48.255000,415.1298940479803,10
2024-09-17 11:15:48.267000,415.1676928974311,100
2024-09-17 11:15:48.288000,415.0995887412688,15
2024-09-17 11:15:48.377000,415.1329503086329,1002
2024-09-17 11:15:48.378000,415.1099244261128,1001
2024-09-17 11:15:48.400000,415.10554134991605,5
2024-09-17 11:15:48.481000,415.2222455346436,1004
2024-09-17 11:15:48.499000,415.2281075812587,996
2024-09-17 11:15:48.527000,415.1394181153364,997
2024-09-17 11:15:48.553000,415.1351013538219,104
2024-09-17 11:15:48.640000,415.1149460125727,95
2024-09-17 11:15:48.705000,415.1479168351204,10
2024-09-17 11:15:48.737000,415.1383185303777,999
2024-09-17 11:15:48.917000,415.1305864836883,1002
2024-09-17 11:15:48.970000,415.1354982078279,99
2024-09-17 11:15:49.031000,415.1175280316337,995
2024-09-17 11:15:49.114000,415.1381676439717,95
2024-09-17 11:15:49.116000,415.13165740902593,101
2024-09-17 11:15:49.177000,415.1306473600797,13
2024-09-17 11:15:49.273000,415.1346553654313,1005
2024-09-17 11:15:49.479000,415.1124749500364,997
2024-09-17 11:15:49.481000,415.1246185942745,1004
2024-09-17 11:15:49.512000,415.1355260127512,1003
2024-09-17 11:15:49.660000,415.1356427441413,102
2024-09-17 11:15:49.673000,415.1525398128507,1000
2024-09-17 11:15:49.892000,415.1307021697434,96
2024-09-17 11:15:49.899000,415.15664907111534,95
2024-09-17 11:15:49.908000,415.1414336023306,98
2024-09-17 11:15:49.944000,415.154395248647,8
2024-09-17 11:15:50.525000,415.10209018506526,8
2024-09-17 11:15:50.620000,415.1267731897518,105
2024-09-17 11:15:50.820000,415.098934144081,11
2024-09-17 11:15:50.886000,415.1201227770687,5
2024-09-17 11:15:51.097000,415.0879309851416,1001
2024-09-17 11:15:51.164000,415.1081192738308,999
2024-09-17 11:15:51.321000,415.0868415301072,104
2024-09-17 11:15:51.396000,415.0925519827052,97
2024-09-17 11:15:51.479000,415.1104659752248,995
2024-09-17 11:15:51.532000,415.1010561532999,10
2024-09-17 11:15:52.063000,415.059552409689,8
2024-09-17 11:15:52.075000,415.0765269196201,14
2024-09-17 11:15:52.328000,415.0538971169064,95
2024-09-17 11:15:52.449000,415.0873293799278,1003
2024-09-17 11:15:52.604000,415.0660270505976,104
2024-09-17 11:15:52.937000,415.0777299356802,7
2024-09-17 11:15:52.969000,415.0741599972956,97
2024-09-17 11:15:53.005000,415.0326528282772,1000
2024-09-17 11:15:53.181000,415.0129785381629,96
2024-09-17 11:15:53.270000,414.99866043008535,100
2024-09-17 11:15:53.283000,415.0137474239543,95
2024-09-17 11:15:53.475000,415.0518234473407,995
2024-09-17 11:15:53.685000,415.000157329794,1004
2024-09-17 11:15:53.721000,414.9898170613713,105
2024-09-17 11:15:53.755000,415.0040698738504,1003
2024-09-17 11:15:53.774000,415.017908049521,998
2024-09-17 11:15:54.050000,415.13626291276455,7
2024-09-17 11:15:54.210000,415.0767077171747,97
2024-09-17 11:15:54.229000,415.0437993653384,1005
2024-09-17 11:15:54.312000,414.9783267492009,10
2024-09-17 11:15:54.314000,415.0218373239301,95
2024-09-17 11:15:54.385000,415.0388332745049,1002
2024-09-17 11:15:54.415000,414.9666878058223,12
2024-09-17 11:15:54.510000,415.0074437721012,7
2024-09-17 11:15:54.555000,415.1228589590077,1004
2024-09-17 11:15:54.557000,415.04661430262695,12
2024-09-17 11:15:54.647000,415.06086890936393,96
2024-09-17 11:15:54.753000,415.0132397240541,998
2024-09-17 11:15:54.780000,414.9765943168979,95
2024-09-17 11:15:54.787000,415.1067553914263,1003
2024-09-17 11:15:54.820000,415.00376224367335,1002
2024-09-17 11:15:54.845000,414.9995044885192,98
2024-09-17 11:15:54.845000,415.10407932372993,10
2024-09-17 11:15:54.873000,415.0054043742672,1001
2024-09-17 11:15:55.022000,415.0578791769241,100
2024-09-17 11:15:55.023000,415.0583915850872,6
2024-09-17 11:15:55.071000,415.101917815689,1004
2024-09-17 11:15:55.090000,415.0680415953737,104
2024-09-17 11:15:55.094000,415.0932690295488,1004
2024-09-17 11:15:55.124000,415.11390957363824,1005
2024-09-17 11:15:55.205000,415.0871008893437,995
2024-09-17 11:15:55.232000,415.0569693213863,105
2024-09-17 11:15:55.276000,415.1071009875891,95
2024-09-17 11:15:55.377000,415.1331336693586,15
2024-09-17 11:15:55.462000,415.1068496594148,10
2024-09-17 11:15:55.664000,415.0906435126773,1001
2024-09-17 11:15:55.696000,415.072971557139,12
2024-09-17 11:15:55.723000,415.0523086199285,5
2024-09-17 11:15:55.853000,415.0543740701206,5
2024-09-17 11:15:55.901000,415.11583019531633,1002
2024-09-17 11:15:55.985000,415.0632319166407,1003
2024-09-17 11:15:55.998000,415.0963865507961,101
2024-09-17 11:15:56.496000,415.0428407057436,95
2024-09-17 11:15:57.016000,415.0288402297196,6
2024-09-17 11:15:57.068000,415.0400088145049,15
2024-09-17 11:15:57.081000,415.05498402765454,99
2024-09-17 11:15:57.085000,415.0345880609127,98
2024-09-17 11:15:57.137000,415.0325412004167,14
2024-09-17 11:15:57.145000,415.03197798146914,5
2024-09-17 11:15:57.366000,415.0438452915253,10
2024-09-17 11:15:57.374000,415.02489301666816,13
2024-09-17 11:15:57.434000,415.0159950343461,5
2024-09-17 11:15:57.561000,415.0393722271341,999
2024-09-17 11:15:57.665000,415.04391566718704,100
2024-09-17 11:15:57.688000,415.0476099814823,97
2024-09-17 11:15:57.866000,415.0529415556723,102
2024-09-17 11:15:59,414.9635670637259,11
2024-09-17 11:15:59.327000,414.9914476137496,1000
2024-09-17 11:15:59.485000,415.0101142556328,5
2024-09-17 11:15:59.555000,414.973494070098,98
2024-09-17 11:15:59.802000,414.99796060617655,1002
2024-09-17 11:15:59.825000,414.9466131101171,1000
2024-09-17 11:15:59.832000,414.9646989489706,1001
2024-09-17 11:15:59.860000,414.9941068051726,99
2024-09-17 11:15:59.878000,415.0223890407893,104
