Timestamp,Price,Size
2024-09-19 11:47:00.051000,420.5791563034265,996
2024-09-19 11:47:00.098000,420.48062730826393,9
2024-09-19 11:47:00.099000,420.47242581539103,102
2024-09-19 11:47:00.158000,420.478265115595,1003
2024-09-19 11:47:00.172000,420.5222499300445,100
2024-09-19 11:47:00.236000,420.5315272544845,6
2024-09-19 11:47:00.244000,420.5296958575066,999
2024-09-19 11:47:00.255000,420.4967248477936,95
2024-09-19 11:47:00.262000,420.5252726133485,7
2024-09-19 11:47:00.383000,420.5158079978024,14
2024-09-19 11:47:00.422000,420.534987936168,1003
2024-09-19 11:47:00.466000,420.5659514634567,999
2024-09-19 11:47:00.506000,420.5495224890544,8
2024-09-19 11:47:00.521000,420.53204693005233,11
2024-09-19 11:47:00.522000,420.52196810744914,1000
2024-09-19 11:47:00.560000,420.5257060525025,1005
2024-09-19 11:47:00.562000,420.4872933317823,99
2024-09-19 11:47:00.564000,420.555441128463,997
2024-09-19 11:47:00.698000,420.51110322824087,103
2024-09-19 11:47:00.826000,420.60169720548674,104
2024-09-19 11:47:00.829000,420.5314168737648,97
2024-09-19 11:47:00.854000,420.5657244538426,997
2024-09-19 11:47:00.933000,420.6130432496475,9
2024-09-19 11:47:00.947000,420.5305760545001,8
2024-09-19 11:47:00.965000,420.4736986279616,13
2024-09-19 11:47:00.992000,420.5029178352493,1002
2024-09-19 11:47:01.392000,420.462813844801,98
2024-09-19 11:47:01.584000,420.45717728472056,12
2024-09-19 11:47:02.028000,420.4646207796228,99
2024-09-19 11:47:02.148000,420.4731558943213,10
2024-09-19 11:47:02.159000,420.4775356501417,103
2024-09-19 11:47:02.203000,420.47740807878034,1005
2024-09-19 11:47:02.218000,420.472839073037,1002
2024-09-19 11:47:02.231000,420.4632306350034,995
2024-09-19 11:47:02.332000,420.42480550780726,13
2024-09-19 11:47:02.393000,420.4679938405242,102
2024-09-19 11:47:02.394000,420.4630799804289,1005
2024-09-19 11:47:02.407000,420.4728755449219,103
2024-09-19 11:47:02.453000,420.4222897675176,10
2024-09-19 11:47:02.522000,420.45438318897567,104
2024-09-19 11:47:02.539000,420.4529228317868,102
2024-09-19 11:47:02.555000,420.43941689205855,1005
2024-09-19 11:47:02.612000,420.479442635464,997
2024-09-19 11:47:02.700000,420.4190250009269,7
2024-09-19 11:47:02.731000,420.44923245182827,100
2024-09-19 11:47:02.771000,420.4641676340587,1002
2024-09-19 11:47:02.832000,420.4705206863764,103
2024-09-19 11:47:02.855000,420.43503891590206,99
2024-09-19 11:47:02.886000,420.4783009354798,11
2024-09-19 11:47:02.889000,420.4146732800127,10
2024-09-19 11:47:02.901000,420.4462073581365,101
2024-09-19 11:47:03.035000,420.4142266401989,1000
2024-09-19 11:47:03.271000,420.4407137088494,95
2024-09-19 11:47:03.303000,420.4347096907,1001
2024-09-19 11:47:03.386000,420.4003189403194,5
2024-09-19 11:47:03.399000,420.43664460018255,996
2024-09-19 11:47:03.419000,420.4103945179352,996
2024-09-19 11:47:03.478000,420.42493488262687,9
2024-09-19 11:47:03.662000,420.4338182937016,1001
2024-09-19 11:47:03.741000,420.4624694506055,102
2024-09-19 11:47:03.748000,420.4376623488527,1002
2024-09-19 11:47:03.814000,420.4122116077429,99
2024-09-19 11:47:03.814000,420.4334632081735,996
2024-09-19 11:47:03.865000,420.4254805473289,104
2024-09-19 11:47:03.869000,420.4439733824188,14
2024-09-19 11:47:03.891000,420.4271873090553,105
2024-09-19 11:47:03.994000,420.4387432532904,1001
2024-09-19 11:47:04.007000,420.4242209754028,14
2024-09-19 11:47:04.062000,420.4174004564345,104
2024-09-19 11:47:04.106000,420.4313609963909,1001
2024-09-19 11:47:04.161000,420.42629676862754,15
2024-09-19 11:47:04.166000,420.4260878429821,1005
2024-09-19 11:47:04.172000,420.4002943728761,96
2024-09-19 11:47:04.176000,420.4189537271235,1003
2024-09-19 11:47:04.220000,420.4266803773704,9
2024-09-19 11:47:04.287000,420.4354070214226,102
2024-09-19 11:47:04.375000,420.42533525285137,996
2024-09-19 11:47:04.409000,420.4293671619761,101
2024-09-19 11:47:04.441000,420.4093855213656,5
2024-09-19 11:47:04.556000,420.3801813576059,98
2024-09-19 11:47:04.650000,420.4553018799783,10
2024-09-19 11:47:04.696000,420.3940024204945,101
2024-09-19 11:47:04.736000,420.44600337590015,1002
2024-09-19 11:47:04.746000,420.4206514808478,1002
2024-09-19 11:47:04.790000,420.3866127217327,13
2024-09-19 11:47:04.798000,420.416675926125,1002
2024-09-19 11:47:04.802000,420.4130288107028,1000
2024-09-19 11:47:04.803000,420.35158678601925,14
2024-09-19 11:47:04.826000,420.42193228616594,104
2024-09-19 11:47:04.869000,420.4360753628934,103
2024-09-19 11:47:04.919000,420.3708954130072,101
2024-09-19 11:47:04.936000,420.4396249625265,1001
2024-09-19 11:47:04.940000,420.4311390438252,1003
2024-09-19 11:47:04.986000,420.39563573832913,10
2024-09-19 11:47:05.038000,420.40161064650215,11
2024-09-19 11:47:05.073000,420.3853138514472,99
2024-09-19 11:47:05.235000,420.361165378174,98
2024-09-19 11:47:05.293000,420.3434117097913,10
2024-09-19 11:47:05.301000,420.3363406475799,997
2024-09-19 11:47:05.369000,420.3464484933672,999
2024-09-19 11:47:05.427000,420.39235847175576,102
2024-09-19 11:47:05.502000,420.3464410174225,998
2024-09-19 11:47:05.559000,420.40247348746976,997
2024-09-19 11:47:05.567000,420.4114958337535,997
2024-09-19 11:47:05.877000,420.34059444646647,998
2024-09-19 11:47:05.910000,420.3363349676809,7
2024-09-19 11:47:05.919000,420.3501364934827,1001
2024-09-19 11:47:06.042000,420.4641481425407,10
2024-09-19 11:47:06.060000,420.4092718404213,5
2024-09-19 11:47:06.136000,420.4666489575524,999
2024-09-19 11:47:06.147000,420.431033568384,99
2024-09-19 11:47:06.334000,420.45913318198353,103
2024-09-19 11:47:06.355000,420.4016951592722,13
2024-09-19 11:47:06.410000,420.478992956542,98
2024-09-19 11:47:06.541000,420.41286012608816,96
2024-09-19 11:47:06.628000,420.4151213396222,1005
2024-09-19 11:47:06.785000,420.404413329321,97
2024-09-19 11:47:06.798000,420.40633034748544,12
2024-09-19 11:47:06.842000,420.3939962895462,7
2024-09-19 11:47:06.846000,420.4715468025826,7
2024-09-19 11:47:06.895000,420.4583214772034,104
2024-09-19 11:47:06.910000,420.4506325369532,105
2024-09-19 11:47:06.947000,420.4318662378507,15
2024-09-19 11:47:06.977000,420.4129760349275,13
2024-09-19 11:47:07.050000,420.4663436844908,8
2024-09-19 11:47:07.195000,420.4299725786855,7
2024-09-19 11:47:07.207000,420.4371260876016,105
2024-09-19 11:47:07.230000,420.4179848648937,11
2024-09-19 11:47:07.295000,420.4318002039797,95
2024-09-19 11:47:07.337000,420.41076123132217,102
2024-09-19 11:47:07.353000,420.4023126640548,995
2024-09-19 11:47:07.440000,420.4341545087949,997
2024-09-19 11:47:07.490000,420.4362779288514,95
2024-09-19 11:47:07.588000,420.4389799936505,101
2024-09-19 11:47:07.651000,420.4379279770615,1003
2024-09-19 11:47:07.687000,420.4368282778096,996
2024-09-19 11:47:07.761000,420.4425965893645,14
2024-09-19 11:47:07.801000,420.4554228235616,103
2024-09-19 11:47:07.845000,420.4460225527189,105
2024-09-19 11:47:07.976000,420.4271920200643,100
2024-09-19 11:47:07.993000,420.4186982160582,105
2024-09-19 11:47:08.036000,420.47076511143047,104
2024-09-19 11:47:08.085000,420.4848690570244,14
2024-09-19 11:47:08.089000,420.456726365245,12
2024-09-19 11:47:08.182000,420.4708262546084,11
2024-09-19 11:47:08.205000,420.48162604936846,7
2024-09-19 11:47:08.217000,420.47258727841535,104
2024-09-19 11:47:08.279000,420.4434652096377,1001
2024-09-19 11:47:08.282000,420.4917485004336,999
2024-09-19 11:47:08.320000,420.43961181285664,98
2024-09-19 11:47:08.355000,420.4764015058773,1003
2024-09-19 11:47:08.457000,420.4469968107273,999
2024-09-19 11:47:08.488000,420.4717026300556,996
2024-09-19 11:47:08.589000,420.4364030328104,1001
2024-09-19 11:47:08.671000,420.4823058290042,995
2024-09-19 11:47:08.871000,420.47601707421495,95
2024-09-19 11:47:08.966000,420.4768447128746,1005
2024-09-19 11:47:08.977000,420.4413202861248,996
2024-09-19 11:47:09.040000,420.43289548062165,997
2024-09-19 11:47:09.233000,420.48235024571375,99
2024-09-19 11:47:09.328000,420.4647431851675,99
2024-09-19 11:47:09.335000,420.42930967354624,14
2024-09-19 11:47:09.391000,420.4679292080339,996
2024-09-19 11:47:09.611000,420.43463923879887,998
2024-09-19 11:47:09.649000,420.4310247791457,101
2024-09-19 11:47:09.664000,420.44362574328034,9
2024-09-19 11:47:09.780000,420.4222403494293,7
2024-09-19 11:47:09.811000,420.450975874276,96
2024-09-19 11:47:09.819000,420.4200006490786,15
2024-09-19 11:47:09.837000,420.4258416997104,96
2024-09-19 11:47:09.916000,420.4439354814256,10
2024-09-19 11:47:10.060000,420.4299549900032,103
2024-09-19 11:47:10.399000,420.4231417529036,99
2024-09-19 11:47:11.113000,420.44195203052914,7
2024-09-19 11:47:11.304000,420.4347246305272,10
2024-09-19 11:47:11.308000,420.4249853654266,97
2024-09-19 11:47:11.400000,420.3783038529223,6
2024-09-19 11:47:11.663000,420.45438312855697,100
2024-09-19 11:47:11.735000,420.37130146447953,8
2024-09-19 11:47:11.886000,420.4245663443865,7
2024-09-19 11:47:11.895000,420.38327363164535,96
2024-09-19 11:47:11.953000,420.4319023359675,15
2024-09-19 11:47:12.028000,420.368637690669,10
2024-09-19 11:47:12.053000,420.3308961117265,8
2024-09-19 11:47:12.054000,420.3537933433159,1005
2024-09-19 11:47:12.159000,420.35329226704334,99
2024-09-19 11:47:12.328000,420.3581458241433,101
2024-09-19 11:47:12.396000,420.35862875297136,13
2024-09-19 11:47:12.403000,420.3485807985744,5
2024-09-19 11:47:12.403000,420.3729321046575,13
2024-09-19 11:47:12.567000,420.3573515196924,98
2024-09-19 11:47:12.635000,420.3642326913537,12
2024-09-19 11:47:12.635000,420.3579376065612,14
2024-09-19 11:47:12.681000,420.3672609922196,8
2024-09-19 11:47:12.741000,420.34340591312696,5
2024-09-19 11:47:12.756000,420.36149055101663,996
2024-09-19 11:47:12.808000,420.3913608919394,9
2024-09-19 11:47:12.814000,420.370400448122,105
2024-09-19 11:47:12.823000,420.36992201952063,996
2024-09-19 11:47:12.854000,420.36413649084864,15
2024-09-19 11:47:12.891000,420.3717706683052,1004
2024-09-19 11:47:12.971000,420.3757857560168,10
2024-09-19 11:47:12.997000,420.3606913714922,97
2024-09-19 11:47:13.248000,420.3539724473537,995
2024-09-19 11:47:13.277000,420.3780333201757,105
2024-09-19 11:47:13.370000,420.339578238999,100
2024-09-19 11:47:13.401000,420.3763361810962,1003
2024-09-19 11:47:13.542000,420.3745475428595,102
2024-09-19 11:47:13.600000,420.3661776439336,12
2024-09-19 11:47:13.604000,420.3641350021589,101
2024-09-19 11:47:13.767000,420.36103895431313,998
2024-09-19 11:47:13.811000,420.3735460719392,15
2024-09-19 11:47:13.836000,420.34576782975375,1000
2024-09-19 11:47:13.843000,420.3727353930367,1005
2024-09-19 11:47:13.908000,420.3671052832696,96
2024-09-19 11:47:14.054000,420.3052952514444,98
2024-09-19 11:47:14.136000,420.3363292223826,98
2024-09-19 11:47:14.147000,420.3753797820335,995
2024-09-19 11:47:14.204000,420.3478479152191,102
2024-09-19 11:47:14.248000,420.2845551281351,96
2024-09-19 11:47:14.332000,420.3460150984554,5
2024-09-19 11:47:14.365000,420.3658693089432,995
2024-09-19 11:47:14.377000,420.2916384091798,5
2024-09-19 11:47:14.409000,420.3583897576854,1000
2024-09-19 11:47:14.467000,420.3312647439311,1000
2024-09-19 11:47:14.574000,420.28606618768174,5
2024-09-19 11:47:14.639000,420.29061594203296,97
2024-09-19 11:47:14.709000,420.3707606658926,104
2024-09-19 11:47:14.712000,420.34835018676216,103
2024-09-19 11:47:14.780000,420.3004212769688,10
2024-09-19 11:47:14.798000,420.3700239090416,12
2024-09-19 11:47:14.830000,420.3202595036424,98
2024-09-19 11:47:14.906000,420.3629108690896,103
2024-09-19 11:47:14.919000,420.302619121557,997
2024-09-19 11:47:14.930000,420.3421499465386,15
2024-09-19 11:47:14.992000,420.2904862761341,996
2024-09-19 11:47:15.035000,420.33137395823394,5
2024-09-19 11:47:15.241000,420.30440064252855,7
2024-09-19 11:47:15.251000,420.3212566611929,1002
2024-09-19 11:47:15.418000,420.3412485197744,15
2024-09-19 11:47:15.443000,420.32303618766,9
2024-09-19 11:47:15.704000,420.32059336204975,11
2024-09-19 11:47:15.736000,420.2951770774234,5
2024-09-19 11:47:15.826000,420.3160574758514,6
2024-09-19 11:47:15.845000,420.32551468769947,996
2024-09-19 11:47:15.930000,420.2888976350284,1001
2024-09-19 11:47:16.039000,420.2703575143789,99
2024-09-19 11:47:16.087000,420.2558882627831,11
2024-09-19 11:47:16.360000,420.2981655540014,105
2024-09-19 11:47:16.616000,420.2647632136091,998
2024-09-19 11:47:16.697000,420.29825820121937,8
2024-09-19 11:47:16.771000,420.2939290521241,11
2024-09-19 11:47:16.834000,420.2984785058096,104
2024-09-19 11:47:17.018000,420.2973301534484,1000
2024-09-19 11:47:17.106000,420.3897252613384,14
2024-09-19 11:47:17.163000,420.4044427315493,1002
2024-09-19 11:47:17.289000,420.3626849648491,5
2024-09-19 11:47:17.318000,420.2695975622415,8
2024-09-19 11:47:17.378000,420.3608021396661,13
2024-09-19 11:47:17.391000,420.39048635657286,101
2024-09-19 11:47:17.429000,420.3197969235417,101
2024-09-19 11:47:17.451000,420.42953358876144,7
2024-09-19 11:47:17.500000,420.2851479795942,8
2024-09-19 11:47:17.545000,420.3783985727913,15
2024-09-19 11:47:17.578000,420.3854647128401,7
2024-09-19 11:47:17.652000,420.3324993129152,997
2024-09-19 11:47:17.653000,420.3252986088213,100
2024-09-19 11:47:17.722000,420.3893225582043,105
2024-09-19 11:47:17.772000,420.2743952144785,12
2024-09-19 11:47:17.812000,420.2730139198907,11
2024-09-19 11:47:17.820000,420.406314537969,100
2024-09-19 11:47:17.836000,420.3962036960671,11
2024-09-19 11:47:17.859000,420.4287700601347,96
2024-09-19 11:47:17.877000,420.3564312428787,96
2024-09-19 11:47:17.932000,420.3863712973084,11
2024-09-19 11:47:17.951000,420.2832627526756,8
2024-09-19 11:47:17.964000,420.41251748884656,997
2024-09-19 11:47:17.969000,420.3755594942688,12
2024-09-19 11:47:18.041000,420.4650721314204,15
2024-09-19 11:47:18.052000,420.4446970006331,103
2024-09-19 11:47:18.105000,420.4496745232972,998
2024-09-19 11:47:18.173000,420.3998700355177,97
2024-09-19 11:47:18.176000,420.4513614008077,103
2024-09-19 11:47:18.181000,420.445558303311,97
2024-09-19 11:47:18.189000,420.4118165048908,98
2024-09-19 11:47:18.269000,420.4749236239672,996
2024-09-19 11:47:18.284000,420.4410435330111,103
2024-09-19 11:47:18.322000,420.487579105203,98
2024-09-19 11:47:18.324000,420.4785947962633,99
2024-09-19 11:47:18.384000,420.4783904888816,103
2024-09-19 11:47:18.443000,420.4157370642238,95
2024-09-19 11:47:18.445000,420.4162866591361,1004
2024-09-19 11:47:18.452000,420.4588193935151,1000
2024-09-19 11:47:18.489000,420.4832026340851,995
2024-09-19 11:47:18.493000,420.4684020374783,97
2024-09-19 11:47:18.540000,420.47294562389993,11
2024-09-19 11:47:18.583000,420.4352200071969,103
2024-09-19 11:47:18.610000,420.4028759214692,8
2024-09-19 11:47:18.705000,420.4640779168548,98
2024-09-19 11:47:18.720000,420.4707952794437,1003
2024-09-19 11:47:18.720000,420.4760557315304,1002
2024-09-19 11:47:18.829000,420.3959623792762,1001
2024-09-19 11:47:18.855000,420.45764360752486,999
2024-09-19 11:47:18.866000,420.4509291459644,15
2024-09-19 11:47:18.973000,420.46930886293495,7
2024-09-19 11:47:19.003000,420.4997897830186,103
2024-09-19 11:47:19.070000,420.5324994678944,6
2024-09-19 11:47:19.102000,420.4747392594611,14
2024-09-19 11:47:19.116000,420.5865442037701,97
2024-09-19 11:47:19.140000,420.5437275452291,1001
2024-09-19 11:47:19.274000,420.6246108093715,10
2024-09-19 11:47:19.314000,420.4911705710379,1005
2024-09-19 11:47:19.340000,420.5090071161642,995
2024-09-19 11:47:19.359000,420.4724638957711,104
2024-09-19 11:47:19.394000,420.5029213698977,9
2024-09-19 11:47:19.398000,420.5255721151071,14
2024-09-19 11:47:19.471000,420.5290820671893,997
2024-09-19 11:47:19.496000,420.4883608411254,999
2024-09-19 11:47:19.677000,420.51263995459306,1002
2024-09-19 11:47:19.688000,420.5426483503098,999
2024-09-19 11:47:19.731000,420.5674585303272,1001
2024-09-19 11:47:19.761000,420.6039508588564,105
2024-09-19 11:47:19.779000,420.5846325544567,13
2024-09-19 11:47:19.790000,420.50070542618914,12
2024-09-19 11:47:19.800000,420.5653569261951,96
2024-09-19 11:47:19.814000,420.52157357392,1004
2024-09-19 11:47:19.877000,420.4890544079263,8
2024-09-19 11:47:19.931000,420.4773237292092,104
2024-09-19 11:47:19.932000,420.4742016880781,102
2024-09-19 11:47:19.944000,420.54024723629817,1003
2024-09-19 11:47:19.957000,420.4943692505093,998
2024-09-19 11:47:20.052000,420.6282624808483,995
2024-09-19 11:47:20.157000,420.6121985902579,8
2024-09-19 11:47:20.258000,420.6188017127199,15
2024-09-19 11:47:20.267000,420.62313739024034,1003
2024-09-19 11:47:20.465000,420.6502624954168,103
2024-09-19 11:47:20.511000,420.6456314429872,100
2024-09-19 11:47:20.613000,420.6086871109897,103
2024-09-19 11:47:20.908000,420.6330712855435,1002
2024-09-19 11:47:20.986000,420.6230759861035,99
2024-09-19 11:47:21.151000,420.6586121964153,96
2024-09-19 11:47:21.159000,420.6992569189739,1000
2024-09-19 11:47:21.184000,420.7195942481431,100
2024-09-19 11:47:21.189000,420.6552111081554,100
2024-09-19 11:47:21.250000,420.6403628529832,95
2024-09-19 11:47:21.288000,420.62106363167055,99
2024-09-19 11:47:21.301000,420.6726628379545,997
2024-09-19 11:47:21.327000,420.6283386328952,1000
2024-09-19 11:47:21.347000,420.6542520496083,101
2024-09-19 11:47:21.367000,420.6643903917615,95
2024-09-19 11:47:21.372000,420.6497776418169,1002
2024-09-19 11:47:21.383000,420.624477273642,1002
2024-09-19 11:47:21.403000,420.6567959163759,1004
2024-09-19 11:47:21.410000,420.6950022030922,9
2024-09-19 11:47:21.427000,420.64859328368,12
2024-09-19 11:47:21.455000,420.6855242908144,1004
2024-09-19 11:47:21.543000,420.6693190250319,9
2024-09-19 11:47:21.547000,420.71021454796914,102
2024-09-19 11:47:21.687000,420.6532602510519,104
2024-09-19 11:47:21.743000,420.70672855747097,98
2024-09-19 11:47:21.767000,420.66298371939047,998
2024-09-19 11:47:21.840000,420.6576136864919,101
2024-09-19 11:47:21.884000,420.6976566484289,998
2024-09-19 11:47:21.921000,420.7119934825993,104
2024-09-19 11:47:21.952000,420.68249851331313,1002
2024-09-19 11:47:21.961000,420.72618307230215,105
2024-09-19 11:47:21.965000,420.6808494980281,5
2024-09-19 11:47:22.011000,420.7184735613879,10
2024-09-19 11:47:22.061000,420.6689422118614,14
2024-09-19 11:47:22.097000,420.66455333469474,5
2024-09-19 11:47:22.153000,420.6786902730904,15
2024-09-19 11:47:22.194000,420.6991987206012,13
2024-09-19 11:47:22.327000,420.7017398238639,103
2024-09-19 11:47:22.371000,420.69499486222026,105
2024-09-19 11:47:22.414000,420.72233654854415,95
2024-09-19 11:47:22.443000,420.67394355468014,998
2024-09-19 11:47:22.561000,420.6976047025476,13
2024-09-19 11:47:22.586000,420.7035864041112,14
2024-09-19 11:47:22.613000,420.6894999536118,14
2024-09-19 11:47:22.631000,420.6823600296763,1001
2024-09-19 11:47:22.729000,420.6728811961076,11
2024-09-19 11:47:22.785000,420.6850636837165,1002
2024-09-19 11:47:22.932000,420.68980557301074,9
2024-09-19 11:47:22.980000,420.6687477112449,104
2024-09-19 11:47:22.981000,420.6742977660885,996
2024-09-19 11:47:23.034000,420.70098983865137,15
2024-09-19 11:47:23.186000,420.6650735771381,6
2024-09-19 11:47:23.192000,420.7093140042359,95
2024-09-19 11:47:23.234000,420.69528595989806,13
2024-09-19 11:47:23.271000,420.7194076545789,99
2024-09-19 11:47:23.305000,420.7142915669694,101
2024-09-19 11:47:23.393000,420.6548315038556,995
2024-09-19 11:47:23.472000,420.685371958526,100
2024-09-19 11:47:23.600000,420.6845022981693,105
2024-09-19 11:47:23.671000,420.70320933093547,11
2024-09-19 11:47:23.707000,420.6950930810589,101
2024-09-19 11:47:23.756000,420.70281231509074,1000
2024-09-19 11:47:23.816000,420.6750823953723,97
2024-09-19 11:47:23.882000,420.689838552771,1002
2024-09-19 11:47:23.928000,420.6929536341909,999
2024-09-19 11:47:24.022000,420.60577317707407,1004
2024-09-19 11:47:24.032000,420.6452357691928,11
2024-09-19 11:47:24.083000,420.58345554849006,1002
2024-09-19 11:47:24.108000,420.6472276446631,97
2024-09-19 11:47:24.110000,420.596747787882,15
2024-09-19 11:47:24.119000,420.61944318416295,998
2024-09-19 11:47:24.166000,420.5530177612413,98
2024-09-19 11:47:24.240000,420.57811716251945,97
2024-09-19 11:47:24.244000,420.6049507694416,1002
2024-09-19 11:47:24.244000,420.5892034073426,12
2024-09-19 11:47:24.283000,420.6062539281194,100
2024-09-19 11:47:24.285000,420.5635327008553,97
2024-09-19 11:47:24.292000,420.5786988282457,95
2024-09-19 11:47:24.372000,420.6546713311722,1003
2024-09-19 11:47:24.385000,420.6168370150421,12
2024-09-19 11:47:24.419000,420.6449403820777,12
2024-09-19 11:47:24.420000,420.6434767434372,12
2024-09-19 11:47:24.424000,420.6286703984768,14
2024-09-19 11:47:24.542000,420.5430899355312,101
2024-09-19 11:47:24.551000,420.6438872678289,8
2024-09-19 11:47:24.579000,420.61977131653856,1005
2024-09-19 11:47:24.583000,420.6659133438983,1000
2024-09-19 11:47:24.596000,420.62754006220376,5
2024-09-19 11:47:24.681000,420.6236887014998,6
2024-09-19 11:47:24.707000,420.5564361058152,1001
2024-09-19 11:47:24.744000,420.60828642842495,11
2024-09-19 11:47:24.863000,420.6459974076439,6
2024-09-19 11:47:24.979000,420.6494843275703,11
2024-09-19 11:47:25.005000,420.55686380369,12
2024-09-19 11:47:25.072000,420.5641255125757,5
2024-09-19 11:47:25.073000,420.5550159892662,96
2024-09-19 11:47:25.148000,420.6140691999343,999
2024-09-19 11:47:25.228000,420.55298284202286,7
2024-09-19 11:47:25.334000,420.55769657692906,997
2024-09-19 11:47:25.446000,420.5454008045208,7
2024-09-19 11:47:25.483000,420.5497665212084,999
2024-09-19 11:47:25.557000,420.5556487339542,997
2024-09-19 11:47:25.604000,420.5458103971127,105
2024-09-19 11:47:25.617000,420.5479023381131,999
2024-09-19 11:47:25.658000,420.558260891557,1003
2024-09-19 11:47:25.735000,420.5516742622144,11
2024-09-19 11:47:25.775000,420.5967051108629,1004
2024-09-19 11:47:25.828000,420.5729995913928,1002
2024-09-19 11:47:25.896000,420.56140260814647,97
2024-09-19 11:47:25.896000,420.6255225900589,1005
2024-09-19 11:47:25.955000,420.5828498837928,1000
2024-09-19 11:47:25.962000,420.5331798322022,9
2024-09-19 11:47:25.968000,420.5546350790499,11
2024-09-19 11:47:26.028000,420.5204090901861,9
2024-09-19 11:47:26.133000,420.4870897193657,5
2024-09-19 11:47:26.175000,420.4408292085812,97
2024-09-19 11:47:26.289000,420.4782768626417,12
2024-09-19 11:47:26.309000,420.4596608218097,998
2024-09-19 11:47:26.316000,420.4707594026515,1005
2024-09-19 11:47:26.323000,420.5246283280734,105
2024-09-19 11:47:26.333000,420.51927429167455,104
2024-09-19 11:47:26.365000,420.4479936016184,1001
2024-09-19 11:47:26.382000,420.4954047814102,12
2024-09-19 11:47:26.383000,420.4522803064016,99
2024-09-19 11:47:26.384000,420.4370646107758,1000
2024-09-19 11:47:26.384000,420.5092309322527,11
2024-09-19 11:47:26.388000,420.42989026467336,99
2024-09-19 11:47:26.408000,420.49608037043765,998
2024-09-19 11:47:26.464000,420.4642269565918,15
2024-09-19 11:47:26.532000,420.5115692079426,998
2024-09-19 11:47:26.551000,420.46370600916384,98
2024-09-19 11:47:26.558000,420.4863159516315,15
2024-09-19 11:47:26.589000,420.4522157194768,98
2024-09-19 11:47:26.653000,420.5114540102625,1005
2024-09-19 11:47:26.658000,420.51833279467365,100
2024-09-19 11:47:26.712000,420.5233188935796,1004
2024-09-19 11:47:26.779000,420.45492237232656,98
2024-09-19 11:47:26.783000,420.4574698364681,15
2024-09-19 11:47:26.792000,420.4893824537682,12
2024-09-19 11:47:26.871000,420.4671791193582,105
2024-09-19 11:47:26.922000,420.4433323886359,996
2024-09-19 11:47:26.950000,420.4500559885091,11
2024-09-19 11:47:26.967000,420.450573107884,99
2024-09-19 11:47:27.033000,420.525286881504,100
2024-09-19 11:47:27.075000,420.5213120154644,7
2024-09-19 11:47:27.081000,420.5300320583955,105
2024-09-19 11:47:27.085000,420.5041929145696,103
2024-09-19 11:47:27.089000,420.53216665042186,95
2024-09-19 11:47:27.121000,420.5365083555136,104
2024-09-19 11:47:27.203000,420.53398183686784,105
2024-09-19 11:47:27.208000,420.53452074383904,15
2024-09-19 11:47:27.233000,420.5262715034484,999
2024-09-19 11:47:27.234000,420.4915637347596,1004
2024-09-19 11:47:27.235000,420.5148400904994,996
2024-09-19 11:47:27.242000,420.52107810546295,97
2024-09-19 11:47:27.243000,420.5455199476141,998
2024-09-19 11:47:27.406000,420.5396547012506,1004
2024-09-19 11:47:27.494000,420.5408313645991,10
2024-09-19 11:47:27.589000,420.5354782037938,98
2024-09-19 11:47:27.623000,420.52947468905984,1005
2024-09-19 11:47:27.658000,420.5093606864315,102
2024-09-19 11:47:27.759000,420.5212797012257,6
2024-09-19 11:47:27.845000,420.5194216051031,10
2024-09-19 11:47:27.899000,420.5392245482921,104
2024-09-19 11:47:27.907000,420.523422432466,1002
2024-09-19 11:47:28.475000,420.5443226284042,1001
2024-09-19 11:47:28.808000,420.540186514785,1002
2024-09-19 11:47:29.216000,420.5337908000026,15
2024-09-19 11:47:29.334000,420.5481916094006,102
2024-09-19 11:47:29.398000,420.5358381845491,8
2024-09-19 11:47:29.416000,420.5509972040435,5
2024-09-19 11:47:29.553000,420.54981623779577,1005
2024-09-19 11:47:29.595000,420.53421740266594,1002
2024-09-19 11:47:29.711000,420.5335288571743,6
2024-09-19 11:47:29.740000,420.5377457460928,102
2024-09-19 11:47:29.745000,420.55409980705554,8
2024-09-19 11:47:29.927000,420.54576768760967,98
2024-09-19 11:47:29.997000,420.5687977830807,101
2024-09-19 11:47:30.262000,420.5113390811791,103
2024-09-19 11:47:30.321000,420.51535589176734,11
2024-09-19 11:47:30.448000,420.4967991521679,1002
2024-09-19 11:47:30.481000,420.5138577989879,996
2024-09-19 11:47:30.708000,420.5268112993609,7
2024-09-19 11:47:30.728000,420.50009245413423,15
2024-09-19 11:47:30.939000,420.5097563487069,10
2024-09-19 11:47:31.055000,420.4280484629594,100
2024-09-19 11:47:31.093000,420.39973919637896,103
2024-09-19 11:47:31.103000,420.4147583960589,13
2024-09-19 11:47:31.126000,420.5045279943092,1000
2024-09-19 11:47:31.133000,420.4900994385054,9
2024-09-19 11:47:31.148000,420.3932026949477,6
2024-09-19 11:47:31.217000,420.40311647292697,102
2024-09-19 11:47:31.252000,420.4920539599899,95
2024-09-19 11:47:31.252000,420.4241097114332,102
2024-09-19 11:47:31.297000,420.4326527738902,14
2024-09-19 11:47:31.357000,420.422173294349,96
2024-09-19 11:47:31.386000,420.3888957765432,103
2024-09-19 11:47:31.394000,420.4622004939457,103
2024-09-19 11:47:31.530000,420.4289534766286,1005
2024-09-19 11:47:31.596000,420.4346073006402,1001
2024-09-19 11:47:31.611000,420.4174478608208,102
2024-09-19 11:47:31.707000,420.3989020349408,96
2024-09-19 11:47:31.726000,420.4004969098148,998
2024-09-19 11:47:31.733000,420.4527926380036,97
2024-09-19 11:47:31.749000,420.3942577439432,96
2024-09-19 11:47:31.779000,420.3881628452742,1000
2024-09-19 11:47:31.826000,420.5079910113053,95
2024-09-19 11:47:31.849000,420.3940782484464,98
2024-09-19 11:47:31.877000,420.4700870036182,995
2024-09-19 11:47:32.052000,420.4901188047957,97
2024-09-19 11:47:32.284000,420.5012936214457,1002
2024-09-19 11:47:32.286000,420.5057343131775,99
2024-09-19 11:47:32.435000,420.5373190544669,995
2024-09-19 11:47:32.438000,420.4795664563793,5
2024-09-19 11:47:32.454000,420.4915461874827,103
2024-09-19 11:47:32.507000,420.4279446094749,102
2024-09-19 11:47:32.580000,420.54787041759215,12
2024-09-19 11:47:32.621000,420.4563159694069,9
2024-09-19 11:47:32.639000,420.40161950774046,997
2024-09-19 11:47:32.644000,420.5324169032274,100
2024-09-19 11:47:32.650000,420.499675098996,10
2024-09-19 11:47:32.687000,420.5265036752057,96
2024-09-19 11:47:32.771000,420.5576352759328,1001
2024-09-19 11:47:32.818000,420.4956332731027,6
2024-09-19 11:47:32.833000,420.4471377231103,1002
2024-09-19 11:47:32.842000,420.4895227350571,96
2024-09-19 11:47:32.849000,420.5118878502448,96
2024-09-19 11:47:32.854000,420.4800814120477,9
2024-09-19 11:47:32.855000,420.41751748665246,13
2024-09-19 11:47:32.874000,420.5208264829812,13
2024-09-19 11:47:32.909000,420.5261689448999,997
2024-09-19 11:47:32.915000,420.4637836125915,1001
2024-09-19 11:47:32.923000,420.5074112879076,5
2024-09-19 11:47:32.958000,420.52591128448574,100
2024-09-19 11:47:32.975000,420.5172135856498,10
2024-09-19 11:47:33.021000,420.51135570467983,95
2024-09-19 11:47:33.029000,420.497826156614,102
2024-09-19 11:47:33.039000,420.499699314648,6
2024-09-19 11:47:33.045000,420.4903741014745,7
2024-09-19 11:47:33.066000,420.4678979403028,9
2024-09-19 11:47:33.095000,420.4815782735614,7
2024-09-19 11:47:33.125000,420.46302491023954,6
2024-09-19 11:47:33.331000,420.4765223370198,1002
2024-09-19 11:47:33.460000,420.4952009908471,7
2024-09-19 11:47:33.529000,420.5027342986549,1004
2024-09-19 11:47:33.565000,420.4837558066992,11
2024-09-19 11:47:33.793000,420.5053819920983,97
2024-09-19 11:47:33.878000,420.4801127203541,996
2024-09-19 11:47:33.882000,420.4998156273757,13
2024-09-19 11:47:34.088000,420.5409077333418,103
2024-09-19 11:47:34.094000,420.54578672728894,1002
2024-09-19 11:47:34.200000,420.5440578808206,997
2024-09-19 11:47:34.372000,420.54643352534026,1003
2024-09-19 11:47:34.515000,420.5116400876267,997
2024-09-19 11:47:34.635000,420.5101365333588,995
2024-09-19 11:47:34.706000,420.5237603340413,6
2024-09-19 11:47:34.717000,420.4948259335089,9
2024-09-19 11:47:34.926000,420.50522077081104,1001
2024-09-19 11:47:34.970000,420.49934556879776,998
2024-09-19 11:47:35.031000,420.5588633197603,98
2024-09-19 11:47:35.033000,420.60305117371047,5
2024-09-19 11:47:35.165000,420.5143502329644,104
2024-09-19 11:47:35.186000,420.53947685108704,998
2024-09-19 11:47:35.194000,420.5377058048324,996
2024-09-19 11:47:35.206000,420.5906916356743,14
2024-09-19 11:47:35.266000,420.5566077837439,997
2024-09-19 11:47:35.338000,420.52734152230033,1002
2024-09-19 11:47:35.368000,420.575660021256,13
2024-09-19 11:47:35.381000,420.5717362356069,99
2024-09-19 11:47:35.387000,420.5329166557004,996
2024-09-19 11:47:35.391000,420.5197558280235,105
2024-09-19 11:47:35.400000,420.64027469330784,99
2024-09-19 11:47:35.427000,420.6389414402736,1005
2024-09-19 11:47:35.505000,420.5362559192208,999
2024-09-19 11:47:35.618000,420.5413454950276,7
2024-09-19 11:47:35.624000,420.5209386916584,101
2024-09-19 11:47:35.660000,420.5593878867583,998
2024-09-19 11:47:35.671000,420.62567377680176,5
2024-09-19 11:47:35.723000,420.526546295611,100
2024-09-19 11:47:35.823000,420.6394433432749,101
2024-09-19 11:47:36.002000,420.6206026241571,99
2024-09-19 11:47:36.061000,420.6301422599514,97
2024-09-19 11:47:36.175000,420.6400535543961,1003
2024-09-19 11:47:36.260000,420.6196329382727,101
2024-09-19 11:47:36.339000,420.6109224734665,9
2024-09-19 11:47:36.456000,420.6598351404542,995
2024-09-19 11:47:36.505000,420.642146399932,8
2024-09-19 11:47:36.612000,420.60891808579294,5
2024-09-19 11:47:36.862000,420.6194904368165,997
2024-09-19 11:47:36.917000,420.6242764722813,997
2024-09-19 11:47:36.922000,420.6262843682851,6
2024-09-19 11:47:36.930000,420.6221670467093,1002
2024-09-19 11:47:37.107000,420.603130041429,995
2024-09-19 11:47:37.151000,420.57774870766497,1002
2024-09-19 11:47:37.226000,420.5931119525112,96
2024-09-19 11:47:37.489000,420.5967171585259,1001
2024-09-19 11:47:37.591000,420.62212848160175,9
2024-09-19 11:47:38.058000,420.65140853556943,7
2024-09-19 11:47:38.070000,420.7076568681255,997
2024-09-19 11:47:38.156000,420.6624967451827,13
2024-09-19 11:47:38.164000,420.7225047626218,1005
2024-09-19 11:47:38.242000,420.6163015723635,8
2024-09-19 11:47:38.374000,420.60770250251744,95
2024-09-19 11:47:38.529000,420.5870047242781,1004
2024-09-19 11:47:38.680000,420.6801864503367,995
2024-09-19 11:47:38.733000,420.6266964063268,1003
2024-09-19 11:47:38.819000,420.6486254064256,1000
2024-09-19 11:47:38.875000,420.68686677362695,12
2024-09-19 11:47:38.929000,420.6713465611161,15
2024-09-19 11:47:39.152000,420.7376171865389,103
2024-09-19 11:47:39.382000,420.73950486606014,97
2024-09-19 11:47:39.388000,420.7508803341141,7
2024-09-19 11:47:39.449000,420.7258796624157,98
2024-09-19 11:47:39.553000,420.7527402107921,7
2024-09-19 11:47:39.572000,420.7255709049571,997
2024-09-19 11:47:39.617000,420.7550457778729,5
2024-09-19 11:47:39.703000,420.7407338732617,1003
2024-09-19 11:47:39.899000,420.73129587864906,7
2024-09-19 11:47:39.975000,420.7613651893338,999
2024-09-19 11:47:40.293000,420.7346795892009,995
2024-09-19 11:47:40.303000,420.7302794244648,9
2024-09-19 11:47:40.711000,420.7313329558834,996
2024-09-19 11:47:40.761000,420.7440087299567,98
2024-09-19 11:47:40.821000,420.7280339726107,97
2024-09-19 11:47:41.101000,420.7364607350636,98
2024-09-19 11:47:41.427000,420.7141055229648,5
2024-09-19 11:47:41.576000,420.7266361496775,7
2024-09-19 11:47:41.591000,420.7261668299019,1000
2024-09-19 11:47:41.815000,420.7122167270479,999
2024-09-19 11:47:42.050000,420.70615583077614,10
2024-09-19 11:47:42.222000,420.7053823939313,7
2024-09-19 11:47:42.343000,420.7324593523589,10
2024-09-19 11:47:42.918000,420.72560660270113,1000
2024-09-19 11:47:43.107000,420.744086918474,995
2024-09-19 11:47:43.269000,420.7217902750314,11
2024-09-19 11:47:43.532000,420.7307301366712,7
2024-09-19 11:47:43.713000,420.7279119464316,11
2024-09-19 11:47:43.811000,420.7493943242527,97
2024-09-19 11:47:43.965000,420.7309964867212,10
2024-09-19 11:47:44.052000,420.7460777029992,14
2024-09-19 11:47:44.071000,420.7487323539839,98
2024-09-19 11:47:44.135000,420.7361783006234,995
2024-09-19 11:47:44.142000,420.7413617282194,5
2024-09-19 11:47:44.231000,420.7346137478656,7
2024-09-19 11:47:44.306000,420.75949183329146,7
2024-09-19 11:47:44.334000,420.7561256784037,13
2024-09-19 11:47:44.336000,420.7551358128378,104
2024-09-19 11:47:44.339000,420.7832136535839,996
2024-09-19 11:47:44.344000,420.7351715767252,13
2024-09-19 11:47:44.380000,420.7664027219627,997
2024-09-19 11:47:44.391000,420.7414916135673,5
2024-09-19 11:47:44.403000,420.7377501491573,102
2024-09-19 11:47:44.514000,420.7444000575543,97
2024-09-19 11:47:44.612000,420.7477800347841,8
2024-09-19 11:47:44.616000,420.77003659198107,96
2024-09-19 11:47:44.674000,420.7711122861317,998
2024-09-19 11:47:44.726000,420.7342097705025,98
2024-09-19 11:47:44.769000,420.7518810497395,1001
2024-09-19 11:47:44.788000,420.7567063692852,1004
2024-09-19 11:47:44.839000,420.7459555529072,96
2024-09-19 11:47:45.183000,420.820537504092,99
2024-09-19 11:47:45.202000,420.84346107137634,6
2024-09-19 11:47:45.203000,420.8382415893722,1002
2024-09-19 11:47:45.278000,420.81085825717474,10
2024-09-19 11:47:45.305000,420.8002736862024,997
2024-09-19 11:47:45.358000,420.8523920957603,8
2024-09-19 11:47:45.367000,420.8277478320273,8
2024-09-19 11:47:45.430000,420.84369517027386,1004
2024-09-19 11:47:45.490000,420.8419856589256,99
2024-09-19 11:47:45.543000,420.8503692047128,100
2024-09-19 11:47:45.590000,420.8492164272183,98
2024-09-19 11:47:45.635000,420.8297544796186,1005
2024-09-19 11:47:45.653000,420.839762048457,105
2024-09-19 11:47:45.697000,420.8000053664016,997
2024-09-19 11:47:45.727000,420.80705492999766,995
2024-09-19 11:47:45.761000,420.8537454412293,99
2024-09-19 11:47:45.822000,420.8188190732456,1001
2024-09-19 11:47:45.841000,420.8212356849921,997
2024-09-19 11:47:45.873000,420.81399439625017,100
2024-09-19 11:47:45.884000,420.8267625855759,1005
2024-09-19 11:47:45.887000,420.8335028579378,1000
2024-09-19 11:47:46.003000,420.7544979022498,98
2024-09-19 11:47:46.033000,420.8273530189418,96
2024-09-19 11:47:46.072000,420.8217043860927,101
2024-09-19 11:47:46.250000,420.8169411541248,1005
2024-09-19 11:47:46.291000,420.8191437776931,95
2024-09-19 11:47:46.352000,420.8194311564123,96
2024-09-19 11:47:46.366000,420.8289364871791,103
2024-09-19 11:47:46.525000,420.8259568242729,95
2024-09-19 11:47:46.539000,420.8190636113248,98
2024-09-19 11:47:46.555000,420.8215467200889,10
2024-09-19 11:47:46.626000,420.7824923378048,102
2024-09-19 11:47:46.659000,420.8211977298941,95
2024-09-19 11:47:46.771000,420.8008519673745,98
2024-09-19 11:47:46.775000,420.7578589550525,997
2024-09-19 11:47:46.836000,420.786975014573,97
2024-09-19 11:47:46.846000,420.8319606467589,997
2024-09-19 11:47:46.886000,420.7950626621642,1004
2024-09-19 11:47:46.951000,420.8210014209505,15
2024-09-19 11:47:47.139000,420.7330091304239,103
2024-09-19 11:47:47.324000,420.7204497975864,1005
2024-09-19 11:47:47.376000,420.6955811974681,1005
2024-09-19 11:47:47.442000,420.7092471963912,101
2024-09-19 11:47:47.514000,420.71310425299833,105
2024-09-19 11:47:47.711000,420.7168987800807,9
2024-09-19 11:47:47.818000,420.7202071746935,996
2024-09-19 11:47:47.851000,420.7543548201703,995
2024-09-19 11:47:47.910000,420.7110906214802,101
2024-09-19 11:47:48.030000,420.6858051233172,95
2024-09-19 11:47:48.187000,420.7058138825535,98
2024-09-19 11:47:48.221000,420.6837635363868,6
2024-09-19 11:47:48.589000,420.68639864951285,7
2024-09-19 11:47:48.821000,420.6947847681836,9
2024-09-19 11:47:49.002000,420.7762638363688,13
2024-09-19 11:47:49.003000,420.6646320682755,95
2024-09-19 11:47:49.005000,420.6649563216342,1001
2024-09-19 11:47:49.059000,420.6602110871745,995
2024-09-19 11:47:49.162000,420.6710460009289,6
2024-09-19 11:47:49.234000,420.698580926914,1001
2024-09-19 11:47:49.273000,420.6690613795793,1001
2024-09-19 11:47:49.273000,420.6225606797893,104
2024-09-19 11:47:49.315000,420.6351889631886,100
2024-09-19 11:47:49.399000,420.7386295280088,96
2024-09-19 11:47:49.413000,420.7186457758195,8
2024-09-19 11:47:49.483000,420.7053247860351,98
2024-09-19 11:47:49.526000,420.6823837020437,97
2024-09-19 11:47:49.614000,420.67904856600745,100
2024-09-19 11:47:49.619000,420.65797062659806,99
2024-09-19 11:47:49.653000,420.70170721216107,11
2024-09-19 11:47:49.696000,420.6847615744292,1005
2024-09-19 11:47:49.731000,420.6627825339049,1005
2024-09-19 11:47:49.772000,420.77127506293874,1001
2024-09-19 11:47:49.783000,420.7010860652841,14
2024-09-19 11:47:49.878000,420.7687962349063,1004
2024-09-19 11:47:49.964000,420.7316879816884,6
2024-09-19 11:47:49.964000,420.6838700520298,104
2024-09-19 11:47:49.983000,420.6987638080103,98
2024-09-19 11:47:50.040000,420.7688525884564,102
2024-09-19 11:47:50.060000,420.7558637731014,103
2024-09-19 11:47:50.098000,420.76226469091097,12
2024-09-19 11:47:50.154000,420.7595275580935,999
2024-09-19 11:47:50.376000,420.7538268736555,13
2024-09-19 11:47:50.741000,420.764226039607,15
2024-09-19 11:47:50.859000,420.769651748938,1002
2024-09-19 11:47:50.896000,420.782518412529,1001
2024-09-19 11:47:51.022000,420.8001257359603,996
2024-09-19 11:47:51.043000,420.8243959043151,996
2024-09-19 11:47:51.052000,420.8496387438543,1004
2024-09-19 11:47:51.152000,420.8465008888357,999
2024-09-19 11:47:51.173000,420.84048056870313,10
2024-09-19 11:47:51.191000,420.85477840409646,11
2024-09-19 11:47:51.192000,420.83162437700514,995
2024-09-19 11:47:51.201000,420.8193512490358,12
2024-09-19 11:47:51.218000,420.8303618297811,6
2024-09-19 11:47:51.226000,420.813402370484,14
2024-09-19 11:47:51.356000,420.8282101558257,14
2024-09-19 11:47:51.552000,420.8160571226319,8
2024-09-19 11:47:51.594000,420.8160741620186,100
2024-09-19 11:47:51.603000,420.86648156836895,8
2024-09-19 11:47:51.620000,420.8445649574229,102
2024-09-19 11:47:51.766000,420.8635294492029,999
2024-09-19 11:47:51.781000,420.83848260647966,995
2024-09-19 11:47:51.828000,420.8255772282591,1002
2024-09-19 11:47:51.850000,420.82652649168506,10
2024-09-19 11:47:52.091000,420.9108809905418,996
2024-09-19 11:47:52.228000,420.8487685344504,1002
2024-09-19 11:47:52.262000,420.867326051043,100
2024-09-19 11:47:52.297000,420.94223177585104,97
2024-09-19 11:47:52.317000,420.8963944137404,15
2024-09-19 11:47:52.341000,420.912496520872,5
2024-09-19 11:47:52.381000,420.9756230626184,11
2024-09-19 11:47:52.399000,420.9419779904885,7
2024-09-19 11:47:52.447000,420.8812222087213,105
2024-09-19 11:47:52.570000,420.9849110034119,104
2024-09-19 11:47:52.687000,420.9919171669931,13
2024-09-19 11:47:52.695000,420.9036704115496,6
2024-09-19 11:47:52.713000,420.9166544701732,1000
2024-09-19 11:47:52.716000,420.8552791248713,13
2024-09-19 11:47:52.753000,420.9582482213296,1004
2024-09-19 11:47:52.764000,420.9873914738802,996
2024-09-19 11:47:52.767000,420.9853239794844,1002
2024-09-19 11:47:52.828000,420.88252150759286,996
2024-09-19 11:47:52.882000,420.96004851035394,95
2024-09-19 11:47:52.887000,420.92540501008784,6
2024-09-19 11:47:52.889000,420.974026649973,101
2024-09-19 11:47:52.900000,420.9391237115311,8
2024-09-19 11:47:52.941000,420.9319007822875,103
2024-09-19 11:47:52.965000,420.8597054029939,1005
2024-09-19 11:47:53.188000,420.9241543649552,13
2024-09-19 11:47:53.197000,420.98636994767975,1002
2024-09-19 11:47:53.255000,420.9102478896032,103
2024-09-19 11:47:53.286000,420.9744463267976,100
2024-09-19 11:47:53.296000,420.9712628043267,8
2024-09-19 11:47:53.369000,420.96782338369127,12
2024-09-19 11:47:53.387000,420.966720531411,14
2024-09-19 11:47:53.452000,420.9502934316372,14
2024-09-19 11:47:53.465000,420.9121747060081,1005
2024-09-19 11:47:53.484000,420.9093420808328,15
2024-09-19 11:47:53.509000,420.9887677840178,9
2024-09-19 11:47:53.774000,420.9371745822359,11
2024-09-19 11:47:53.786000,420.8869285038904,1003
2024-09-19 11:47:53.889000,420.9085686566144,13
2024-09-19 11:47:53.918000,420.9660162353248,95
2024-09-19 11:47:53.962000,420.9127756279034,1002
2024-09-19 11:47:53.978000,420.9198471446456,95
2024-09-19 11:47:54.039000,420.8827829699086,102
2024-09-19 11:47:54.070000,420.84285855277767,1001
2024-09-19 11:47:54.164000,420.8071700703963,5
2024-09-19 11:47:54.583000,420.8036635575551,1004
2024-09-19 11:47:54.646000,420.8587588460639,97
2024-09-19 11:47:54.745000,420.8227366418785,104
2024-09-19 11:47:54.976000,420.8315937126889,100
2024-09-19 11:47:55.087000,420.8405016819328,100
2024-09-19 11:47:55.140000,420.8000750037281,14
2024-09-19 11:47:55.168000,420.8084182270456,1004
2024-09-19 11:47:55.193000,420.847695085498,6
2024-09-19 11:47:55.228000,420.8301590283552,103
2024-09-19 11:47:55.239000,420.8530077378922,95
2024-09-19 11:47:55.342000,420.8074634352619,7
2024-09-19 11:47:55.423000,420.8617289060032,1005
2024-09-19 11:47:55.463000,420.8366318579242,10
2024-09-19 11:47:55.505000,420.8563391437982,101
2024-09-19 11:47:55.521000,420.8512794564626,103
2024-09-19 11:47:55.544000,420.84324197549984,9
2024-09-19 11:47:55.661000,420.8646245347683,998
2024-09-19 11:47:55.899000,420.8583466430149,995
2024-09-19 11:47:55.949000,420.8341821775625,101
2024-09-19 11:47:55.961000,420.8592774103636,9
2024-09-19 11:47:56.495000,420.851312403152,103
2024-09-19 11:47:56.609000,420.85924497209993,11
2024-09-19 11:47:56.799000,420.8636908484718,7
2024-09-19 11:47:56.815000,420.87602545576937,996
2024-09-19 11:47:57.158000,420.8495067927468,6
2024-09-19 11:47:57.181000,420.8654841159635,12
2024-09-19 11:47:57.762000,420.8734218219211,5
2024-09-19 11:47:57.874000,420.8638809242319,10
2024-09-19 11:47:58.056000,420.8650284728552,10
2024-09-19 11:47:59.024000,420.8686467740525,1002
2024-09-19 11:47:59.069000,420.8619484400709,997
2024-09-19 11:47:59.088000,420.9530058639828,1002
2024-09-19 11:47:59.088000,420.9454134008986,96
2024-09-19 11:47:59.155000,420.9479062542964,9
2024-09-19 11:47:59.178000,420.9275231782854,95
2024-09-19 11:47:59.202000,420.9563094234032,999
2024-09-19 11:47:59.209000,420.89662452007815,5
2024-09-19 11:47:59.286000,420.959727726204,6
2024-09-19 11:47:59.316000,420.9157111998587,6
2024-09-19 11:47:59.468000,420.897441992656,8
2024-09-19 11:47:59.474000,420.96059593660925,13
2024-09-19 11:47:59.561000,420.9548671760553,997
2024-09-19 11:47:59.564000,420.86288285024494,11
2024-09-19 11:47:59.594000,420.9680626767507,995
2024-09-19 11:47:59.670000,420.8694060085923,996
2024-09-19 11:47:59.704000,420.88685711608633,1004
2024-09-19 11:47:59.734000,420.95649581316366,999
2024-09-19 11:47:59.779000,420.967047269063,14
2024-09-19 11:47:59.877000,420.9631653446288,99
2024-09-19 11:47:59.885000,420.86660655111086,998
2024-09-19 11:47:59.931000,420.8669316345976,1004
2024-09-19 11:47:59.933000,420.92404015894016,1001
2024-09-19 11:47:59.993000,420.95040857924334,103
