Timestamp,Price,Size
2024-09-16 10:00:00.027000,418.160061086315,7
2024-09-16 10:00:00.046000,418.1370632798114,6
2024-09-16 10:00:00.116000,418.1607568562637,8
2024-09-16 10:00:00.138000,418.1603410256932,100
2024-09-16 10:00:00.162000,418.12933034748426,14
2024-09-16 10:00:00.186000,418.169045983766,6
2024-09-16 10:00:00.274000,418.1551745251296,9
2024-09-16 10:00:00.282000,418.158021445592,11
2024-09-16 10:00:00.325000,418.1473020426361,97
2024-09-16 10:00:00.552000,418.1586479512866,12
2024-09-16 10:00:00.596000,418.1424756983359,7
2024-09-16 10:00:00.682000,418.1657221969818,13
2024-09-16 10:00:00.743000,418.1297977548158,1004
2024-09-16 10:00:01.488000,418.157664394466,95
2024-09-16 10:00:01.574000,418.1587994500572,1001
2024-09-16 10:00:01.834000,418.1600964523348,1001
2024-09-16 10:00:02.121000,418.18756804332753,998
2024-09-16 10:00:02.121000,418.13288788724685,105
2024-09-16 10:00:02.170000,418.1510154481113,103
2024-09-16 10:00:02.279000,418.1117669484023,1005
2024-09-16 10:00:02.287000,418.1852759584852,1004
2024-09-16 10:00:02.294000,418.149499143627,1005
2024-09-16 10:00:02.334000,418.1687709393976,1000
2024-09-16 10:00:02.356000,418.1025620027861,95
2024-09-16 10:00:02.425000,418.1590098747655,1001
2024-09-16 10:00:02.428000,418.1297568058757,1001
2024-09-16 10:00:02.447000,418.1503111020672,1001
2024-09-16 10:00:02.456000,418.149224000456,1005
2024-09-16 10:00:02.465000,418.1267762805874,105
2024-09-16 10:00:02.500000,418.15642104165903,7
2024-09-16 10:00:02.556000,418.11286368126457,15
2024-09-16 10:00:02.558000,418.1695973307818,12
2024-09-16 10:00:02.662000,418.1816030368661,997
2024-09-16 10:00:02.706000,418.1537293299057,100
2024-09-16 10:00:02.716000,418.12358474324776,10
2024-09-16 10:00:02.808000,418.1622883868535,996
2024-09-16 10:00:02.828000,418.1183707188242,103
2024-09-16 10:00:02.859000,418.1646193356744,1002
2024-09-16 10:00:02.938000,418.1842693400495,1004
2024-09-16 10:00:02.975000,418.1586308368009,97
2024-09-16 10:00:02.994000,418.1315106374905,104
2024-09-16 10:00:03.013000,418.1530248518082,1005
2024-09-16 10:00:03.060000,418.1610072334072,1004
2024-09-16 10:00:03.073000,418.1804703780233,5
2024-09-16 10:00:03.076000,418.1575648186167,998
2024-09-16 10:00:03.129000,418.1710731293568,6
2024-09-16 10:00:03.141000,418.1923568650592,101
2024-09-16 10:00:03.290000,418.16657799945,998
2024-09-16 10:00:03.357000,418.1848168293584,1002
2024-09-16 10:00:03.377000,418.1889151371175,98
2024-09-16 10:00:03.424000,418.1567198920893,97
2024-09-16 10:00:03.471000,418.14407873311575,998
2024-09-16 10:00:03.477000,418.1486276179206,7
2024-09-16 10:00:03.515000,418.1269968123143,102
2024-09-16 10:00:03.524000,418.1798588122019,99
2024-09-16 10:00:03.597000,418.1428538765808,11
2024-09-16 10:00:03.607000,418.1527416123136,15
2024-09-16 10:00:03.621000,418.1310081641796,99
2024-09-16 10:00:03.656000,418.17648759309753,13
2024-09-16 10:00:03.677000,418.1700421238912,1005
2024-09-16 10:00:03.696000,418.1880729810055,104
2024-09-16 10:00:03.743000,418.19650626091146,102
2024-09-16 10:00:03.782000,418.160569265106,10
2024-09-16 10:00:03.832000,418.159921171195,1003
2024-09-16 10:00:03.923000,418.1621753460468,96
2024-09-16 10:00:03.948000,418.1240156836646,7
2024-09-16 10:00:04.010000,418.1012762588549,102
2024-09-16 10:00:04.020000,418.0874980832298,12
2024-09-16 10:00:04.034000,418.1741311486596,997
2024-09-16 10:00:04.039000,418.1853119294555,1005
2024-09-16 10:00:04.040000,418.2032518526785,95
2024-09-16 10:00:04.094000,418.1451205597547,102
2024-09-16 10:00:04.247000,418.1099746816124,8
2024-09-16 10:00:04.249000,418.0972652270129,99
2024-09-16 10:00:04.282000,418.2056081572026,996
2024-09-16 10:00:04.340000,418.1952852341032,996
2024-09-16 10:00:04.380000,418.0689273579157,1002
2024-09-16 10:00:04.389000,418.0845798042448,96
2024-09-16 10:00:04.473000,418.1712469798997,101
2024-09-16 10:00:04.486000,418.207790384213,99
2024-09-16 10:00:04.591000,418.0889876573257,100
2024-09-16 10:00:04.671000,418.0863495613078,103
2024-09-16 10:00:04.688000,418.1223775540668,1005
2024-09-16 10:00:04.698000,418.1520201929571,14
2024-09-16 10:00:04.702000,418.1064821444267,103
2024-09-16 10:00:04.762000,418.1022218518294,6
2024-09-16 10:00:04.808000,418.0739165351257,95
2024-09-16 10:00:04.819000,418.2040082054913,8
2024-09-16 10:00:04.824000,418.0960172778239,8
2024-09-16 10:00:04.829000,418.2171119331667,998
2024-09-16 10:00:04.842000,418.1083904286335,100
2024-09-16 10:00:04.860000,418.093645221531,7
2024-09-16 10:00:04.865000,418.0725975520546,105
2024-09-16 10:00:04.992000,418.1442193382439,95
2024-09-16 10:00:05.250000,418.068169133524,97
2024-09-16 10:00:05.332000,418.06824958251553,7
2024-09-16 10:00:05.362000,418.0725600174816,12
2024-09-16 10:00:05.411000,418.092789658509,996
2024-09-16 10:00:05.458000,418.0443433477099,6
2024-09-16 10:00:05.625000,418.0665887212813,999
2024-09-16 10:00:05.837000,418.0595839402646,97
2024-09-16 10:00:05.861000,418.0650120271724,12
2024-09-16 10:00:05.900000,418.1120771943808,100
2024-09-16 10:00:05.922000,418.0686522065682,103
2024-09-16 10:00:05.986000,418.093588382228,15
2024-09-16 10:00:06.692000,418.06594788348366,99
2024-09-16 10:00:07.057000,418.0616065732992,96
2024-09-16 10:00:07.136000,418.0501568828887,11
2024-09-16 10:00:07.155000,418.04030910032014,95
2024-09-16 10:00:07.155000,418.0314125503264,1001
2024-09-16 10:00:07.173000,418.03626936837856,99
2024-09-16 10:00:07.194000,418.05270721346136,100
2024-09-16 10:00:07.195000,418.0425048876999,8
2024-09-16 10:00:07.281000,418.03635924214126,15
2024-09-16 10:00:07.300000,418.035201079137,8
2024-09-16 10:00:07.310000,418.0334014487925,9
2024-09-16 10:00:07.317000,418.0407324617112,15
2024-09-16 10:00:07.461000,418.0599277568424,8
2024-09-16 10:00:07.466000,418.0600170614274,11
2024-09-16 10:00:07.555000,418.03165902296814,7
2024-09-16 10:00:07.559000,418.0628368400944,998
2024-09-16 10:00:07.741000,418.027438497619,1002
2024-09-16 10:00:07.916000,418.0340343398444,100
2024-09-16 10:00:07.920000,418.0195545540658,6
2024-09-16 10:00:07.929000,418.0255954295467,13
2024-09-16 10:00:07.976000,418.02015170153777,8
2024-09-16 10:00:08.276000,418.0629557722952,101
2024-09-16 10:00:08.331000,418.0324145707143,1001
2024-09-16 10:00:08.401000,418.0480163455037,12
2024-09-16 10:00:08.728000,418.0579448290808,6
2024-09-16 10:00:09.035000,418.0492273805671,998
2024-09-16 10:00:09.147000,418.0765994951189,15
2024-09-16 10:00:09.222000,418.0678258507058,105
2024-09-16 10:00:09.467000,418.0676937243367,105
2024-09-16 10:00:09.467000,418.0448307873564,12
2024-09-16 10:00:09.479000,418.0540245966101,996
2024-09-16 10:00:09.581000,418.0594935321387,1005
2024-09-16 10:00:09.626000,418.0696632223704,1002
2024-09-16 10:00:09.692000,418.0826044175557,103
2024-09-16 10:00:09.766000,418.0890155788136,97
2024-09-16 10:00:10.126000,418.0668514133739,100
2024-09-16 10:00:10.258000,418.0783133919969,995
2024-09-16 10:00:10.519000,418.10618155985736,97
2024-09-16 10:00:10.605000,418.0727175572767,11
2024-09-16 10:00:10.723000,418.0965458841351,95
2024-09-16 10:00:11.001000,418.11345669739774,96
2024-09-16 10:00:11.050000,418.0956840361119,95
2024-09-16 10:00:11.093000,418.0844069268606,12
2024-09-16 10:00:11.151000,418.1115330909918,1002
2024-09-16 10:00:11.159000,418.1034925004527,95
2024-09-16 10:00:11.171000,418.09776836830287,1005
2024-09-16 10:00:11.183000,418.1147449799845,12
2024-09-16 10:00:11.255000,418.13114717721913,7
2024-09-16 10:00:11.292000,418.0797477236422,5
2024-09-16 10:00:11.406000,418.1400072546327,95
2024-09-16 10:00:11.512000,418.12491321571713,996
2024-09-16 10:00:11.585000,418.0854876938556,99
2024-09-16 10:00:11.629000,418.136985072184,104
2024-09-16 10:00:11.761000,418.0759532117585,105
2024-09-16 10:00:11.815000,418.1404344136718,998
2024-09-16 10:00:11.817000,418.1292163074325,97
2024-09-16 10:00:11.980000,418.148491423058,100
2024-09-16 10:00:12.022000,418.1052535334375,102
2024-09-16 10:00:12.044000,418.1331534245751,99
2024-09-16 10:00:12.118000,418.1351309225646,13
2024-09-16 10:00:12.134000,418.1105323827597,998
2024-09-16 10:00:12.154000,418.0989878300491,7
2024-09-16 10:00:12.157000,418.13849382900094,105
2024-09-16 10:00:12.159000,418.1234629519336,1002
2024-09-16 10:00:12.165000,418.1469448216285,101
2024-09-16 10:00:12.189000,418.1242618080232,105
2024-09-16 10:00:12.191000,418.125907897443,997
2024-09-16 10:00:12.202000,418.1312618657513,105
2024-09-16 10:00:12.229000,418.108682804696,9
2024-09-16 10:00:12.408000,418.1358480170568,7
2024-09-16 10:00:12.513000,418.1157937196301,997
2024-09-16 10:00:12.637000,418.1305876328522,13
2024-09-16 10:00:12.694000,418.1515534121758,998
2024-09-16 10:00:12.741000,418.0990871006175,9
2024-09-16 10:00:12.845000,418.1591394873531,99
2024-09-16 10:00:12.848000,418.0947298400958,996
2024-09-16 10:00:12.898000,418.1347058766589,102
2024-09-16 10:00:13.188000,418.13176433988224,105
2024-09-16 10:00:13.265000,418.0643590923765,8
2024-09-16 10:00:13.381000,418.08433815306046,10
2024-09-16 10:00:13.472000,418.1056578247036,10
2024-09-16 10:00:13.673000,418.12939448458377,996
2024-09-16 10:00:13.774000,418.0600362711468,96
2024-09-16 10:00:13.801000,418.0571004931,998
2024-09-16 10:00:13.947000,418.11928573792136,1004
2024-09-16 10:00:14.641000,418.0888957345912,105
2024-09-16 10:00:14.752000,418.08425723134326,997
2024-09-16 10:00:14.925000,418.0662522658304,996
2024-09-16 10:00:15.016000,418.0654964239307,11
2024-09-16 10:00:15.080000,418.0331756943666,5
2024-09-16 10:00:15.156000,418.01778596330246,13
2024-09-16 10:00:15.183000,418.0525853184362,9
2024-09-16 10:00:15.209000,418.02870128131696,1003
2024-09-16 10:00:15.237000,418.02264547668113,1001
2024-09-16 10:00:15.315000,418.0263470887804,105
2024-09-16 10:00:15.994000,418.0417277263247,1000
2024-09-16 10:00:16.467000,418.0345426186112,5
2024-09-16 10:00:16.494000,418.0596300870195,998
2024-09-16 10:00:16.597000,418.0437974478815,96
2024-09-16 10:00:16.920000,418.03129786128943,10
2024-09-16 10:00:16.946000,418.0470165593864,7
2024-09-16 10:00:17.783000,418.0344297673168,997
2024-09-16 10:00:18.064000,418.0395376682332,96
2024-09-16 10:00:18.078000,418.0355572281527,12
2024-09-16 10:00:18.130000,418.0395908766295,10
2024-09-16 10:00:18.152000,418.0324720245823,13
2024-09-16 10:00:18.183000,418.0543943314602,997
2024-09-16 10:00:18.270000,418.043714949976,1003
2024-09-16 10:00:18.288000,418.0406586240464,96
2024-09-16 10:00:18.304000,418.0696766363947,5
2024-09-16 10:00:18.440000,418.0714868425927,996
2024-09-16 10:00:18.548000,418.0654437408172,98
2024-09-16 10:00:18.593000,418.06152097144303,99
2024-09-16 10:00:18.612000,418.0287976752455,11
2024-09-16 10:00:18.639000,418.0524358427612,996
2024-09-16 10:00:18.693000,418.0666844588292,101
2024-09-16 10:00:18.782000,418.05433435728463,998
2024-09-16 10:00:18.917000,418.06338790289175,102
2024-09-16 10:00:19.026000,418.0591879255927,9
2024-09-16 10:00:19.104000,418.0580263188159,996
2024-09-16 10:00:19.109000,418.0709228960666,995
2024-09-16 10:00:19.148000,418.06689107688686,95
2024-09-16 10:00:20.079000,418.0522712132704,7
2024-09-16 10:00:20.087000,418.05106488234304,6
2024-09-16 10:00:20.089000,418.02518055638456,97
2024-09-16 10:00:20.101000,418.0454789035074,998
2024-09-16 10:00:20.109000,418.0367952892945,102
2024-09-16 10:00:20.114000,418.0383193140957,5
2024-09-16 10:00:20.150000,418.0069955636744,100
2024-09-16 10:00:20.212000,418.0081925466257,99
2024-09-16 10:00:20.226000,418.0292439919918,103
2024-09-16 10:00:20.280000,418.03715946009424,101
2024-09-16 10:00:20.387000,418.06419976079394,999
2024-09-16 10:00:20.438000,418.05220957845467,5
2024-09-16 10:00:20.508000,418.0476202709179,5
2024-09-16 10:00:20.519000,418.0260725984043,5
2024-09-16 10:00:20.533000,418.0186767208148,1003
2024-09-16 10:00:20.535000,418.0606369990922,99
2024-09-16 10:00:20.570000,418.0275143555749,1000
2024-09-16 10:00:20.668000,418.0543608812211,102
2024-09-16 10:00:20.771000,418.0545722892752,15
2024-09-16 10:00:20.774000,418.02219429489554,104
2024-09-16 10:00:20.825000,418.04620757388176,97
2024-09-16 10:00:20.845000,418.0085045030582,15
2024-09-16 10:00:21.157000,418.1107899320858,997
2024-09-16 10:00:21.217000,418.0896685068909,12
2024-09-16 10:00:21.255000,418.0867514732928,104
2024-09-16 10:00:21.665000,418.0973193295374,997
2024-09-16 10:00:21.684000,418.0824703327407,1003
2024-09-16 10:00:22.052000,418.11923237187807,105
2024-09-16 10:00:22.055000,418.1178672138484,996
2024-09-16 10:00:22.176000,418.127554013785,99
2024-09-16 10:00:22.177000,418.1179107000603,1005
2024-09-16 10:00:22.193000,418.10931695770057,100
2024-09-16 10:00:22.212000,418.1528041187384,104
2024-09-16 10:00:22.234000,418.1210186772545,997
2024-09-16 10:00:22.287000,418.132501104422,1003
2024-09-16 10:00:22.326000,418.1316096255015,1005
2024-09-16 10:00:22.372000,418.15017349546895,1004
2024-09-16 10:00:22.379000,418.0955344359638,1004
2024-09-16 10:00:22.423000,418.12700076555296,105
2024-09-16 10:00:22.428000,418.1551155223876,96
2024-09-16 10:00:22.463000,418.1437194642445,15
2024-09-16 10:00:22.482000,418.1119866409632,1000
2024-09-16 10:00:22.593000,418.13596885242873,998
2024-09-16 10:00:22.619000,418.1198085495899,1004
2024-09-16 10:00:22.639000,418.09652888431833,11
2024-09-16 10:00:22.651000,418.07595489821074,1005
2024-09-16 10:00:22.678000,418.09947920761965,5
2024-09-16 10:00:22.712000,418.105838473548,15
2024-09-16 10:00:22.878000,418.1382423389033,15
2024-09-16 10:00:22.906000,418.115730865023,98
2024-09-16 10:00:22.911000,418.1170783421825,102
2024-09-16 10:00:22.974000,418.089234647892,999
2024-09-16 10:00:23.168000,418.1693797501683,105
2024-09-16 10:00:23.171000,418.1760527785106,1005
2024-09-16 10:00:23.194000,418.165231121796,99
2024-09-16 10:00:23.340000,418.16263794384514,99
2024-09-16 10:00:23.383000,418.1719583512374,13
2024-09-16 10:00:23.608000,418.1594515675909,101
2024-09-16 10:00:23.734000,418.1751290595775,999
2024-09-16 10:00:23.892000,418.1556050120662,5
2024-09-16 10:00:23.900000,418.1526699512255,12
2024-09-16 10:00:23.969000,418.159610329074,97
2024-09-16 10:00:23.970000,418.14001225382486,1005
2024-09-16 10:00:24.019000,418.12389696098194,5
2024-09-16 10:00:24.050000,418.13863554760337,1005
2024-09-16 10:00:24.071000,418.0926481853415,6
2024-09-16 10:00:24.149000,418.11886463325993,104
2024-09-16 10:00:24.158000,418.1257420877161,1000
2024-09-16 10:00:24.175000,418.11745832969353,102
2024-09-16 10:00:24.241000,418.11125833270034,96
2024-09-16 10:00:24.400000,418.1364323513845,14
2024-09-16 10:00:24.600000,418.1164619313239,99
2024-09-16 10:00:24.689000,418.1214277209176,100
2024-09-16 10:00:24.723000,418.1108648972991,98
2024-09-16 10:00:24.759000,418.1232536168897,996
2024-09-16 10:00:24.800000,418.11858689486826,995
2024-09-16 10:00:24.872000,418.1157561337954,15
2024-09-16 10:00:24.872000,418.1239465305328,102
2024-09-16 10:00:24.891000,418.08470593270425,14
2024-09-16 10:00:24.908000,418.1292611071791,7
2024-09-16 10:00:24.967000,418.0930319542412,13
2024-09-16 10:00:24.969000,418.1308641823833,100
2024-09-16 10:00:24.973000,418.0906372770481,96
2024-09-16 10:00:24.987000,418.1324003622939,104
2024-09-16 10:00:25.061000,418.05977024900136,7
2024-09-16 10:00:25.097000,418.05674714609023,12
2024-09-16 10:00:25.126000,418.0714391004088,996
2024-09-16 10:00:25.126000,418.0651757608547,1004
2024-09-16 10:00:25.142000,418.015228377381,101
2024-09-16 10:00:25.178000,418.0668626957462,996
2024-09-16 10:00:25.404000,418.05094460816105,98
2024-09-16 10:00:25.508000,418.0483938579809,7
2024-09-16 10:00:25.592000,418.0644527934269,97
2024-09-16 10:00:25.632000,418.0628156360581,999
2024-09-16 10:00:25.709000,418.0562054271999,1000
2024-09-16 10:00:25.717000,418.07712391282047,1005
2024-09-16 10:00:25.741000,418.0720617159416,12
2024-09-16 10:00:25.742000,418.0414215028241,100
2024-09-16 10:00:25.805000,418.020181554814,5
2024-09-16 10:00:25.859000,418.0336987692317,995
2024-09-16 10:00:25.987000,418.0597348492825,8
2024-09-16 10:00:25.999000,418.0664798608377,11
2024-09-16 10:00:26.008000,418.0041073372367,98
2024-09-16 10:00:26.236000,418.0180291484941,998
2024-09-16 10:00:26.314000,418.0278820988335,995
2024-09-16 10:00:26.337000,418.0206948860677,103
2024-09-16 10:00:26.547000,418.0194547111392,13
2024-09-16 10:00:26.738000,418.0197588647986,10
2024-09-16 10:00:26.739000,417.9975609468192,97
2024-09-16 10:00:26.747000,417.9994188270047,100
2024-09-16 10:00:26.821000,418.0242842010075,101
2024-09-16 10:00:27.122000,417.97084652382136,95
2024-09-16 10:00:27.144000,418.0167643443754,102
2024-09-16 10:00:27.178000,417.99861754479554,13
2024-09-16 10:00:27.198000,417.960690438823,102
2024-09-16 10:00:27.209000,417.9674060638328,5
2024-09-16 10:00:27.263000,417.9728875885029,997
2024-09-16 10:00:27.298000,417.99441521908136,1004
2024-09-16 10:00:27.316000,417.9595625128465,9
2024-09-16 10:00:27.403000,417.96611922366407,100
2024-09-16 10:00:27.441000,417.9845943859459,12
2024-09-16 10:00:27.475000,418.00857208050354,7
2024-09-16 10:00:27.480000,417.9668785552748,96
2024-09-16 10:00:27.515000,418.01956340487686,97
2024-09-16 10:00:27.524000,417.9809075281853,15
2024-09-16 10:00:27.555000,417.9603030453188,102
2024-09-16 10:00:27.593000,418.0324159753668,12
2024-09-16 10:00:27.595000,417.9969161257276,995
2024-09-16 10:00:27.626000,418.0034519333496,1004
2024-09-16 10:00:27.746000,417.9745447248271,95
2024-09-16 10:00:27.970000,417.9864511728344,1000
2024-09-16 10:00:27.992000,417.9931280237856,99
2024-09-16 10:00:28.043000,418.0267183769932,13
2024-09-16 10:00:28.116000,417.9731551484426,997
2024-09-16 10:00:28.161000,418.0247061688294,105
2024-09-16 10:00:28.245000,418.0088515398938,99
2024-09-16 10:00:28.280000,418.02364752000807,14
2024-09-16 10:00:28.339000,417.98631881493833,5
2024-09-16 10:00:28.379000,418.0081830104235,101
2024-09-16 10:00:28.401000,418.02099654734855,15
2024-09-16 10:00:28.413000,417.9931441351032,104
2024-09-16 10:00:28.458000,417.9928807188539,1005
2024-09-16 10:00:28.479000,418.027003119725,99
2024-09-16 10:00:28.492000,417.98655194816007,5
2024-09-16 10:00:28.521000,417.9950136306136,1000
2024-09-16 10:00:28.612000,417.9898765114233,1000
2024-09-16 10:00:28.614000,418.0277582340812,997
2024-09-16 10:00:28.733000,418.0042652221499,1003
2024-09-16 10:00:28.758000,417.992588520348,103
2024-09-16 10:00:28.866000,417.9879219674368,13
2024-09-16 10:00:28.895000,418.00432867637807,1001
2024-09-16 10:00:28.934000,418.0115158562542,13
2024-09-16 10:00:29.068000,418.0483524248755,1000
2024-09-16 10:00:29.103000,418.0569432134813,1001
2024-09-16 10:00:29.113000,418.0259344548361,97
2024-09-16 10:00:29.154000,418.0328915067048,102
2024-09-16 10:00:29.163000,418.01581645765793,995
2024-09-16 10:00:29.170000,418.0080536052977,999
2024-09-16 10:00:29.195000,418.0187646642107,11
2024-09-16 10:00:29.214000,418.0344694962392,15
2024-09-16 10:00:29.320000,418.0514023598311,999
2024-09-16 10:00:29.327000,418.0237595560641,5
2024-09-16 10:00:29.468000,418.01485916994767,996
2024-09-16 10:00:29.475000,418.0310602880026,95
2024-09-16 10:00:29.478000,418.0195788648176,100
2024-09-16 10:00:29.497000,418.0356662973669,997
2024-09-16 10:00:29.596000,418.09806676107,14
2024-09-16 10:00:29.601000,418.03128263539537,12
2024-09-16 10:00:29.618000,418.0347345989643,996
2024-09-16 10:00:29.801000,418.0139201776859,9
2024-09-16 10:00:29.822000,418.0198118780425,10
2024-09-16 10:00:29.839000,418.0374857013416,1005
2024-09-16 10:00:29.875000,418.03159486782647,7
2024-09-16 10:00:29.893000,418.0658527003472,1001
2024-09-16 10:00:29.915000,418.0287656193831,7
2024-09-16 10:00:29.939000,418.09076829339386,1001
2024-09-16 10:00:29.967000,418.0171929486645,103
2024-09-16 10:00:30.020000,418.12155266468585,102
2024-09-16 10:00:30.027000,418.0689410391674,102
2024-09-16 10:00:30.073000,418.07180229777714,105
2024-09-16 10:00:30.081000,418.0945115014695,11
2024-09-16 10:00:30.105000,418.0957936609128,8
2024-09-16 10:00:30.107000,418.1000364687872,102
2024-09-16 10:00:30.140000,418.1052185519718,15
2024-09-16 10:00:30.157000,418.0805083500208,8
2024-09-16 10:00:30.173000,418.11200390382686,1002
2024-09-16 10:00:30.210000,418.108469904656,9
2024-09-16 10:00:30.216000,418.1378640811728,6
2024-09-16 10:00:30.276000,418.0851170026441,95
2024-09-16 10:00:30.298000,418.1033300239216,102
2024-09-16 10:00:30.312000,418.10491431992665,996
2024-09-16 10:00:30.345000,418.10253065061545,1001
2024-09-16 10:00:30.444000,418.1011034722229,14
2024-09-16 10:00:30.449000,418.09305671127953,8
2024-09-16 10:00:30.488000,418.1085157198903,96
2024-09-16 10:00:30.501000,418.0806297828286,95
2024-09-16 10:00:30.536000,418.11636609925074,995
2024-09-16 10:00:30.641000,418.09039182027567,7
2024-09-16 10:00:30.825000,418.102559787085,98
2024-09-16 10:00:30.850000,418.1393985388003,1003
2024-09-16 10:00:30.881000,418.0830181682618,8
2024-09-16 10:00:31.029000,418.2040058818938,98
2024-09-16 10:00:31.046000,418.1723263595045,1001
2024-09-16 10:00:31.161000,418.1448982815179,103
2024-09-16 10:00:31.193000,418.1489133053123,102
2024-09-16 10:00:31.210000,418.2194545868597,8
2024-09-16 10:00:31.272000,418.2041693104481,99
2024-09-16 10:00:31.276000,418.1990636931293,5
2024-09-16 10:00:31.286000,418.1859620990976,1002
2024-09-16 10:00:31.288000,418.1841011256039,101
2024-09-16 10:00:31.314000,418.2236880254815,99
2024-09-16 10:00:31.393000,418.1704375332999,1000
2024-09-16 10:00:31.434000,418.1982699890396,100
2024-09-16 10:00:31.468000,418.2195738714115,997
2024-09-16 10:00:31.486000,418.22164315238246,11
2024-09-16 10:00:31.491000,418.2176539932268,1001
2024-09-16 10:00:31.626000,418.1845790190773,8
2024-09-16 10:00:31.659000,418.1076313409376,14
2024-09-16 10:00:31.688000,418.1049010251135,1002
2024-09-16 10:00:31.688000,418.19054293163146,995
2024-09-16 10:00:31.773000,418.09669792287417,101
2024-09-16 10:00:31.785000,418.0994793020801,1003
2024-09-16 10:00:31.870000,418.13127644880086,11
2024-09-16 10:00:31.914000,418.1435082106816,998
2024-09-16 10:00:31.915000,418.11596406251897,12
2024-09-16 10:00:31.948000,418.2066690853615,1000
2024-09-16 10:00:31.950000,418.177272756894,102
2024-09-16 10:00:31.962000,418.1760887637562,1000
2024-09-16 10:00:31.973000,418.1983948813683,10
2024-09-16 10:00:31.977000,418.1148737630716,99
2024-09-16 10:00:32.228000,418.1874117405474,10
2024-09-16 10:00:32.232000,418.1955542812377,96
2024-09-16 10:00:32.407000,418.2019773361635,10
2024-09-16 10:00:32.609000,418.2048913951253,15
2024-09-16 10:00:32.935000,418.1941964479561,1003
2024-09-16 10:00:33.048000,418.2272703865281,1002
2024-09-16 10:00:33.084000,418.18682528398847,102
2024-09-16 10:00:33.100000,418.1845817698139,15
2024-09-16 10:00:33.229000,418.1998236239306,8
2024-09-16 10:00:33.229000,418.2079537868436,105
2024-09-16 10:00:33.240000,418.2344550098135,13
2024-09-16 10:00:33.245000,418.1841787689997,101
2024-09-16 10:00:33.271000,418.2154415786234,10
2024-09-16 10:00:33.289000,418.2206440081831,11
2024-09-16 10:00:33.395000,418.2262805576021,1003
2024-09-16 10:00:33.425000,418.2235560071504,996
2024-09-16 10:00:33.444000,418.22568845745707,12
2024-09-16 10:00:33.500000,418.2171088907036,97
2024-09-16 10:00:33.571000,418.2584637072593,14
2024-09-16 10:00:33.618000,418.2209356928005,102
2024-09-16 10:00:33.680000,418.2337360066726,996
2024-09-16 10:00:33.686000,418.206963148522,1002
2024-09-16 10:00:33.780000,418.2206065135295,12
2024-09-16 10:00:33.781000,418.21979364511566,996
2024-09-16 10:00:33.787000,418.1969137616911,12
2024-09-16 10:00:33.791000,418.2282966758413,100
2024-09-16 10:00:33.808000,418.17373767313927,95
2024-09-16 10:00:33.825000,418.22539832403896,10
2024-09-16 10:00:33.834000,418.2352105127711,997
2024-09-16 10:00:33.922000,418.2098779542125,996
2024-09-16 10:00:33.953000,418.23639765907103,10
2024-09-16 10:00:34.044000,418.16584293368766,12
2024-09-16 10:00:34.073000,418.1494748900894,1003
2024-09-16 10:00:34.102000,418.1674468915069,999
2024-09-16 10:00:34.256000,418.1696981862749,8
2024-09-16 10:00:34.619000,418.17342359527606,1003
2024-09-16 10:00:34.669000,418.17310569043394,101
2024-09-16 10:00:34.952000,418.1729564278861,1002
2024-09-16 10:00:35.091000,418.14079896343054,996
2024-09-16 10:00:36.022000,418.0874427112526,5
2024-09-16 10:00:36.083000,418.0927907108709,103
2024-09-16 10:00:36.236000,418.1032318700351,12
2024-09-16 10:00:36.531000,418.0760058929748,6
2024-09-16 10:00:36.605000,418.09623907628617,998
2024-09-16 10:00:36.607000,418.096521167573,15
2024-09-16 10:00:36.722000,418.10265326635647,104
2024-09-16 10:00:36.757000,418.1163693540799,97
2024-09-16 10:00:36.862000,418.082179227679,7
2024-09-16 10:00:36.883000,418.0819348745617,14
2024-09-16 10:00:36.947000,418.0940531870826,9
2024-09-16 10:00:37.007000,418.0468662576278,1003
2024-09-16 10:00:37.092000,418.0958538140852,14
2024-09-16 10:00:37.131000,418.0764171340256,101
2024-09-16 10:00:37.160000,418.0713800845868,996
2024-09-16 10:00:37.318000,418.0564829341831,1003
2024-09-16 10:00:37.546000,418.0907485038349,100
2024-09-16 10:00:37.773000,418.0753091238593,998
2024-09-16 10:00:37.857000,418.0662281262676,996
2024-09-16 10:00:37.908000,418.08750541634726,14
2024-09-16 10:00:37.973000,418.0665327555423,105
2024-09-16 10:00:37.984000,418.1091531273119,1004
2024-09-16 10:00:38.091000,418.2259009322675,1000
2024-09-16 10:00:38.227000,418.14406711401904,100
2024-09-16 10:00:38.293000,418.1818613164962,95
2024-09-16 10:00:38.311000,418.1545368848987,15
2024-09-16 10:00:38.318000,418.19057609982207,104
2024-09-16 10:00:38.428000,418.1725604205674,99
2024-09-16 10:00:38.441000,418.1770455178078,1003
2024-09-16 10:00:38.462000,418.1899418984207,15
2024-09-16 10:00:38.486000,418.1585599515506,1005
2024-09-16 10:00:38.585000,418.213185167305,15
2024-09-16 10:00:38.597000,418.1800176854254,15
2024-09-16 10:00:38.620000,418.1744000770036,1003
2024-09-16 10:00:38.621000,418.1947007214496,7
2024-09-16 10:00:38.629000,418.1922704844187,99
2024-09-16 10:00:38.650000,418.1766548813517,101
2024-09-16 10:00:38.663000,418.2137132656797,11
2024-09-16 10:00:38.673000,418.1917421451492,103
2024-09-16 10:00:38.711000,418.22068366793286,101
2024-09-16 10:00:38.732000,418.17766526233646,1001
2024-09-16 10:00:38.916000,418.14651529133766,100
2024-09-16 10:00:38.929000,418.1323025209473,12
2024-09-16 10:00:38.934000,418.1504186194209,98
2024-09-16 10:00:39.001000,418.1610112068006,13
2024-09-16 10:00:39.020000,418.21223395140754,12
2024-09-16 10:00:39.104000,418.1748929070097,6
2024-09-16 10:00:39.217000,418.1906566549935,12
2024-09-16 10:00:39.274000,418.1958684054828,13
2024-09-16 10:00:39.313000,418.2154128502959,100
2024-09-16 10:00:39.396000,418.15897581386594,1003
2024-09-16 10:00:39.409000,418.2295645086709,8
2024-09-16 10:00:39.410000,418.1544669284341,5
2024-09-16 10:00:39.457000,418.2237131699876,10
2024-09-16 10:00:39.622000,418.1554298959185,1002
2024-09-16 10:00:39.753000,418.1178018722401,96
2024-09-16 10:00:39.758000,418.1515713366524,104
2024-09-16 10:00:39.774000,418.173613972232,997
2024-09-16 10:00:39.803000,418.22377653352487,14
2024-09-16 10:00:39.815000,418.1384622961296,104
2024-09-16 10:00:39.851000,418.1573945721191,14
2024-09-16 10:00:39.931000,418.1516733467454,8
2024-09-16 10:00:39.935000,418.1924170545775,100
2024-09-16 10:00:39.989000,418.1864147925359,1000
2024-09-16 10:00:40.026000,418.2402789910086,6
2024-09-16 10:00:40.299000,418.222483396153,997
2024-09-16 10:00:40.384000,418.256941722027,5
2024-09-16 10:00:40.647000,418.2319925199238,102
2024-09-16 10:00:40.831000,418.2173266511032,97
2024-09-16 10:00:41.008000,418.28224739747225,995
2024-09-16 10:00:41.030000,418.2781199645887,104
2024-09-16 10:00:41.072000,418.2943889387136,103
2024-09-16 10:00:41.198000,418.2791713449761,97
2024-09-16 10:00:41.380000,418.2996919281407,15
2024-09-16 10:00:41.390000,418.25948885601656,14
2024-09-16 10:00:41.475000,418.2811090061204,104
2024-09-16 10:00:41.638000,418.2705931437826,13
2024-09-16 10:00:41.790000,418.2748864559543,6
2024-09-16 10:00:42.143000,418.33596014876656,104
2024-09-16 10:00:42.173000,418.3721798085609,11
2024-09-16 10:00:42.232000,418.38166450039006,995
2024-09-16 10:00:42.329000,418.36163087521976,5
2024-09-16 10:00:42.407000,418.3537451402091,9
2024-09-16 10:00:42.436000,418.2917606747883,10
2024-09-16 10:00:42.481000,418.2975014973401,1001
2024-09-16 10:00:42.713000,418.3520446097632,1002
2024-09-16 10:00:42.728000,418.3791345699,105
2024-09-16 10:00:42.797000,418.3711871046501,101
2024-09-16 10:00:42.883000,418.31726183394375,8
2024-09-16 10:00:42.924000,418.3743270735863,1003
2024-09-16 10:00:43.005000,418.3164733000046,12
2024-09-16 10:00:43.100000,418.3024117019094,7
2024-09-16 10:00:43.144000,418.3144428548534,8
2024-09-16 10:00:43.163000,418.3512007836405,97
2024-09-16 10:00:43.274000,418.3375980081583,996
2024-09-16 10:00:43.289000,418.3420871294958,5
2024-09-16 10:00:43.411000,418.32820489067234,96
2024-09-16 10:00:43.434000,418.3708034386668,998
2024-09-16 10:00:43.500000,418.3857605041221,105
2024-09-16 10:00:43.541000,418.35907695417,1002
2024-09-16 10:00:43.602000,418.3136697853337,996
2024-09-16 10:00:43.670000,418.3600067781546,1000
2024-09-16 10:00:43.722000,418.3998037355276,997
2024-09-16 10:00:43.731000,418.3491881197341,12
2024-09-16 10:00:43.874000,418.3342826537319,1003
2024-09-16 10:00:43.970000,418.3362457275537,102
2024-09-16 10:00:44.022000,418.3270875324485,1005
2024-09-16 10:00:44.046000,418.3429900108114,9
2024-09-16 10:00:44.084000,418.399284360454,98
2024-09-16 10:00:44.143000,418.3278435385442,6
2024-09-16 10:00:44.159000,418.3698561076188,1001
2024-09-16 10:00:44.171000,418.3577015235366,10
2024-09-16 10:00:44.194000,418.348372526964,1003
2024-09-16 10:00:44.231000,418.3524632661913,9
2024-09-16 10:00:44.298000,418.37340411155134,995
2024-09-16 10:00:44.343000,418.37072741955296,998
2024-09-16 10:00:44.370000,418.3816400340499,100
2024-09-16 10:00:44.445000,418.36904650921866,103
2024-09-16 10:00:44.451000,418.3639275641765,8
2024-09-16 10:00:44.466000,418.38184843159246,15
2024-09-16 10:00:44.485000,418.33963241710063,995
2024-09-16 10:00:44.512000,418.334376767694,8
2024-09-16 10:00:44.537000,418.354667037521,105
2024-09-16 10:00:44.578000,418.3795390178939,97
2024-09-16 10:00:44.609000,418.3703779494642,99
2024-09-16 10:00:44.706000,418.3526643349655,1003
2024-09-16 10:00:44.735000,418.3349879881303,105
2024-09-16 10:00:44.903000,418.3895030960186,95
2024-09-16 10:00:44.910000,418.3674637328718,103
2024-09-16 10:00:44.970000,418.3572512766515,997
2024-09-16 10:00:44.993000,418.3669737855638,15
2024-09-16 10:00:45.042000,418.38196641022006,1003
2024-09-16 10:00:45.111000,418.3859777320488,15
2024-09-16 10:00:45.117000,418.3282726464896,97
2024-09-16 10:00:45.126000,418.3315932693706,997
2024-09-16 10:00:45.136000,418.3160315196381,97
2024-09-16 10:00:45.240000,418.31265582869287,999
2024-09-16 10:00:45.240000,418.3430826325118,6
2024-09-16 10:00:45.394000,418.35019495531577,96
2024-09-16 10:00:45.457000,418.3745534513546,1005
2024-09-16 10:00:45.457000,418.3680158347467,100
2024-09-16 10:00:45.478000,418.3029982640669,997
2024-09-16 10:00:45.559000,418.3273975955875,98
2024-09-16 10:00:45.565000,418.321786206668,5
2024-09-16 10:00:45.632000,418.3102534158404,1000
2024-09-16 10:00:45.746000,418.3903621989243,9
2024-09-16 10:00:45.829000,418.33288884425576,15
2024-09-16 10:00:45.829000,418.3577325860073,105
2024-09-16 10:00:45.831000,418.3673719801723,101
2024-09-16 10:00:45.901000,418.3293860609617,99
2024-09-16 10:00:46.060000,418.3307608700799,95
2024-09-16 10:00:46.091000,418.3796654178514,104
2024-09-16 10:00:46.130000,418.3436097372975,101
2024-09-16 10:00:46.198000,418.4063809795804,99
2024-09-16 10:00:46.227000,418.3896686253381,999
2024-09-16 10:00:46.234000,418.3226297350241,999
2024-09-16 10:00:46.258000,418.390594006377,10
2024-09-16 10:00:46.286000,418.4032069426805,15
2024-09-16 10:00:46.326000,418.3866875426052,102
2024-09-16 10:00:46.337000,418.34369087163,15
2024-09-16 10:00:46.353000,418.32707629423504,9
2024-09-16 10:00:46.398000,418.386160232591,1000
2024-09-16 10:00:46.413000,418.3220516209837,102
2024-09-16 10:00:46.482000,418.3053930712502,1000
2024-09-16 10:00:46.490000,418.3622932703012,11
2024-09-16 10:00:46.566000,418.37127529573047,1004
2024-09-16 10:00:46.567000,418.3316332212142,1000
2024-09-16 10:00:46.598000,418.3185633247939,1002
2024-09-16 10:00:46.668000,418.3869341820373,101
2024-09-16 10:00:46.740000,418.34916984393067,998
2024-09-16 10:00:46.766000,418.3378585882678,999
2024-09-16 10:00:46.891000,418.3853082779589,103
2024-09-16 10:00:46.895000,418.3371950305746,97
2024-09-16 10:00:46.910000,418.3321001091882,98
2024-09-16 10:00:46.949000,418.3040228084093,99
2024-09-16 10:00:46.962000,418.3747825858334,97
2024-09-16 10:00:46.970000,418.3910090878587,14
2024-09-16 10:00:47.018000,418.3906266824616,95
2024-09-16 10:00:47.075000,418.404986650267,996
2024-09-16 10:00:47.084000,418.3714194493239,1000
2024-09-16 10:00:47.092000,418.4057312072099,95
2024-09-16 10:00:47.109000,418.3797098208245,996
2024-09-16 10:00:47.172000,418.4094057928865,101
2024-09-16 10:00:47.197000,418.4184092694196,105
2024-09-16 10:00:47.224000,418.4020838865734,95
2024-09-16 10:00:47.236000,418.39657267066826,97
2024-09-16 10:00:47.280000,418.3805285549752,5
2024-09-16 10:00:47.339000,418.40652913234686,1005
2024-09-16 10:00:47.425000,418.4002556188444,999
2024-09-16 10:00:47.549000,418.3722814833368,10
2024-09-16 10:00:47.561000,418.3735819985246,1005
2024-09-16 10:00:47.611000,418.4076529264692,104
2024-09-16 10:00:47.623000,418.4029243168016,1002
2024-09-16 10:00:47.633000,418.3831082735071,997
2024-09-16 10:00:47.644000,418.3962493348175,996
2024-09-16 10:00:47.691000,418.3813497004885,13
2024-09-16 10:00:47.767000,418.40315078259874,1004
2024-09-16 10:00:47.827000,418.37355185802375,13
2024-09-16 10:00:47.868000,418.3838321601419,997
2024-09-16 10:00:47.871000,418.3811724879424,12
2024-09-16 10:00:47.887000,418.3927646264197,6
2024-09-16 10:00:47.938000,418.3950906919006,995
2024-09-16 10:00:47.950000,418.37793168830353,1002
2024-09-16 10:00:47.969000,418.4149309991093,101
2024-09-16 10:00:47.976000,418.3848240218632,104
2024-09-16 10:00:47.976000,418.4046990583992,96
2024-09-16 10:00:48.038000,418.5082855642042,13
2024-09-16 10:00:48.059000,418.5063474454853,95
2024-09-16 10:00:48.138000,418.4238710503178,997
2024-09-16 10:00:48.225000,418.49523628780514,10
2024-09-16 10:00:48.232000,418.5094536107418,95
2024-09-16 10:00:48.232000,418.4936449329188,1003
2024-09-16 10:00:48.284000,418.4479465196005,1004
2024-09-16 10:00:48.339000,418.4227787071682,997
2024-09-16 10:00:48.481000,418.44853210914687,9
2024-09-16 10:00:48.541000,418.3968371711362,6
2024-09-16 10:00:48.585000,418.4523042974329,97
2024-09-16 10:00:48.587000,418.3681346793287,97
2024-09-16 10:00:48.607000,418.4875151109749,997
2024-09-16 10:00:48.619000,418.5090539329168,1005
2024-09-16 10:00:48.729000,418.4555842715753,97
2024-09-16 10:00:48.760000,418.4989499245245,1001
2024-09-16 10:00:48.772000,418.3946504422564,1003
2024-09-16 10:00:48.777000,418.4984272981884,997
2024-09-16 10:00:48.781000,418.4697291929394,11
2024-09-16 10:00:48.805000,418.3951039606368,15
2024-09-16 10:00:48.832000,418.389706851757,5
2024-09-16 10:00:48.858000,418.4767839592505,996
2024-09-16 10:00:48.974000,418.3952520247264,999
2024-09-16 10:00:48.984000,418.50415280198615,998
2024-09-16 10:00:49.021000,418.4712819521189,1001
2024-09-16 10:00:49.274000,418.4727791585162,105
2024-09-16 10:00:49.342000,418.45028689222494,105
2024-09-16 10:00:49.372000,418.4598999993133,1002
2024-09-16 10:00:49.405000,418.4776959056123,6
2024-09-16 10:00:49.406000,418.45969016392144,1000
2024-09-16 10:00:49.608000,418.4739195507476,14
2024-09-16 10:00:49.722000,418.4514276118191,100
2024-09-16 10:00:49.733000,418.4639965213559,15
2024-09-16 10:00:49.789000,418.46812806552185,103
2024-09-16 10:00:49.957000,418.4730585788471,11
2024-09-16 10:00:49.981000,418.4779609313461,100
2024-09-16 10:00:50.638000,418.4898667776991,12
2024-09-16 10:00:51.025000,418.4942849892555,13
2024-09-16 10:00:51.036000,418.4167165964913,13
2024-09-16 10:00:51.091000,418.4904660038922,96
2024-09-16 10:00:51.110000,418.4621257560019,998
2024-09-16 10:00:51.129000,418.4258331774906,95
2024-09-16 10:00:51.233000,418.46218651125474,104
2024-09-16 10:00:51.267000,418.4901570582755,8
2024-09-16 10:00:51.292000,418.4994281090745,13
2024-09-16 10:00:51.384000,418.4990589341825,8
2024-09-16 10:00:51.386000,418.4665250630596,5
2024-09-16 10:00:51.427000,418.4555058329349,1000
2024-09-16 10:00:51.515000,418.4972412578337,999
2024-09-16 10:00:51.556000,418.4759313838425,10
2024-09-16 10:00:51.565000,418.4139560975012,997
2024-09-16 10:00:51.667000,418.4187379719205,12
2024-09-16 10:00:51.673000,418.486901959684,11
2024-09-16 10:00:51.687000,418.504473473875,5
2024-09-16 10:00:51.712000,418.41945971405295,101
2024-09-16 10:00:51.732000,418.4053307865205,8
2024-09-16 10:00:51.739000,418.44301624148136,996
2024-09-16 10:00:51.813000,418.46544697010944,997
2024-09-16 10:00:51.891000,418.47241441271655,105
2024-09-16 10:00:51.913000,418.4311900230143,15
2024-09-16 10:00:51.951000,418.4150160126388,97
2024-09-16 10:00:51.960000,418.4427702495775,1004
2024-09-16 10:00:51.979000,418.4122156571895,104
2024-09-16 10:00:52.025000,418.4031448617536,104
2024-09-16 10:00:52.055000,418.3967526107112,14
2024-09-16 10:00:52.104000,418.42231297093457,14
2024-09-16 10:00:52.109000,418.41092555155535,7
2024-09-16 10:00:52.113000,418.407642541779,11
2024-09-16 10:00:52.152000,418.3818632936638,97
2024-09-16 10:00:52.189000,418.41288419971846,96
2024-09-16 10:00:52.190000,418.39849656829466,99
2024-09-16 10:00:52.338000,418.4378801735655,999
2024-09-16 10:00:52.450000,418.4069476282523,5
2024-09-16 10:00:52.664000,418.4086357265148,102
2024-09-16 10:00:52.673000,418.3827254770509,10
2024-09-16 10:00:52.691000,418.4238778872036,11
2024-09-16 10:00:52.752000,418.41776092428216,7
2024-09-16 10:00:52.788000,418.3915852029721,8
2024-09-16 10:00:52.792000,418.41229764757423,11
2024-09-16 10:00:52.813000,418.4027979161313,98
2024-09-16 10:00:52.894000,418.41702285016567,997
2024-09-16 10:00:52.910000,418.4065812743258,103
2024-09-16 10:00:52.915000,418.39154519830777,104
2024-09-16 10:00:52.959000,418.3919815692149,15
2024-09-16 10:00:53.192000,418.4188634377626,998
2024-09-16 10:00:53.360000,418.4154457342901,1002
2024-09-16 10:00:53.366000,418.4275824404313,103
2024-09-16 10:00:53.471000,418.4072064709936,1005
2024-09-16 10:00:53.500000,418.384251540124,95
2024-09-16 10:00:53.536000,418.40278687213385,995
2024-09-16 10:00:53.613000,418.3933946237308,95
2024-09-16 10:00:53.767000,418.4309796438025,5
2024-09-16 10:00:53.799000,418.4153875148928,104
2024-09-16 10:00:53.924000,418.4146747249095,104
2024-09-16 10:00:55.009000,418.46666664767673,95
2024-09-16 10:00:55.089000,418.46400727993625,9
2024-09-16 10:00:55.162000,418.4436035474471,10
2024-09-16 10:00:55.238000,418.4411923189031,997
2024-09-16 10:00:55.271000,418.4373955391151,13
2024-09-16 10:00:55.327000,418.4850483539901,997
2024-09-16 10:00:55.344000,418.48064289703785,1001
2024-09-16 10:00:55.388000,418.4529097366872,15
2024-09-16 10:00:55.395000,418.47728018336096,99
2024-09-16 10:00:55.451000,418.45361469331056,100
2024-09-16 10:00:55.543000,418.4369252891514,997
2024-09-16 10:00:55.590000,418.4949253117016,998
2024-09-16 10:00:55.787000,418.48835633023737,14
2024-09-16 10:00:55.874000,418.4822351026105,105
2024-09-16 10:00:55.896000,418.4414880461405,1001
2024-09-16 10:00:55.951000,418.4292377419662,103
2024-09-16 10:00:55.974000,418.44576331639263,5
2024-09-16 10:00:55.981000,418.4742099395674,999
2024-09-16 10:00:56.004000,418.4446856085524,9
2024-09-16 10:00:56.095000,418.454294320097,5
2024-09-16 10:00:56.207000,418.4833461707656,999
2024-09-16 10:00:56.343000,418.4684405761743,98
2024-09-16 10:00:56.398000,418.4327162015099,1003
2024-09-16 10:00:56.409000,418.4427871382108,1004
2024-09-16 10:00:56.443000,418.44093989468377,5
2024-09-16 10:00:56.446000,418.43983225440695,100
2024-09-16 10:00:56.488000,418.48733844599735,14
2024-09-16 10:00:56.523000,418.4623689277772,1004
2024-09-16 10:00:56.572000,418.4415842536102,102
2024-09-16 10:00:56.620000,418.4773558765467,14
2024-09-16 10:00:56.671000,418.4591679624359,7
2024-09-16 10:00:56.746000,418.4810971683759,5
2024-09-16 10:00:56.751000,418.4327852724344,97
2024-09-16 10:00:56.789000,418.4554934012613,997
2024-09-16 10:00:56.831000,418.4569727606985,100
2024-09-16 10:00:56.841000,418.4447124691284,6
2024-09-16 10:00:56.842000,418.4590776478329,15
2024-09-16 10:00:56.917000,418.4606570399142,10
2024-09-16 10:00:57.306000,418.46434337256005,5
2024-09-16 10:00:57.527000,418.4703724352392,8
2024-09-16 10:00:57.960000,418.4715808276854,1004
2024-09-16 10:00:58.012000,418.5213363743739,104
2024-09-16 10:00:58.023000,418.5354330881655,6
2024-09-16 10:00:58.227000,418.4738596902342,1001
2024-09-16 10:00:58.228000,418.4616563642311,102
2024-09-16 10:00:58.347000,418.49301880640974,100
2024-09-16 10:00:58.370000,418.5014426080168,11
2024-09-16 10:00:58.386000,418.4933377741248,98
2024-09-16 10:00:58.543000,418.47814237929936,1004
2024-09-16 10:00:58.556000,418.5282531985527,95
2024-09-16 10:00:58.626000,418.481466473652,6
2024-09-16 10:00:58.637000,418.4884345035281,996
2024-09-16 10:00:58.726000,418.467177481258,97
2024-09-16 10:00:58.825000,418.5002029370167,13
2024-09-16 10:00:58.908000,418.5114760958072,102
2024-09-16 10:00:58.946000,418.5211753842902,9
2024-09-16 10:00:58.948000,418.47075100010863,100
2024-09-16 10:00:58.987000,418.4756581509472,105
2024-09-16 10:00:58.987000,418.5056904583901,99
2024-09-16 10:00:59.030000,418.556523701293,103
2024-09-16 10:00:59.075000,418.52093044620216,1002
2024-09-16 10:00:59.078000,418.5549645686278,102
2024-09-16 10:00:59.161000,418.569387998148,10
2024-09-16 10:00:59.177000,418.5291472152205,95
2024-09-16 10:00:59.185000,418.5723627333165,998
2024-09-16 10:00:59.186000,418.5374375508574,103
2024-09-16 10:00:59.282000,418.5419523008428,998
2024-09-16 10:00:59.288000,418.5603863293263,103
2024-09-16 10:00:59.374000,418.52173788554586,9
2024-09-16 10:00:59.374000,418.5589830928994,997
2024-09-16 10:00:59.384000,418.5197601145365,1001
2024-09-16 10:00:59.401000,418.5531278955601,1001
2024-09-16 10:00:59.457000,418.5654243288097,104
2024-09-16 10:00:59.459000,418.5342764970004,96
2024-09-16 10:00:59.502000,418.581539918108,6
2024-09-16 10:00:59.516000,418.5093181893113,104
2024-09-16 10:00:59.538000,418.5464581569667,10
2024-09-16 10:00:59.592000,418.5131975132485,14
2024-09-16 10:00:59.688000,418.55542712965945,1005
2024-09-16 10:00:59.861000,418.5615094380351,15
2024-09-16 10:00:59.863000,418.5500582658892,99
2024-09-16 10:00:59.866000,418.55843902165225,7
2024-09-16 10:00:59.919000,418.51664491006784,15
2024-09-16 10:00:59.926000,418.5823648011811,100
