Timestamp,Price,Size
2024-09-20 13:44:00.013000,431.4306915812294,5
2024-09-20 13:44:00.045000,431.4145430606249,100
2024-09-20 13:44:00.101000,431.4530656286846,7
2024-09-20 13:44:00.104000,431.47214041631366,1000
2024-09-20 13:44:00.121000,431.3913094761052,10
2024-09-20 13:44:00.126000,431.38785827674144,97
2024-09-20 13:44:00.144000,431.4961237177316,1001
2024-09-20 13:44:00.242000,431.3820923683499,101
2024-09-20 13:44:00.251000,431.37286428477336,1004
2024-09-20 13:44:00.328000,431.4771180537487,15
2024-09-20 13:44:00.367000,431.4105239362482,998
2024-09-20 13:44:00.396000,431.4128698301768,5
2024-09-20 13:44:00.408000,431.4119620963477,996
2024-09-20 13:44:00.412000,431.36199668091047,11
2024-09-20 13:44:00.445000,431.40945076844594,95
2024-09-20 13:44:00.446000,431.4631864145502,995
2024-09-20 13:44:00.477000,431.42665114539153,995
2024-09-20 13:44:00.613000,431.4129981890548,105
2024-09-20 13:44:00.628000,431.4232874824466,104
2024-09-20 13:44:00.641000,431.46954443662025,104
2024-09-20 13:44:00.653000,431.4905517724792,12
2024-09-20 13:44:00.657000,431.4112434358198,11
2024-09-20 13:44:00.657000,431.4813956218756,1003
2024-09-20 13:44:00.730000,431.4111025275354,12
2024-09-20 13:44:00.768000,431.42369419759416,96
2024-09-20 13:44:00.793000,431.4258959310643,95
2024-09-20 13:44:00.830000,431.4938205514032,103
2024-09-20 13:44:00.842000,431.45115690216153,997
2024-09-20 13:44:00.894000,431.4322013645344,98
2024-09-20 13:44:01.047000,431.5098930830273,7
2024-09-20 13:44:01.069000,431.509956016136,8
2024-09-20 13:44:01.262000,431.4926441299263,105
2024-09-20 13:44:01.338000,431.499844864353,7
2024-09-20 13:44:01.372000,431.4930068276326,14
2024-09-20 13:44:01.488000,431.48944730861695,1002
2024-09-20 13:44:01.566000,431.5150103881669,12
2024-09-20 13:44:01.617000,431.4992693700669,105
2024-09-20 13:44:01.719000,431.4945583824667,14
2024-09-20 13:44:01.771000,431.4849093831728,1003
2024-09-20 13:44:01.825000,431.4856444349357,105
2024-09-20 13:44:01.892000,431.49415192921634,13
2024-09-20 13:44:02.172000,431.5262262450214,1004
2024-09-20 13:44:02.222000,431.6022387333249,998
2024-09-20 13:44:02.339000,431.632310308868,100
2024-09-20 13:44:02.481000,431.618173634862,1000
2024-09-20 13:44:02.557000,431.5555840840147,8
2024-09-20 13:44:02.578000,431.5371446029876,996
2024-09-20 13:44:02.617000,431.6066702220692,1004
2024-09-20 13:44:02.662000,431.5597643124368,97
2024-09-20 13:44:02.689000,431.55840028235326,12
2024-09-20 13:44:02.706000,431.5775627971761,98
2024-09-20 13:44:02.713000,431.54118195607583,14
2024-09-20 13:44:02.802000,431.5396555288045,105
2024-09-20 13:44:02.830000,431.5500207519751,12
2024-09-20 13:44:02.857000,431.5582891538439,995
2024-09-20 13:44:02.894000,431.5368431324477,101
2024-09-20 13:44:02.924000,431.62490732337824,12
2024-09-20 13:44:02.976000,431.5415138452975,98
2024-09-20 13:44:03.032000,431.6060587065588,9
2024-09-20 13:44:03.049000,431.5835273873205,99
2024-09-20 13:44:03.054000,431.6372004640601,996
2024-09-20 13:44:03.114000,431.6057901682117,95
2024-09-20 13:44:03.164000,431.5739391479823,98
2024-09-20 13:44:03.170000,431.5895612905986,9
2024-09-20 13:44:03.365000,431.6185951850987,15
2024-09-20 13:44:03.404000,431.6000274315924,97
2024-09-20 13:44:03.764000,431.5997937153321,104
2024-09-20 13:44:03.947000,431.58880717838906,95
2024-09-20 13:44:04.009000,431.63048135784607,1005
2024-09-20 13:44:04.035000,431.6801495191478,1001
2024-09-20 13:44:04.123000,431.6997590494772,5
2024-09-20 13:44:04.254000,431.6400377372077,995
2024-09-20 13:44:04.342000,431.6547817268655,9
2024-09-20 13:44:04.423000,431.6490409338352,998
2024-09-20 13:44:04.526000,431.6695052687856,104
2024-09-20 13:44:04.630000,431.7152042310088,99
2024-09-20 13:44:04.688000,431.6325025878222,995
2024-09-20 13:44:04.740000,431.6212692543631,1001
2024-09-20 13:44:04.858000,431.6743920871217,104
2024-09-20 13:44:04.927000,431.6756561681999,999
2024-09-20 13:44:04.985000,431.6827840087305,103
2024-09-20 13:44:05.018000,431.70951486651785,1005
2024-09-20 13:44:05.024000,431.7171273602879,7
2024-09-20 13:44:05.045000,431.686457840117,10
2024-09-20 13:44:05.078000,431.71516244737,998
2024-09-20 13:44:05.161000,431.6876614632086,96
2024-09-20 13:44:05.213000,431.70340442959633,98
2024-09-20 13:44:05.340000,431.6850637113971,99
2024-09-20 13:44:05.414000,431.7387170214608,1003
2024-09-20 13:44:05.471000,431.7226860703234,11
2024-09-20 13:44:05.491000,431.7061650884146,95
2024-09-20 13:44:05.574000,431.68525107252697,100
2024-09-20 13:44:05.734000,431.6974230435638,5
2024-09-20 13:44:05.747000,431.695410793999,997
2024-09-20 13:44:05.779000,431.6995371254951,1005
2024-09-20 13:44:05.787000,431.7087627454501,998
2024-09-20 13:44:05.843000,431.7058491621448,9
2024-09-20 13:44:05.919000,431.697131415863,997
2024-09-20 13:44:05.989000,431.7137824687376,995
2024-09-20 13:44:06.055000,431.7418416228397,12
2024-09-20 13:44:06.291000,431.7370321724588,11
2024-09-20 13:44:06.691000,431.7407000374402,95
2024-09-20 13:44:07.008000,431.74328684018906,95
2024-09-20 13:44:07.040000,431.7393881040455,999
2024-09-20 13:44:07.072000,431.7129916741951,997
2024-09-20 13:44:07.082000,431.7158390844824,1005
2024-09-20 13:44:07.090000,431.7329251784319,1003
2024-09-20 13:44:07.198000,431.7090233328206,12
2024-09-20 13:44:07.347000,431.7152014439012,96
2024-09-20 13:44:07.448000,431.7154483405008,5
2024-09-20 13:44:07.482000,431.7125248417788,100
2024-09-20 13:44:07.558000,431.7390294092832,996
2024-09-20 13:44:07.575000,431.72626153955713,103
2024-09-20 13:44:07.598000,431.7691068224102,1002
2024-09-20 13:44:07.608000,431.7318304838732,100
2024-09-20 13:44:07.670000,431.7360451393541,105
2024-09-20 13:44:07.731000,431.712945253354,96
2024-09-20 13:44:07.785000,431.7487411467356,9
2024-09-20 13:44:07.926000,431.7249196514605,1003
2024-09-20 13:44:07.931000,431.7211272250432,13
2024-09-20 13:44:07.935000,431.7454889693011,5
2024-09-20 13:44:07.937000,431.7299408323195,13
2024-09-20 13:44:07.984000,431.719512454156,99
2024-09-20 13:44:07.994000,431.7068019515153,12
2024-09-20 13:44:08.688000,431.7785366437102,99
2024-09-20 13:44:08.729000,431.7506061247928,5
2024-09-20 13:44:08.931000,431.7752830833422,995
2024-09-20 13:44:09.110000,431.77997118690087,13
2024-09-20 13:44:09.157000,431.7836704464394,100
2024-09-20 13:44:09.391000,431.7806781396276,998
2024-09-20 13:44:09.404000,431.8059149949941,1001
2024-09-20 13:44:09.428000,431.77109673905454,98
2024-09-20 13:44:09.559000,431.7972315544382,99
2024-09-20 13:44:09.740000,431.8032348184512,96
2024-09-20 13:44:09.771000,431.7746536744897,14
2024-09-20 13:44:09.998000,431.8059793459817,12
2024-09-20 13:44:10.002000,431.895463904379,100
2024-09-20 13:44:10.036000,431.8955099529046,15
2024-09-20 13:44:10.050000,431.934344622036,7
2024-09-20 13:44:10.162000,431.8179527929312,12
2024-09-20 13:44:10.275000,431.9022855627204,997
2024-09-20 13:44:10.350000,431.839792913954,5
2024-09-20 13:44:10.378000,431.8811060477847,11
2024-09-20 13:44:10.457000,431.9194239751078,6
2024-09-20 13:44:10.502000,431.92371317823336,1000
2024-09-20 13:44:10.507000,431.8789393663493,97
2024-09-20 13:44:10.533000,431.8755816620314,5
2024-09-20 13:44:10.573000,431.9192312503164,1004
2024-09-20 13:44:10.602000,431.8966524261247,102
2024-09-20 13:44:10.744000,431.9350101360673,6
2024-09-20 13:44:10.746000,431.8599298530963,98
2024-09-20 13:44:10.819000,431.90414544668965,1001
2024-09-20 13:44:10.832000,431.8798431310069,5
2024-09-20 13:44:10.873000,431.9161381954327,1002
2024-09-20 13:44:10.987000,431.9291986802336,12
2024-09-20 13:44:11.002000,431.891693924679,1000
2024-09-20 13:44:11.034000,431.8926147252906,995
2024-09-20 13:44:11.039000,431.8388047068088,999
2024-09-20 13:44:11.044000,431.8176972958722,95
2024-09-20 13:44:11.083000,431.8677414248704,100
2024-09-20 13:44:11.090000,431.8334982554664,8
2024-09-20 13:44:11.130000,431.8539444904537,996
2024-09-20 13:44:11.132000,431.8764384248767,102
2024-09-20 13:44:11.256000,431.8745012449309,100
2024-09-20 13:44:11.330000,431.863271432618,995
2024-09-20 13:44:11.361000,431.87777380347137,98
2024-09-20 13:44:11.421000,431.8407836122117,15
2024-09-20 13:44:11.478000,431.869266051364,10
2024-09-20 13:44:11.484000,431.85624369645546,1000
2024-09-20 13:44:11.494000,431.868498190134,12
2024-09-20 13:44:11.517000,431.8547496550711,101
2024-09-20 13:44:11.612000,431.8588395839034,95
2024-09-20 13:44:11.630000,431.8608647590796,1005
2024-09-20 13:44:11.674000,431.8895082539817,105
2024-09-20 13:44:11.720000,431.8586675910665,997
2024-09-20 13:44:11.749000,431.8607526620387,1001
2024-09-20 13:44:11.836000,431.8788220995749,1004
2024-09-20 13:44:11.868000,431.87398696833776,105
2024-09-20 13:44:11.895000,431.8524901932552,104
2024-09-20 13:44:11.986000,431.8286994778985,98
2024-09-20 13:44:11.991000,431.8374468837426,95
2024-09-20 13:44:12.899000,431.8676832718251,12
2024-09-20 13:44:13.010000,431.8698876994936,1001
2024-09-20 13:44:13.015000,431.9067301156808,1005
2024-09-20 13:44:13.017000,431.9181991998699,96
2024-09-20 13:44:13.020000,431.9471741283825,999
2024-09-20 13:44:13.036000,431.8779917453476,99
2024-09-20 13:44:13.057000,431.9014496374037,997
2024-09-20 13:44:13.098000,431.8932984620622,8
2024-09-20 13:44:13.098000,431.93700404947685,998
2024-09-20 13:44:13.129000,431.8792925135197,11
2024-09-20 13:44:13.136000,431.8737486256037,998
2024-09-20 13:44:13.263000,431.866255192232,102
2024-09-20 13:44:13.296000,431.8741258955832,11
2024-09-20 13:44:13.303000,431.95356582391736,10
2024-09-20 13:44:13.424000,431.8952723648185,1004
2024-09-20 13:44:13.446000,431.94743502804585,99
2024-09-20 13:44:13.551000,431.866447111445,8
2024-09-20 13:44:13.563000,431.90910274149496,5
2024-09-20 13:44:13.627000,431.9346020715324,100
2024-09-20 13:44:13.654000,431.9061887325337,999
2024-09-20 13:44:13.731000,431.87409992843817,1005
2024-09-20 13:44:13.756000,431.91895079023055,7
2024-09-20 13:44:13.806000,431.9239754706861,97
2024-09-20 13:44:13.810000,431.96561516660825,7
2024-09-20 13:44:13.844000,431.8807983517444,5
2024-09-20 13:44:13.912000,431.894074978957,1003
2024-09-20 13:44:13.980000,431.8731313335887,101
2024-09-20 13:44:13.991000,431.91013310417554,1002
2024-09-20 13:44:13.992000,431.9472470467585,7
2024-09-20 13:44:14.007000,432.0387400430179,104
2024-09-20 13:44:14.016000,431.98359580422056,1003
2024-09-20 13:44:14.129000,431.9722312505942,98
2024-09-20 13:44:14.155000,431.9499353291254,102
2024-09-20 13:44:14.157000,431.9786110099841,99
2024-09-20 13:44:14.196000,431.9824833495813,95
2024-09-20 13:44:14.203000,431.984764783249,999
2024-09-20 13:44:14.298000,431.9873168855157,96
2024-09-20 13:44:14.397000,431.99026148565287,999
2024-09-20 13:44:14.428000,431.9778913723418,7
2024-09-20 13:44:14.432000,432.0117272617218,9
2024-09-20 13:44:14.462000,431.9673589067585,5
2024-09-20 13:44:14.467000,431.969890879448,103
2024-09-20 13:44:14.523000,432.0421401759991,8
2024-09-20 13:44:14.571000,432.02203647970754,101
2024-09-20 13:44:14.589000,432.02809772626017,995
2024-09-20 13:44:14.647000,431.9813217400857,104
2024-09-20 13:44:14.763000,432.0442002713096,6
2024-09-20 13:44:14.770000,431.9518202254204,998
2024-09-20 13:44:14.782000,431.97740437475767,102
2024-09-20 13:44:14.834000,431.97066039393513,9
2024-09-20 13:44:14.835000,432.0034291461996,105
2024-09-20 13:44:14.871000,432.0086384356293,99
2024-09-20 13:44:14.882000,431.9581995307223,96
2024-09-20 13:44:14.914000,431.9951337799958,998
2024-09-20 13:44:14.914000,432.0155519893243,6
2024-09-20 13:44:14.915000,431.9731584994576,8
2024-09-20 13:44:14.920000,432.0095886154672,97
2024-09-20 13:44:14.975000,431.955859693569,100
2024-09-20 13:44:15.018000,432.01061328551526,98
2024-09-20 13:44:15.126000,432.0077763215488,103
2024-09-20 13:44:15.251000,432.03468080551113,6
2024-09-20 13:44:15.305000,432.0546101661074,105
2024-09-20 13:44:15.330000,432.04383395037263,104
2024-09-20 13:44:15.356000,432.00948588095486,15
2024-09-20 13:44:15.377000,432.0415325451805,995
2024-09-20 13:44:15.498000,432.0120990428268,996
2024-09-20 13:44:15.631000,432.0465778510542,98
2024-09-20 13:44:15.666000,432.0312216911789,997
2024-09-20 13:44:15.694000,432.0350500802364,9
2024-09-20 13:44:15.725000,432.0465071554625,5
2024-09-20 13:44:15.730000,432.0400114205735,13
2024-09-20 13:44:15.748000,432.05414136157407,1002
2024-09-20 13:44:15.813000,432.00388145753874,9
2024-09-20 13:44:15.955000,432.04392734794624,10
2024-09-20 13:44:15.966000,432.0013987255305,104
2024-09-20 13:44:16.085000,431.8853155613055,1005
2024-09-20 13:44:16.142000,432.0285951766334,1004
2024-09-20 13:44:16.154000,431.87741551996,104
2024-09-20 13:44:16.190000,431.9172198247689,100
2024-09-20 13:44:16.231000,431.98608001041526,6
2024-09-20 13:44:16.232000,431.8918350330137,96
2024-09-20 13:44:16.321000,431.9347540130528,999
2024-09-20 13:44:16.324000,431.983464429229,98
2024-09-20 13:44:16.377000,431.8954935543607,105
2024-09-20 13:44:16.401000,431.94917526659736,102
2024-09-20 13:44:16.411000,431.8919861072524,103
2024-09-20 13:44:16.455000,431.8718745391747,997
2024-09-20 13:44:16.458000,431.95790956115786,13
2024-09-20 13:44:16.492000,432.0011122553353,103
2024-09-20 13:44:16.570000,432.0088191663367,102
2024-09-20 13:44:16.576000,431.8954978640601,1002
2024-09-20 13:44:16.650000,431.98753330332,1004
2024-09-20 13:44:16.672000,431.9810798254439,6
2024-09-20 13:44:16.687000,431.9226652452574,996
2024-09-20 13:44:16.793000,431.9887878137156,12
2024-09-20 13:44:16.917000,431.9083816843409,13
2024-09-20 13:44:16.946000,431.9416934004389,8
2024-09-20 13:44:16.963000,431.9858969468645,5
2024-09-20 13:44:16.974000,431.9885808368269,8
2024-09-20 13:44:16.982000,431.9427678787948,12
2024-09-20 13:44:17.069000,431.8873368593765,15
2024-09-20 13:44:17.147000,431.8692090282413,95
2024-09-20 13:44:17.158000,431.87469785720754,1002
2024-09-20 13:44:17.292000,431.8633531666387,1002
2024-09-20 13:44:17.321000,431.8814883313101,1003
2024-09-20 13:44:17.430000,431.8825026084217,11
2024-09-20 13:44:17.486000,431.8662808924868,1000
2024-09-20 13:44:17.567000,431.8796088665917,999
2024-09-20 13:44:17.575000,431.86170360219097,105
2024-09-20 13:44:17.766000,431.86060997913256,1002
2024-09-20 13:44:18.235000,431.8939179235634,1005
2024-09-20 13:44:18.433000,431.8978068004143,102
2024-09-20 13:44:18.534000,431.86295477098594,98
2024-09-20 13:44:18.815000,431.8833493143168,1000
2024-09-20 13:44:19.054000,431.8766354154106,997
2024-09-20 13:44:19.077000,431.8962666164672,1004
2024-09-20 13:44:19.137000,431.7955794819796,7
2024-09-20 13:44:19.180000,431.8873751638913,104
2024-09-20 13:44:19.191000,431.8619370402202,995
2024-09-20 13:44:19.204000,431.8429877680478,1005
2024-09-20 13:44:19.274000,431.8739956061118,101
2024-09-20 13:44:19.347000,431.8051041065372,996
2024-09-20 13:44:19.456000,431.8860018680938,98
2024-09-20 13:44:19.480000,431.81742503604266,1004
2024-09-20 13:44:19.609000,431.91310595069007,9
2024-09-20 13:44:19.625000,431.8933750394064,102
2024-09-20 13:44:19.746000,431.864772684576,999
2024-09-20 13:44:19.894000,431.846500671077,15
2024-09-20 13:44:19.915000,431.8279349258096,6
2024-09-20 13:44:20.840000,431.7921835891048,101
2024-09-20 13:44:21.914000,431.776515801063,997
2024-09-20 13:44:21.929000,431.7863221692117,10
2024-09-20 13:44:22.095000,431.8264169683601,97
2024-09-20 13:44:22.105000,431.9838029359501,12
2024-09-20 13:44:22.110000,431.8333378340513,11
2024-09-20 13:44:22.183000,431.8994804073169,98
2024-09-20 13:44:22.285000,431.95779439706354,15
2024-09-20 13:44:22.407000,431.8097048895749,9
2024-09-20 13:44:22.410000,431.8784325009792,7
2024-09-20 13:44:22.416000,431.8622559928078,103
2024-09-20 13:44:22.421000,431.9002835927224,1002
2024-09-20 13:44:22.463000,431.98001768299696,997
2024-09-20 13:44:22.595000,431.9124010691144,13
2024-09-20 13:44:22.598000,431.801881536411,999
2024-09-20 13:44:22.685000,431.9588577187694,1004
2024-09-20 13:44:22.711000,431.831447386931,996
2024-09-20 13:44:22.721000,431.89015192912495,105
2024-09-20 13:44:22.725000,431.814051747689,999
2024-09-20 13:44:22.729000,431.8495800594228,100
2024-09-20 13:44:22.754000,431.9513317595538,5
2024-09-20 13:44:22.801000,431.9184158498272,15
2024-09-20 13:44:22.837000,431.819995968997,11
2024-09-20 13:44:22.881000,431.9073578263883,13
2024-09-20 13:44:22.929000,431.823653829121,1002
2024-09-20 13:44:23.029000,432.0234099245215,6
2024-09-20 13:44:23.048000,432.01281736149474,1005
2024-09-20 13:44:23.062000,431.9977557400866,5
2024-09-20 13:44:23.312000,432.04186292052685,104
2024-09-20 13:44:23.363000,431.9918777843853,96
2024-09-20 13:44:23.424000,432.0088716230805,996
2024-09-20 13:44:23.440000,432.0115925910952,14
2024-09-20 13:44:23.443000,432.0047644939132,997
2024-09-20 13:44:23.461000,432.0550228101242,5
2024-09-20 13:44:23.462000,432.0004973195521,96
2024-09-20 13:44:23.550000,432.0077281351175,5
2024-09-20 13:44:23.566000,431.9946808767039,105
2024-09-20 13:44:23.603000,431.9889544577338,98
2024-09-20 13:44:23.622000,432.03752504566256,95
2024-09-20 13:44:23.693000,432.01371061798,1002
2024-09-20 13:44:23.695000,432.0084502164793,102
2024-09-20 13:44:23.717000,432.0300422800741,7
2024-09-20 13:44:23.739000,432.0531605136824,11
2024-09-20 13:44:23.740000,432.0602509143478,103
2024-09-20 13:44:23.792000,432.0068000871551,105
2024-09-20 13:44:23.914000,431.99816134875965,105
2024-09-20 13:44:23.941000,432.00014810627806,96
2024-09-20 13:44:23.956000,432.0139087520664,14
2024-09-20 13:44:23.999000,432.01079673938193,6
2024-09-20 13:44:24.421000,432.0531584240337,9
2024-09-20 13:44:24.425000,432.0495344772258,10
2024-09-20 13:44:24.441000,432.0668966223902,11
2024-09-20 13:44:24.602000,432.05977845094,102
2024-09-20 13:44:24.640000,432.03285814012406,999
2024-09-20 13:44:24.645000,432.0187136266369,105
2024-09-20 13:44:25.055000,432.0534427966934,995
2024-09-20 13:44:25.059000,432.02772090344257,996
2024-09-20 13:44:25.177000,432.00419298462384,13
2024-09-20 13:44:25.205000,432.0201150770004,995
2024-09-20 13:44:25.239000,432.0682433364383,9
2024-09-20 13:44:25.252000,432.04017749980335,1002
2024-09-20 13:44:25.259000,432.030747631029,14
2024-09-20 13:44:25.358000,431.9949327693427,102
2024-09-20 13:44:25.375000,432.0597774272846,98
2024-09-20 13:44:25.427000,432.0247094462191,997
2024-09-20 13:44:25.472000,432.0520777889535,12
2024-09-20 13:44:25.534000,432.0305510206734,96
2024-09-20 13:44:25.555000,432.0413043696421,1004
2024-09-20 13:44:25.585000,432.0035235942659,104
2024-09-20 13:44:25.630000,432.03261324238974,12
2024-09-20 13:44:25.658000,432.04572085786896,14
2024-09-20 13:44:25.666000,432.0444321590488,996
2024-09-20 13:44:25.701000,432.0694500775046,997
2024-09-20 13:44:25.721000,432.0149144517358,96
2024-09-20 13:44:25.789000,432.00553830782223,995
2024-09-20 13:44:25.813000,432.0505698824053,14
2024-09-20 13:44:25.826000,432.0126936871059,97
2024-09-20 13:44:25.834000,432.057644314232,13
2024-09-20 13:44:25.851000,432.0382767467336,997
2024-09-20 13:44:25.932000,432.0413814615787,996
2024-09-20 13:44:25.940000,432.03438901453154,1004
2024-09-20 13:44:25.974000,432.0528891719357,100
2024-09-20 13:44:26.071000,432.0333625319963,15
2024-09-20 13:44:26.153000,432.0452113007187,105
2024-09-20 13:44:26.172000,432.0049954032348,997
2024-09-20 13:44:26.180000,432.0361176973536,1000
2024-09-20 13:44:26.311000,432.05670775760456,96
2024-09-20 13:44:26.330000,432.05216382704697,11
2024-09-20 13:44:26.349000,432.0154762887339,12
2024-09-20 13:44:26.487000,432.0485647399405,1000
2024-09-20 13:44:26.577000,432.0567637482243,12
2024-09-20 13:44:26.622000,431.9654720901559,100
2024-09-20 13:44:26.709000,432.049795947612,14
2024-09-20 13:44:26.767000,432.00757084458905,6
2024-09-20 13:44:26.836000,432.0402821112492,997
2024-09-20 13:44:26.853000,432.0396555352341,13
2024-09-20 13:44:26.940000,432.0534522608832,102
2024-09-20 13:44:26.976000,431.98460010882224,95
2024-09-20 13:44:26.992000,432.065450853179,10
2024-09-20 13:44:27.018000,431.97781408361993,11
2024-09-20 13:44:28.496000,431.9697174073553,999
2024-09-20 13:44:29.404000,431.96866016941584,7
2024-09-20 13:44:29.545000,431.959396561072,104
2024-09-20 13:44:29.672000,431.95988197784567,96
2024-09-20 13:44:29.875000,431.93840847453953,998
2024-09-20 13:44:29.891000,431.974287857408,96
2024-09-20 13:44:29.898000,431.9280046359953,11
2024-09-20 13:44:29.899000,431.9525821324417,7
2024-09-20 13:44:30.006000,431.8394632095056,1003
2024-09-20 13:44:30.032000,431.8755028633688,998
2024-09-20 13:44:30.209000,431.8441139731039,97
2024-09-20 13:44:30.220000,431.8912617795788,95
2024-09-20 13:44:30.227000,431.872418415284,7
2024-09-20 13:44:30.557000,431.9179639975896,1004
2024-09-20 13:44:30.610000,431.861689936824,7
2024-09-20 13:44:30.612000,431.8750806987116,97
2024-09-20 13:44:30.739000,431.8729057165816,13
2024-09-20 13:44:30.811000,431.87622984640905,11
2024-09-20 13:44:30.883000,431.8465106250313,96
2024-09-20 13:44:30.890000,431.9476217797808,11
2024-09-20 13:44:30.896000,431.86137819775365,1000
2024-09-20 13:44:30.897000,431.86904261234326,1000
2024-09-20 13:44:30.963000,431.8745747569163,1000
2024-09-20 13:44:31.063000,431.85655380304144,7
2024-09-20 13:44:31.162000,431.8505986943972,15
2024-09-20 13:44:32.195000,431.8911309512754,1003
2024-09-20 13:44:32.241000,431.8976209199609,7
2024-09-20 13:44:32.258000,431.8814417790279,14
2024-09-20 13:44:32.310000,431.8842245772378,8
2024-09-20 13:44:32.339000,431.8457964538794,5
2024-09-20 13:44:32.398000,431.8875577459891,15
2024-09-20 13:44:32.440000,431.87798122008144,8
2024-09-20 13:44:32.471000,431.8780077514706,101
2024-09-20 13:44:32.481000,431.88837339516647,14
2024-09-20 13:44:32.487000,431.89598680994345,13
2024-09-20 13:44:32.490000,431.8700026793956,13
2024-09-20 13:44:32.512000,431.8955819115249,99
2024-09-20 13:44:32.530000,431.87430428563766,14
2024-09-20 13:44:32.597000,431.8798047316373,1003
2024-09-20 13:44:32.677000,431.8725692950081,1005
2024-09-20 13:44:32.694000,431.8599890127,15
2024-09-20 13:44:32.767000,431.8548045360124,7
2024-09-20 13:44:32.813000,431.8799775480868,100
2024-09-20 13:44:32.880000,431.8818316620384,996
2024-09-20 13:44:32.977000,431.8693720559704,10
2024-09-20 13:44:32.987000,431.8687701721761,6
2024-09-20 13:44:33.107000,431.9100288449105,104
2024-09-20 13:44:33.111000,431.90540408717686,1002
2024-09-20 13:44:33.121000,431.9158945221124,1001
2024-09-20 13:44:33.127000,431.9021217542349,96
2024-09-20 13:44:33.174000,431.8901889919292,99
2024-09-20 13:44:33.203000,431.8966989523077,996
2024-09-20 13:44:33.233000,431.8875948414392,5
2024-09-20 13:44:33.266000,431.912832930693,13
2024-09-20 13:44:33.297000,431.89783108514126,6
2024-09-20 13:44:33.390000,431.9067572234444,999
2024-09-20 13:44:33.422000,431.90736560044616,9
2024-09-20 13:44:33.438000,431.9021189084942,15
2024-09-20 13:44:33.453000,431.8968928419447,101
2024-09-20 13:44:33.482000,431.9148711330844,1000
2024-09-20 13:44:33.498000,431.8940361071014,7
2024-09-20 13:44:33.543000,431.8789408348265,996
2024-09-20 13:44:33.544000,431.9164742992426,8
2024-09-20 13:44:33.549000,431.9227363780319,100
2024-09-20 13:44:33.636000,431.89814454561474,95
2024-09-20 13:44:33.637000,431.9165818662101,105
2024-09-20 13:44:33.640000,431.8997385461282,997
2024-09-20 13:44:33.684000,431.8968037906999,9
2024-09-20 13:44:33.693000,431.9002755496,97
2024-09-20 13:44:33.876000,431.891625273885,12
2024-09-20 13:44:33.896000,431.91731068272617,95
2024-09-20 13:44:33.963000,431.9093736309288,14
2024-09-20 13:44:33.978000,431.9106738996591,96
2024-09-20 13:44:34.109000,431.8990627286824,15
2024-09-20 13:44:34.119000,431.88616555020167,10
2024-09-20 13:44:34.128000,431.9170684032176,102
2024-09-20 13:44:34.145000,431.9008318001247,98
2024-09-20 13:44:34.179000,431.9199652712488,1003
2024-09-20 13:44:34.181000,431.88876747490553,996
2024-09-20 13:44:34.187000,431.9118900404361,1000
2024-09-20 13:44:34.206000,431.9278584769793,98
2024-09-20 13:44:34.227000,431.91856043975866,100
2024-09-20 13:44:34.245000,431.9003986341996,1000
2024-09-20 13:44:34.248000,431.8871791492977,998
2024-09-20 13:44:34.399000,431.88498239769103,13
2024-09-20 13:44:34.400000,431.9040517080256,995
2024-09-20 13:44:34.563000,431.93169078553495,1000
2024-09-20 13:44:34.676000,431.89128408099066,999
2024-09-20 13:44:34.687000,431.9128144300217,5
2024-09-20 13:44:34.733000,431.9226548680673,9
2024-09-20 13:44:34.751000,431.9265781933,1003
2024-09-20 13:44:34.818000,431.9396182385086,996
2024-09-20 13:44:34.946000,431.8912536699033,105
2024-09-20 13:44:34.990000,431.902123298562,105
2024-09-20 13:44:35.014000,431.8752078920122,105
2024-09-20 13:44:35.047000,431.8261511851994,1005
2024-09-20 13:44:35.084000,431.9029105479049,5
2024-09-20 13:44:35.088000,431.8401204590636,1004
2024-09-20 13:44:35.101000,431.88336066964587,99
2024-09-20 13:44:35.125000,431.8723811195073,13
2024-09-20 13:44:35.219000,431.9191206150925,1005
2024-09-20 13:44:35.219000,431.84431995285536,7
2024-09-20 13:44:35.235000,431.9308200493307,102
2024-09-20 13:44:35.285000,431.90164098435775,1004
2024-09-20 13:44:35.299000,431.88456592677016,101
2024-09-20 13:44:35.352000,431.8573233633434,1000
2024-09-20 13:44:35.378000,431.8076752786568,1005
2024-09-20 13:44:35.402000,431.91305280750606,6
2024-09-20 13:44:35.438000,431.8619056909648,102
2024-09-20 13:44:35.453000,431.8680040700113,10
2024-09-20 13:44:35.533000,431.8905753945058,5
2024-09-20 13:44:35.576000,431.8152335221355,1003
2024-09-20 13:44:35.610000,431.8425709396173,13
2024-09-20 13:44:35.619000,431.8805770861351,1005
2024-09-20 13:44:35.665000,431.9121214342183,102
2024-09-20 13:44:35.667000,431.8251864322524,13
2024-09-20 13:44:35.703000,431.8194786465831,999
2024-09-20 13:44:35.705000,431.8512411071156,9
2024-09-20 13:44:35.715000,431.9038319138816,97
2024-09-20 13:44:35.750000,431.8457079930992,999
2024-09-20 13:44:35.773000,431.865807777904,104
2024-09-20 13:44:35.782000,431.9056375585183,12
2024-09-20 13:44:35.889000,431.9197210189686,11
2024-09-20 13:44:36.038000,431.806393783344,1005
2024-09-20 13:44:36.115000,431.8002267778125,7
2024-09-20 13:44:36.135000,431.7993936200087,1004
2024-09-20 13:44:36.287000,431.80511810734174,999
2024-09-20 13:44:36.300000,431.806990340293,95
2024-09-20 13:44:36.308000,431.7858668197839,1001
2024-09-20 13:44:36.318000,431.7778927396386,104
2024-09-20 13:44:36.345000,431.7948376108644,101
2024-09-20 13:44:36.350000,431.7925494210007,14
2024-09-20 13:44:36.367000,431.8021187784901,997
2024-09-20 13:44:36.369000,431.7928436399165,98
2024-09-20 13:44:36.384000,431.8090131525218,1002
2024-09-20 13:44:36.403000,431.78586843006696,1003
2024-09-20 13:44:36.458000,431.8035992492282,11
2024-09-20 13:44:36.551000,431.7914150996619,96
2024-09-20 13:44:36.582000,431.8071437574445,96
2024-09-20 13:44:36.584000,431.7864810629361,102
2024-09-20 13:44:36.618000,431.7984974563116,998
2024-09-20 13:44:36.705000,431.8010184192845,13
2024-09-20 13:44:36.790000,431.8028405151,11
2024-09-20 13:44:36.798000,431.7938389433414,5
2024-09-20 13:44:36.830000,431.7875233052611,105
2024-09-20 13:44:36.837000,431.7986104345324,104
2024-09-20 13:44:36.898000,431.8102056874141,999
2024-09-20 13:44:36.926000,431.804808978146,102
2024-09-20 13:44:36.935000,431.7946716948249,102
2024-09-20 13:44:36.986000,431.8197658611237,6
2024-09-20 13:44:37.145000,431.81372755017486,997
2024-09-20 13:44:37.267000,431.8160212736766,998
2024-09-20 13:44:37.439000,431.8243881707333,996
2024-09-20 13:44:37.518000,431.8178489980005,998
2024-09-20 13:44:37.717000,431.817110788825,1001
2024-09-20 13:44:38.047000,431.728842905789,98
2024-09-20 13:44:38.231000,431.8241497389372,12
2024-09-20 13:44:38.247000,431.7528767866074,10
2024-09-20 13:44:38.285000,431.8409347980353,9
2024-09-20 13:44:38.331000,431.7345285106995,101
2024-09-20 13:44:38.354000,431.81829238172,998
2024-09-20 13:44:38.384000,431.72213366072265,102
2024-09-20 13:44:38.395000,431.7679851556279,1000
2024-09-20 13:44:38.512000,431.8325634656,1004
2024-09-20 13:44:38.518000,431.7107652054435,15
2024-09-20 13:44:38.572000,431.73337055623387,99
2024-09-20 13:44:38.572000,431.7888677430877,995
2024-09-20 13:44:38.630000,431.8299899276095,5
2024-09-20 13:44:38.784000,431.80690328192793,999
2024-09-20 13:44:38.827000,431.73368279448056,105
2024-09-20 13:44:38.850000,431.75639017349175,995
2024-09-20 13:44:38.973000,431.8175976624794,13
2024-09-20 13:44:38.990000,431.83318771844193,1002
2024-09-20 13:44:39.113000,431.7748953554639,98
2024-09-20 13:44:39.217000,431.790427823329,1002
2024-09-20 13:44:39.293000,431.77200920380665,1004
2024-09-20 13:44:39.321000,431.757472710803,14
2024-09-20 13:44:39.343000,431.7760766338851,10
2024-09-20 13:44:39.350000,431.7775420985862,995
2024-09-20 13:44:39.501000,431.7657786431501,995
2024-09-20 13:44:39.503000,431.77523431951744,101
2024-09-20 13:44:39.540000,431.7879311487016,999
2024-09-20 13:44:39.549000,431.7956142055435,998
2024-09-20 13:44:39.591000,431.81680433262335,12
2024-09-20 13:44:39.611000,431.7661780726318,1001
2024-09-20 13:44:39.623000,431.76395005301816,101
2024-09-20 13:44:39.627000,431.80901784308014,1000
2024-09-20 13:44:39.667000,431.8118642486545,102
2024-09-20 13:44:39.782000,431.8145837372669,998
2024-09-20 13:44:39.810000,431.8240844995499,99
2024-09-20 13:44:39.853000,431.7522607527058,9
2024-09-20 13:44:39.884000,431.7644970020768,9
2024-09-20 13:44:39.937000,431.78250618578807,102
2024-09-20 13:44:39.951000,431.7501381968304,101
2024-09-20 13:44:40.040000,431.7635817466003,9
2024-09-20 13:44:40.067000,431.7729798446312,999
2024-09-20 13:44:40.074000,431.7839574679613,105
2024-09-20 13:44:40.145000,431.7602758727084,13
2024-09-20 13:44:40.240000,431.7846789210405,12
2024-09-20 13:44:40.240000,431.7439187567037,1002
2024-09-20 13:44:40.343000,431.7889489626101,104
2024-09-20 13:44:40.404000,431.7582692147936,11
2024-09-20 13:44:40.483000,431.7356206845431,15
2024-09-20 13:44:40.682000,431.7370396479361,7
2024-09-20 13:44:40.914000,431.7617079398146,6
2024-09-20 13:44:40.949000,431.7230270005197,13
2024-09-20 13:44:41.049000,431.7307305883479,104
2024-09-20 13:44:41.055000,431.73572348668,1001
2024-09-20 13:44:41.842000,431.73741327914365,999
2024-09-20 13:44:42.049000,431.63313652208814,104
2024-09-20 13:44:42.052000,431.7447536600406,102
2024-09-20 13:44:42.094000,431.7306115544168,100
2024-09-20 13:44:42.147000,431.7512067592365,14
2024-09-20 13:44:42.172000,431.6515844849894,104
2024-09-20 13:44:42.250000,431.7483293312012,100
2024-09-20 13:44:42.270000,431.6503945791722,998
2024-09-20 13:44:42.346000,431.7274085605321,1004
2024-09-20 13:44:42.403000,431.744920580966,11
2024-09-20 13:44:42.476000,431.7262829775725,15
2024-09-20 13:44:42.547000,431.650380271846,98
2024-09-20 13:44:42.609000,431.6630681904828,1002
2024-09-20 13:44:42.627000,431.7382983017193,11
2024-09-20 13:44:42.779000,431.6780663507678,10
2024-09-20 13:44:42.983000,431.64945160598944,1001
2024-09-20 13:44:43.053000,431.68565582978334,8
2024-09-20 13:44:43.120000,431.6980430811418,1001
2024-09-20 13:44:43.146000,431.6890019418264,9
2024-09-20 13:44:43.158000,431.6515046393442,12
2024-09-20 13:44:43.160000,431.7145516718546,101
2024-09-20 13:44:43.215000,431.6640809331368,95
2024-09-20 13:44:43.238000,431.6979708523217,98
2024-09-20 13:44:43.246000,431.7181940816832,996
2024-09-20 13:44:43.254000,431.6840837804253,997
2024-09-20 13:44:43.300000,431.6805300226152,1002
2024-09-20 13:44:43.335000,431.7008075729789,997
2024-09-20 13:44:43.394000,431.66405481912943,8
2024-09-20 13:44:43.454000,431.6823067117755,9
2024-09-20 13:44:43.471000,431.69438238126656,105
2024-09-20 13:44:43.547000,431.6548528102512,95
2024-09-20 13:44:43.563000,431.6683356964918,995
2024-09-20 13:44:43.584000,431.65828096647095,999
2024-09-20 13:44:43.584000,431.6889102348072,11
2024-09-20 13:44:43.585000,431.6505093495848,1004
2024-09-20 13:44:43.679000,431.6628623070902,5
2024-09-20 13:44:43.736000,431.7093563605338,10
2024-09-20 13:44:43.769000,431.6628537302157,5
2024-09-20 13:44:43.773000,431.67053187985545,998
2024-09-20 13:44:43.807000,431.7036875374136,98
2024-09-20 13:44:43.856000,431.6738569687852,999
2024-09-20 13:44:43.906000,431.70662685437406,1001
2024-09-20 13:44:43.924000,431.69513625129497,15
2024-09-20 13:44:44.017000,431.6688806339501,7
2024-09-20 13:44:44.068000,431.6912433516582,1002
2024-09-20 13:44:44.081000,431.6950442930266,1004
2024-09-20 13:44:44.104000,431.70697245465726,9
2024-09-20 13:44:44.136000,431.6763784307945,100
2024-09-20 13:44:44.151000,431.6936443416825,1001
2024-09-20 13:44:44.197000,431.6953947108434,15
2024-09-20 13:44:44.230000,431.6466844115195,999
2024-09-20 13:44:44.459000,431.6752070500296,105
2024-09-20 13:44:44.515000,431.687138370709,9
2024-09-20 13:44:44.587000,431.6934888367487,105
2024-09-20 13:44:44.677000,431.71243902112576,1003
2024-09-20 13:44:44.727000,431.6819889910485,12
2024-09-20 13:44:44.810000,431.6709569147588,104
2024-09-20 13:44:44.859000,431.7100096451885,1001
2024-09-20 13:44:44.899000,431.6762625512887,5
2024-09-20 13:44:44.901000,431.6888058173855,1005
2024-09-20 13:44:44.903000,431.6860277726092,98
2024-09-20 13:44:44.920000,431.6737437325105,1003
2024-09-20 13:44:44.950000,431.6919268464394,1001
2024-09-20 13:44:44.976000,431.6895028447832,1005
2024-09-20 13:44:45.052000,431.76547313313927,12
2024-09-20 13:44:45.376000,431.6972481022326,995
2024-09-20 13:44:45.423000,431.71062723780426,999
2024-09-20 13:44:45.500000,431.7468876241993,102
2024-09-20 13:44:45.518000,431.7616049155191,13
2024-09-20 13:44:45.667000,431.7357798738753,11
2024-09-20 13:44:45.906000,431.7628162380302,98
2024-09-20 13:44:45.940000,431.7208454943338,998
2024-09-20 13:44:46.020000,431.8931465455286,96
2024-09-20 13:44:46.114000,431.78208362810574,15
2024-09-20 13:44:46.119000,431.82339972567286,8
2024-09-20 13:44:46.157000,431.8963419140659,99
2024-09-20 13:44:46.178000,431.8595241196637,99
2024-09-20 13:44:46.195000,431.8850421046502,1005
2024-09-20 13:44:46.215000,431.8830353913936,10
2024-09-20 13:44:46.280000,431.79720593411713,1005
2024-09-20 13:44:46.286000,431.77405338650647,1001
2024-09-20 13:44:46.368000,431.927652965336,5
2024-09-20 13:44:46.380000,431.8806810381661,1002
2024-09-20 13:44:46.401000,431.87377946927376,7
2024-09-20 13:44:46.469000,431.8023910431164,7
2024-09-20 13:44:46.522000,431.90514764808063,9
2024-09-20 13:44:46.537000,431.7966185115603,13
2024-09-20 13:44:46.564000,431.8100927494283,15
2024-09-20 13:44:46.604000,431.796749326083,5
2024-09-20 13:44:46.646000,431.8155857968351,997
2024-09-20 13:44:46.655000,431.8483489301878,97
2024-09-20 13:44:46.734000,431.7821113649782,997
2024-09-20 13:44:46.747000,431.91740464955336,1001
2024-09-20 13:44:46.902000,431.90821343987005,1003
2024-09-20 13:44:46.924000,431.8086320687981,14
2024-09-20 13:44:46.934000,431.8025595936616,995
2024-09-20 13:44:46.951000,431.90246034745513,97
2024-09-20 13:44:46.958000,431.930986006755,8
2024-09-20 13:44:46.988000,431.80658031340965,15
2024-09-20 13:44:46.996000,431.8143710306658,102
2024-09-20 13:44:47.292000,431.8855371918022,101
2024-09-20 13:44:47.999000,431.8777550774783,1003
2024-09-20 13:44:48.063000,431.7682805640852,1001
2024-09-20 13:44:48.072000,431.8755659987876,99
2024-09-20 13:44:48.115000,431.8081664202763,100
2024-09-20 13:44:48.136000,431.8195988776897,5
2024-09-20 13:44:48.169000,431.7264352958865,1004
2024-09-20 13:44:48.190000,431.75086169567817,1003
2024-09-20 13:44:48.205000,431.7477031396925,1000
2024-09-20 13:44:48.265000,431.7152942537555,10
2024-09-20 13:44:48.307000,431.7416388527183,96
2024-09-20 13:44:48.308000,431.77343434223,96
2024-09-20 13:44:48.353000,431.7449602120812,10
2024-09-20 13:44:48.367000,431.73775586365616,15
2024-09-20 13:44:48.367000,431.72899101946206,1001
2024-09-20 13:44:48.449000,431.817429741477,105
2024-09-20 13:44:48.468000,431.7296581097996,997
2024-09-20 13:44:48.503000,431.71937701054105,15
2024-09-20 13:44:48.545000,431.8065991168372,12
2024-09-20 13:44:48.650000,431.7970545139166,102
2024-09-20 13:44:48.657000,431.86040952397497,1004
2024-09-20 13:44:48.675000,431.7272527349861,8
2024-09-20 13:44:48.734000,431.76965690842064,100
2024-09-20 13:44:48.754000,431.847761785216,97
2024-09-20 13:44:48.807000,431.7505445412745,15
2024-09-20 13:44:48.853000,431.7351701453592,102
2024-09-20 13:44:48.860000,431.8166291220301,14
2024-09-20 13:44:48.931000,431.7254333035617,13
2024-09-20 13:44:51.002000,431.8050870321011,999
2024-09-20 13:44:51.009000,431.7610121292505,1000
2024-09-20 13:44:51.050000,431.8368330464801,9
2024-09-20 13:44:51.205000,431.8335452990816,5
2024-09-20 13:44:51.323000,431.805203864154,7
2024-09-20 13:44:51.383000,431.7426565819184,8
2024-09-20 13:44:51.463000,431.82600377515394,999
2024-09-20 13:44:51.563000,431.7494470326254,6
2024-09-20 13:44:51.667000,431.8457721443352,7
2024-09-20 13:44:51.733000,431.8382171701755,5
2024-09-20 13:44:51.754000,431.7804509687175,1002
2024-09-20 13:44:51.857000,431.79149083409874,100
2024-09-20 13:44:51.870000,431.8418948066136,15
2024-09-20 13:44:51.882000,431.8000074519537,102
2024-09-20 13:44:51.925000,431.8381299791676,7
2024-09-20 13:44:51.957000,431.7886233235679,998
2024-09-20 13:44:52.009000,431.9014196077336,7
2024-09-20 13:44:52.033000,431.8218953575181,6
2024-09-20 13:44:52.160000,431.89773746309936,10
2024-09-20 13:44:52.169000,431.8089683443024,101
2024-09-20 13:44:52.237000,431.8199286077767,102
2024-09-20 13:44:52.261000,431.82644989141824,1002
2024-09-20 13:44:52.287000,431.88426642384513,1000
2024-09-20 13:44:52.325000,431.9054386381641,7
2024-09-20 13:44:52.382000,431.8243421768176,997
2024-09-20 13:44:52.410000,431.8801638515837,105
2024-09-20 13:44:52.447000,431.86481430453415,9
2024-09-20 13:44:52.461000,431.83699650445016,7
2024-09-20 13:44:52.538000,431.8905036295383,6
2024-09-20 13:44:52.548000,431.9087712196345,98
2024-09-20 13:44:52.563000,431.8398805084567,13
2024-09-20 13:44:52.592000,431.8571915508208,104
2024-09-20 13:44:52.598000,431.832526463221,998
2024-09-20 13:44:52.626000,431.7968876721738,100
2024-09-20 13:44:52.644000,431.8892675448349,12
2024-09-20 13:44:52.697000,431.80500929292833,1004
2024-09-20 13:44:52.732000,431.84215857324085,5
2024-09-20 13:44:52.943000,431.8003628508428,1002
2024-09-20 13:44:52.958000,431.901942801814,999
2024-09-20 13:44:52.979000,431.82258707712106,95
2024-09-20 13:44:53.018000,431.73562818990086,103
2024-09-20 13:44:53.057000,431.7617040043013,998
2024-09-20 13:44:53.103000,431.78774433918414,998
2024-09-20 13:44:53.126000,431.79912406253857,102
2024-09-20 13:44:53.149000,431.8037029597618,95
2024-09-20 13:44:53.178000,431.7794374955963,996
2024-09-20 13:44:53.195000,431.7665748732872,105
2024-09-20 13:44:53.195000,431.744882212062,15
2024-09-20 13:44:53.222000,431.774731658531,1004
2024-09-20 13:44:53.348000,431.7782286207788,10
2024-09-20 13:44:53.370000,431.8085260303267,98
2024-09-20 13:44:53.423000,431.74680704601946,103
2024-09-20 13:44:53.424000,431.7462137696686,101
2024-09-20 13:44:53.425000,431.7111937278248,11
2024-09-20 13:44:53.594000,431.81019741253743,1004
2024-09-20 13:44:53.646000,431.7717442304306,8
2024-09-20 13:44:53.647000,431.8296433382824,5
2024-09-20 13:44:53.724000,431.7091799707384,998
2024-09-20 13:44:53.802000,431.77912493999366,1005
2024-09-20 13:44:53.825000,431.75968135331584,5
2024-09-20 13:44:53.875000,431.7380659618317,998
2024-09-20 13:44:53.903000,431.7135870676096,8
2024-09-20 13:44:53.973000,431.7357902885048,6
2024-09-20 13:44:54.214000,431.7590220337267,98
2024-09-20 13:44:54.236000,431.8071888053744,100
2024-09-20 13:44:54.301000,431.7644477002449,998
2024-09-20 13:44:54.349000,431.7734625522695,96
2024-09-20 13:44:54.426000,431.7711323184873,1005
2024-09-20 13:44:54.489000,431.8050681985008,98
2024-09-20 13:44:54.502000,431.7797274548075,1001
2024-09-20 13:44:54.577000,431.79024710863376,102
2024-09-20 13:44:54.582000,431.7989709100971,12
2024-09-20 13:44:54.815000,431.7875907226452,1003
2024-09-20 13:44:54.873000,431.80300797825134,996
2024-09-20 13:44:55.273000,431.7750744141936,999
2024-09-20 13:44:55.598000,431.76280860072615,6
2024-09-20 13:44:55.927000,431.7972835642954,996
2024-09-20 13:44:56.079000,431.770100675538,13
2024-09-20 13:44:56.176000,431.8368606136042,1003
2024-09-20 13:44:56.335000,431.7689943781597,998
2024-09-20 13:44:56.351000,431.8273901651796,8
2024-09-20 13:44:56.399000,431.7805238285553,103
2024-09-20 13:44:56.400000,431.7643169600024,10
2024-09-20 13:44:56.464000,431.833381344544,100
2024-09-20 13:44:56.649000,431.7808761081711,1002
2024-09-20 13:44:56.724000,431.8214581026314,102
2024-09-20 13:44:56.747000,431.813345557272,10
2024-09-20 13:44:56.749000,431.800851127724,9
2024-09-20 13:44:56.784000,431.8104148370364,102
2024-09-20 13:44:56.845000,431.8336719881757,11
2024-09-20 13:44:56.865000,431.83119841590303,5
2024-09-20 13:44:56.866000,431.8235094532104,6
2024-09-20 13:44:56.989000,431.8118026204436,10
2024-09-20 13:44:57.039000,431.71210460774944,11
2024-09-20 13:44:57.056000,431.6715334726783,9
2024-09-20 13:44:57.074000,431.6883592336366,97
2024-09-20 13:44:57.075000,431.7067433990825,98
2024-09-20 13:44:57.099000,431.6718799393045,1001
2024-09-20 13:44:57.196000,431.6977794108556,95
2024-09-20 13:44:57.304000,431.647649007874,12
2024-09-20 13:44:57.355000,431.719726239364,6
2024-09-20 13:44:57.396000,431.7243259121101,1001
2024-09-20 13:44:57.401000,431.6848206397047,103
2024-09-20 13:44:57.416000,431.6960660099932,7
2024-09-20 13:44:57.448000,431.6946705104254,104
2024-09-20 13:44:57.466000,431.6604722716062,1000
2024-09-20 13:44:57.509000,431.6791014529904,1004
2024-09-20 13:44:57.513000,431.7128358923517,996
2024-09-20 13:44:57.515000,431.7097738545855,95
2024-09-20 13:44:57.605000,431.6610289869581,104
2024-09-20 13:44:57.633000,431.7188828341277,998
2024-09-20 13:44:57.645000,431.651392917606,103
2024-09-20 13:44:57.659000,431.7502095527951,995
2024-09-20 13:44:57.775000,431.6575807906278,98
2024-09-20 13:44:57.796000,431.70743383875447,996
2024-09-20 13:44:57.826000,431.709945772404,999
2024-09-20 13:44:57.898000,431.6597330862236,12
2024-09-20 13:44:58.041000,431.661946254886,5
2024-09-20 13:44:58.065000,431.6967408366924,13
2024-09-20 13:44:58.067000,431.7021409400044,999
2024-09-20 13:44:58.068000,431.7023615046357,8
2024-09-20 13:44:58.141000,431.6543727142282,95
2024-09-20 13:44:58.196000,431.72014200545146,103
2024-09-20 13:44:58.197000,431.70259736070216,999
2024-09-20 13:44:58.205000,431.72363837764186,999
2024-09-20 13:44:58.213000,431.7228604547794,12
2024-09-20 13:44:58.279000,431.7273357757152,99
2024-09-20 13:44:58.315000,431.7231696469672,12
2024-09-20 13:44:58.346000,431.7064115999997,101
2024-09-20 13:44:58.347000,431.71965539807417,997
2024-09-20 13:44:58.360000,431.6765470585662,1000
2024-09-20 13:44:58.361000,431.7030348847619,6
2024-09-20 13:44:58.371000,431.6352758370937,1005
2024-09-20 13:44:58.378000,431.69305816139615,996
2024-09-20 13:44:58.489000,431.7303694298532,105
2024-09-20 13:44:58.732000,431.6452239868578,999
2024-09-20 13:44:58.735000,431.7218455628425,101
2024-09-20 13:44:58.759000,431.7188535455445,1001
2024-09-20 13:44:58.802000,431.7069490976799,105
2024-09-20 13:44:58.970000,431.7095405218794,10
2024-09-20 13:44:59.085000,431.6293020153342,995
2024-09-20 13:44:59.313000,431.6319127399794,13
2024-09-20 13:44:59.376000,431.6384240687572,5
2024-09-20 13:44:59.384000,431.6168064283205,1004
2024-09-20 13:44:59.581000,431.6360404951875,6
2024-09-20 13:44:59.833000,431.6314766650392,99
2024-09-20 13:44:59.969000,431.61676842128105,997
