Timestamp,Price,Size
2024-09-18 15:09:00.002000,415.3731047898488,7
2024-09-18 15:09:00.034000,415.3515784100232,1000
2024-09-18 15:09:00.092000,415.3372111249423,10
2024-09-18 15:09:00.127000,415.34476878089646,1002
2024-09-18 15:09:00.132000,415.32347338319823,5
2024-09-18 15:09:00.135000,415.37112975846816,101
2024-09-18 15:09:00.168000,415.3505444972263,995
2024-09-18 15:09:00.298000,415.3337443502358,999
2024-09-18 15:09:00.334000,415.3548032204706,1001
2024-09-18 15:09:00.368000,415.3608571507144,101
2024-09-18 15:09:00.376000,415.3483918281509,101
2024-09-18 15:09:00.398000,415.33901971486426,1001
2024-09-18 15:09:00.484000,415.3687398900971,95
2024-09-18 15:09:00.601000,415.3592756040885,105
2024-09-18 15:09:00.604000,415.3487677390577,5
2024-09-18 15:09:00.797000,415.33829280635473,8
2024-09-18 15:09:00.818000,415.34811515756513,12
2024-09-18 15:09:00.846000,415.3237788414706,11
2024-09-18 15:09:00.889000,415.3639366776068,6
2024-09-18 15:09:00.965000,415.3426474564875,12
2024-09-18 15:09:00.994000,415.3426939632324,96
2024-09-18 15:09:01.132000,415.3539306003887,13
2024-09-18 15:09:01.139000,415.3647646641452,105
2024-09-18 15:09:01.200000,415.3185180840281,97
2024-09-18 15:09:01.391000,415.3346744260746,6
2024-09-18 15:09:01.487000,415.31937929422287,102
2024-09-18 15:09:01.672000,415.3187171039126,14
2024-09-18 15:09:01.828000,415.3407643950267,10
2024-09-18 15:09:01.852000,415.33311119929607,1001
2024-09-18 15:09:01.878000,415.3229477305919,100
2024-09-18 15:09:01.969000,415.364298589896,7
2024-09-18 15:09:02.081000,415.3665209443285,99
2024-09-18 15:09:02.127000,415.40500961682005,9
2024-09-18 15:09:02.141000,415.3693717632966,95
2024-09-18 15:09:02.165000,415.41694909677335,98
2024-09-18 15:09:02.168000,415.41129466403527,1001
2024-09-18 15:09:02.358000,415.3965142787515,1002
2024-09-18 15:09:02.377000,415.3942668881616,995
2024-09-18 15:09:02.408000,415.3816152944498,12
2024-09-18 15:09:02.423000,415.3109881275281,96
2024-09-18 15:09:02.433000,415.4306822264512,95
2024-09-18 15:09:02.446000,415.3194509519515,11
2024-09-18 15:09:02.455000,415.4235086848107,98
2024-09-18 15:09:02.587000,415.4448909703608,996
2024-09-18 15:09:02.589000,415.3650565785812,1002
2024-09-18 15:09:02.639000,415.3949626022263,104
2024-09-18 15:09:02.666000,415.3421725692462,5
2024-09-18 15:09:02.714000,415.4375462682666,97
2024-09-18 15:09:02.744000,415.4184668309618,96
2024-09-18 15:09:02.797000,415.4319106776408,999
2024-09-18 15:09:02.880000,415.37778299517504,8
2024-09-18 15:09:02.952000,415.42368491035216,99
2024-09-18 15:09:03.055000,415.4803666628354,12
2024-09-18 15:09:03.132000,415.4726092820917,6
2024-09-18 15:09:03.216000,415.50056633859583,6
2024-09-18 15:09:03.227000,415.4496493106333,997
2024-09-18 15:09:03.380000,415.48012083578885,1003
2024-09-18 15:09:03.390000,415.45027604282046,103
2024-09-18 15:09:03.498000,415.4410949172006,101
2024-09-18 15:09:03.502000,415.49136376197737,1001
2024-09-18 15:09:03.509000,415.48421853563264,104
2024-09-18 15:09:03.521000,415.4811052492251,997
2024-09-18 15:09:03.814000,415.4801325707277,96
2024-09-18 15:09:03.833000,415.4758535009962,999
2024-09-18 15:09:04.109000,415.4719546088692,15
2024-09-18 15:09:04.111000,415.58122405948455,1004
2024-09-18 15:09:04.184000,415.4712444677321,1005
2024-09-18 15:09:04.209000,415.4890403289149,103
2024-09-18 15:09:04.226000,415.499554843256,97
2024-09-18 15:09:04.227000,415.5753443278105,10
2024-09-18 15:09:04.333000,415.5657439116071,7
2024-09-18 15:09:04.348000,415.5241910604343,98
2024-09-18 15:09:04.398000,415.5229728937528,10
2024-09-18 15:09:04.401000,415.5101037242062,9
2024-09-18 15:09:04.462000,415.5611308134924,997
2024-09-18 15:09:04.601000,415.5632390995889,101
2024-09-18 15:09:04.720000,415.5624809510323,996
2024-09-18 15:09:04.725000,415.5416299431244,14
2024-09-18 15:09:04.736000,415.526122774492,7
2024-09-18 15:09:04.942000,415.4933020661109,97
2024-09-18 15:09:04.949000,415.4847799955784,1003
2024-09-18 15:09:05.008000,415.5640601934972,999
2024-09-18 15:09:05.035000,415.5655464042061,12
2024-09-18 15:09:05.103000,415.56101096063605,1002
2024-09-18 15:09:05.202000,415.5430023228428,1005
2024-09-18 15:09:05.229000,415.5432084201897,9
2024-09-18 15:09:05.250000,415.5557224199134,105
2024-09-18 15:09:05.257000,415.57529375629656,104
2024-09-18 15:09:05.366000,415.5638523612024,13
2024-09-18 15:09:05.382000,415.5601811372127,1000
2024-09-18 15:09:05.448000,415.56935865993233,1005
2024-09-18 15:09:05.461000,415.56315962824,13
2024-09-18 15:09:05.472000,415.5678366248404,1001
2024-09-18 15:09:05.751000,415.5425291146618,7
2024-09-18 15:09:05.762000,415.5525772528786,11
2024-09-18 15:09:05.797000,415.5844836117906,96
2024-09-18 15:09:05.798000,415.57404738050445,998
2024-09-18 15:09:05.798000,415.5663806866517,999
2024-09-18 15:09:05.824000,415.55960374994936,9
2024-09-18 15:09:06.005000,415.5729559099653,99
2024-09-18 15:09:06.175000,415.55519227472905,105
2024-09-18 15:09:06.221000,415.5752933892064,995
2024-09-18 15:09:06.346000,415.57868530496967,104
2024-09-18 15:09:06.460000,415.5582883775498,101
2024-09-18 15:09:06.481000,415.5450313293781,13
2024-09-18 15:09:06.487000,415.5984497588517,1000
2024-09-18 15:09:06.576000,415.5789889442866,96
2024-09-18 15:09:06.603000,415.5659811788847,1005
2024-09-18 15:09:06.608000,415.54408845992793,103
2024-09-18 15:09:06.701000,415.5518872986812,1000
2024-09-18 15:09:06.708000,415.5957183217956,7
2024-09-18 15:09:06.727000,415.5667208207771,12
2024-09-18 15:09:06.791000,415.5657029202126,1003
2024-09-18 15:09:06.818000,415.5726700077525,1004
2024-09-18 15:09:06.879000,415.5741117941124,100
2024-09-18 15:09:06.886000,415.5467983143893,6
2024-09-18 15:09:06.887000,415.578801178499,12
2024-09-18 15:09:07.132000,415.5562772032234,15
2024-09-18 15:09:07.586000,415.5056919959512,998
2024-09-18 15:09:07.590000,415.52724687180086,1001
2024-09-18 15:09:07.629000,415.5407520759951,999
2024-09-18 15:09:07.861000,415.55331097959663,8
2024-09-18 15:09:07.868000,415.5545755429921,1003
2024-09-18 15:09:07.900000,415.5499858046099,996
2024-09-18 15:09:07.945000,415.5699276113034,95
2024-09-18 15:09:07.952000,415.55783848749,103
2024-09-18 15:09:08.114000,415.5152363871573,99
2024-09-18 15:09:08.136000,415.5176235410978,96
2024-09-18 15:09:08.350000,415.5095840138982,97
2024-09-18 15:09:08.621000,415.51158781241753,12
2024-09-18 15:09:08.741000,415.50313598362015,97
2024-09-18 15:09:08.820000,415.52965319929433,99
2024-09-18 15:09:08.823000,415.511510387027,95
2024-09-18 15:09:08.902000,415.4934509738653,997
2024-09-18 15:09:08.912000,415.495788785428,96
2024-09-18 15:09:08.918000,415.5178521142851,11
2024-09-18 15:09:08.976000,415.5067672581815,12
2024-09-18 15:09:09.065000,415.5084478866219,105
2024-09-18 15:09:09.087000,415.5361768979292,15
2024-09-18 15:09:09.128000,415.5137792895427,1003
2024-09-18 15:09:09.164000,415.520577246768,9
2024-09-18 15:09:09.188000,415.52244888317495,15
2024-09-18 15:09:09.190000,415.55228441762847,95
2024-09-18 15:09:09.277000,415.5014747586071,14
2024-09-18 15:09:09.304000,415.5127912691818,100
2024-09-18 15:09:09.379000,415.5072923689126,15
2024-09-18 15:09:09.420000,415.5092973430593,95
2024-09-18 15:09:09.450000,415.53048766672407,15
2024-09-18 15:09:09.460000,415.5194809996349,102
2024-09-18 15:09:09.513000,415.4962553635769,100
2024-09-18 15:09:09.640000,415.5155547386575,100
2024-09-18 15:09:09.680000,415.5068888909906,101
2024-09-18 15:09:09.684000,415.5331989527661,102
2024-09-18 15:09:09.757000,415.4866937412114,104
2024-09-18 15:09:09.787000,415.53814835337545,1002
2024-09-18 15:09:09.799000,415.5019406899551,997
2024-09-18 15:09:09.911000,415.512317144898,995
2024-09-18 15:09:09.912000,415.516198799494,105
2024-09-18 15:09:09.915000,415.5163203530599,1004
2024-09-18 15:09:09.957000,415.512759598474,10
2024-09-18 15:09:10.019000,415.5197326053018,1001
2024-09-18 15:09:10.039000,415.47963320850096,97
2024-09-18 15:09:10.108000,415.4802393849863,104
2024-09-18 15:09:10.206000,415.49594227121656,96
2024-09-18 15:09:10.318000,415.51489977688897,10
2024-09-18 15:09:10.421000,415.4795046836811,101
2024-09-18 15:09:10.557000,415.50442030280766,11
2024-09-18 15:09:10.713000,415.5135399956441,98
2024-09-18 15:09:10.979000,415.4819946704128,1005
2024-09-18 15:09:11.096000,415.4668204435816,1005
2024-09-18 15:09:11.102000,415.4861774515065,1003
2024-09-18 15:09:11.190000,415.46301150088766,12
2024-09-18 15:09:11.304000,415.5082991896063,6
2024-09-18 15:09:11.519000,415.5297455074814,11
2024-09-18 15:09:11.621000,415.5123040409708,1005
2024-09-18 15:09:11.747000,415.49526694548007,97
2024-09-18 15:09:11.875000,415.5089081711832,13
2024-09-18 15:09:11.886000,415.5314481658577,8
2024-09-18 15:09:11.926000,415.5008827471449,7
2024-09-18 15:09:11.927000,415.4892353500948,99
2024-09-18 15:09:12.152000,415.5331581998552,6
2024-09-18 15:09:13.062000,415.5374746921428,1000
2024-09-18 15:09:13.820000,415.5165662205988,96
2024-09-18 15:09:14.031000,415.4785221376992,100
2024-09-18 15:09:14.060000,415.57189512190894,11
2024-09-18 15:09:14.132000,415.5013550768837,104
2024-09-18 15:09:14.151000,415.4821499424789,7
2024-09-18 15:09:14.194000,415.52846844002966,105
2024-09-18 15:09:14.226000,415.5197890228308,9
2024-09-18 15:09:14.226000,415.48807937277104,12
2024-09-18 15:09:14.284000,415.5341975735391,96
2024-09-18 15:09:14.316000,415.5351289602065,8
2024-09-18 15:09:14.357000,415.51612634142793,995
2024-09-18 15:09:14.360000,415.4892894858593,102
2024-09-18 15:09:14.367000,415.5060081714887,6
2024-09-18 15:09:14.484000,415.52439125509136,996
2024-09-18 15:09:14.532000,415.4849783858794,7
2024-09-18 15:09:14.548000,415.4718028599604,9
2024-09-18 15:09:14.557000,415.525964550315,104
2024-09-18 15:09:14.558000,415.47805598579737,103
2024-09-18 15:09:14.571000,415.4847216109226,6
2024-09-18 15:09:14.614000,415.54779819554295,1001
2024-09-18 15:09:14.625000,415.5021189547905,1000
2024-09-18 15:09:14.626000,415.51771082908726,1005
2024-09-18 15:09:14.674000,415.49246629554113,98
2024-09-18 15:09:14.692000,415.5158021053202,1003
2024-09-18 15:09:14.704000,415.5554891263746,7
2024-09-18 15:09:14.717000,415.5525494880866,997
2024-09-18 15:09:14.764000,415.5067893805992,102
2024-09-18 15:09:14.802000,415.51675258617416,14
2024-09-18 15:09:15.093000,415.5719993727362,996
2024-09-18 15:09:15.159000,415.5580905052274,1002
2024-09-18 15:09:15.220000,415.5521852538987,1001
2024-09-18 15:09:15.263000,415.5387529952799,996
2024-09-18 15:09:15.401000,415.56491143763833,999
2024-09-18 15:09:15.516000,415.56095729365467,1002
2024-09-18 15:09:15.521000,415.5573251448831,1002
2024-09-18 15:09:15.543000,415.55595158796393,103
2024-09-18 15:09:15.633000,415.536474162605,998
2024-09-18 15:09:15.681000,415.54940769173527,103
2024-09-18 15:09:15.715000,415.5354577094689,997
2024-09-18 15:09:15.717000,415.5528898162309,102
2024-09-18 15:09:15.742000,415.56255539198384,100
2024-09-18 15:09:15.746000,415.5382964646568,105
2024-09-18 15:09:16.021000,415.5933514513735,14
2024-09-18 15:09:16.120000,415.5794257551226,100
2024-09-18 15:09:16.172000,415.59076696072304,999
2024-09-18 15:09:16.178000,415.5961727645028,9
2024-09-18 15:09:16.209000,415.5699230225741,7
2024-09-18 15:09:16.233000,415.6019350562847,5
2024-09-18 15:09:16.256000,415.56107920462455,11
2024-09-18 15:09:16.313000,415.59420081425503,100
2024-09-18 15:09:16.319000,415.62277354898765,1001
2024-09-18 15:09:16.352000,415.62639482992586,105
2024-09-18 15:09:16.356000,415.56949217522623,99
2024-09-18 15:09:16.382000,415.6164816507496,9
2024-09-18 15:09:16.429000,415.56283812449146,98
2024-09-18 15:09:16.444000,415.5995225738041,1000
2024-09-18 15:09:16.485000,415.59500471226704,997
2024-09-18 15:09:16.530000,415.5722364105273,14
2024-09-18 15:09:16.617000,415.5860966542604,10
2024-09-18 15:09:16.669000,415.60101145115846,14
2024-09-18 15:09:16.718000,415.6262010463271,1002
2024-09-18 15:09:16.733000,415.6371832637696,7
2024-09-18 15:09:16.737000,415.5961817862873,1001
2024-09-18 15:09:16.764000,415.5945991863372,10
2024-09-18 15:09:16.828000,415.63444981814456,995
2024-09-18 15:09:16.834000,415.5883006986272,105
2024-09-18 15:09:16.999000,415.5997215768949,105
2024-09-18 15:09:17.010000,415.5305463504836,1002
2024-09-18 15:09:17.077000,415.5181002299669,98
2024-09-18 15:09:17.092000,415.55296673125616,15
2024-09-18 15:09:17.140000,415.54355975991626,6
2024-09-18 15:09:17.209000,415.5502728590238,6
2024-09-18 15:09:17.377000,415.5489352988075,98
2024-09-18 15:09:17.487000,415.5294123074694,13
2024-09-18 15:09:17.502000,415.5598966026765,105
2024-09-18 15:09:17.576000,415.5670743633832,998
2024-09-18 15:09:17.629000,415.53313353315474,99
2024-09-18 15:09:17.692000,415.5603295632561,996
2024-09-18 15:09:17.711000,415.51348323342654,1003
2024-09-18 15:09:17.732000,415.5531677551078,8
2024-09-18 15:09:17.875000,415.5441982829289,102
2024-09-18 15:09:17.892000,415.5417471295471,99
2024-09-18 15:09:17.898000,415.5459408069679,14
2024-09-18 15:09:17.903000,415.5380961884696,1001
2024-09-18 15:09:17.937000,415.5660890242282,6
2024-09-18 15:09:17.956000,415.5728668252611,11
2024-09-18 15:09:17.956000,415.5590860151535,10
2024-09-18 15:09:18.048000,415.4306056686191,13
2024-09-18 15:09:18.111000,415.4946556772739,999
2024-09-18 15:09:18.145000,415.5184831660529,999
2024-09-18 15:09:18.181000,415.4734578724897,96
2024-09-18 15:09:18.215000,415.5206118725019,8
2024-09-18 15:09:18.403000,415.4385382488417,98
2024-09-18 15:09:18.408000,415.4669736120524,999
2024-09-18 15:09:18.427000,415.519032928103,103
2024-09-18 15:09:18.442000,415.5020180181229,96
2024-09-18 15:09:18.489000,415.5245260359767,11
2024-09-18 15:09:18.547000,415.47076475251856,998
2024-09-18 15:09:18.558000,415.4550333020721,8
2024-09-18 15:09:18.662000,415.4845529884908,7
2024-09-18 15:09:18.754000,415.4259626818466,1004
2024-09-18 15:09:18.771000,415.4402888127812,10
2024-09-18 15:09:18.856000,415.5347271854717,1001
2024-09-18 15:09:18.869000,415.4766011585871,14
2024-09-18 15:09:19.007000,415.4768354954752,7
2024-09-18 15:09:19.073000,415.466235639942,14
2024-09-18 15:09:19.181000,415.4618210210832,1001
2024-09-18 15:09:19.256000,415.45868327344834,10
2024-09-18 15:09:19.263000,415.4481482285309,1005
2024-09-18 15:09:19.273000,415.4837024397794,996
2024-09-18 15:09:19.466000,415.46450513627207,8
2024-09-18 15:09:19.705000,415.448064320515,5
2024-09-18 15:09:19.859000,415.4685204371608,103
2024-09-18 15:09:19.880000,415.4644787009139,98
2024-09-18 15:09:20.049000,415.4374122359688,105
2024-09-18 15:09:20.078000,415.46698118873286,1000
2024-09-18 15:09:20.208000,415.4408841046276,1000
2024-09-18 15:09:20.281000,415.4742839565826,999
2024-09-18 15:09:20.290000,415.4717453007613,5
2024-09-18 15:09:20.323000,415.4730162279451,101
2024-09-18 15:09:20.363000,415.4691353618893,100
2024-09-18 15:09:20.367000,415.46661764216987,96
2024-09-18 15:09:20.626000,415.4693618210805,995
2024-09-18 15:09:20.628000,415.4558434576362,995
2024-09-18 15:09:20.649000,415.4775118896526,9
2024-09-18 15:09:20.692000,415.4684933398461,103
2024-09-18 15:09:20.805000,415.47197671320487,14
2024-09-18 15:09:20.848000,415.48880967611086,103
2024-09-18 15:09:21.074000,415.4625662401541,101
2024-09-18 15:09:21.153000,415.48151755255634,8
2024-09-18 15:09:21.202000,415.4757259887173,997
2024-09-18 15:09:21.257000,415.4412661336209,98
2024-09-18 15:09:21.352000,415.45298219572754,1001
2024-09-18 15:09:21.357000,415.46480643665456,95
2024-09-18 15:09:21.442000,415.4936795705416,15
2024-09-18 15:09:21.461000,415.44519065911777,100
2024-09-18 15:09:21.530000,415.474289308168,1004
2024-09-18 15:09:21.638000,415.4831279868793,995
2024-09-18 15:09:21.642000,415.4392642235621,5
2024-09-18 15:09:21.676000,415.4477657327704,105
2024-09-18 15:09:21.685000,415.4459452094055,1005
2024-09-18 15:09:21.750000,415.4619596216419,1000
2024-09-18 15:09:21.790000,415.4511992965656,10
2024-09-18 15:09:21.807000,415.4606939335901,11
2024-09-18 15:09:21.820000,415.4666747799008,101
2024-09-18 15:09:21.845000,415.4602836433547,1005
2024-09-18 15:09:21.869000,415.4901812901791,1005
2024-09-18 15:09:21.890000,408.8535670017012,9
2024-09-18 15:09:22.060000,415.5406356169281,15
2024-09-18 15:09:22.101000,415.5669150152187,95
2024-09-18 15:09:22.131000,415.5384559489533,104
2024-09-18 15:09:22.152000,415.5026172348768,996
2024-09-18 15:09:22.180000,415.5613106708368,998
2024-09-18 15:09:22.210000,415.52981580906174,98
2024-09-18 15:09:22.286000,415.5514879939103,104
2024-09-18 15:09:22.317000,415.5749852869685,1000
2024-09-18 15:09:22.353000,415.5622151925983,998
2024-09-18 15:09:22.368000,415.5692995525806,98
2024-09-18 15:09:22.369000,415.551653102253,13
2024-09-18 15:09:22.396000,415.5724560275116,998
2024-09-18 15:09:22.431000,415.5468907720168,95
2024-09-18 15:09:22.436000,415.5578443905577,1000
2024-09-18 15:09:22.437000,415.5124297844083,13
2024-09-18 15:09:22.441000,415.5219401596173,15
2024-09-18 15:09:22.446000,415.53860868688366,98
2024-09-18 15:09:22.546000,415.4987774063674,13
2024-09-18 15:09:22.574000,415.55342569910886,100
2024-09-18 15:09:22.582000,415.5450595960273,1005
2024-09-18 15:09:22.777000,415.5228173593368,1003
2024-09-18 15:09:22.791000,415.5689769515309,10
2024-09-18 15:09:22.828000,415.5314116127026,1005
2024-09-18 15:09:22.857000,415.5171406590616,1002
2024-09-18 15:09:22.877000,415.5194691736155,9
2024-09-18 15:09:22.893000,415.5248585978412,101
2024-09-18 15:09:22.930000,415.5499164100536,6
2024-09-18 15:09:22.975000,415.541204819339,14
2024-09-18 15:09:22.987000,415.5239075952461,7
2024-09-18 15:09:22.999000,415.50306393475097,15
2024-09-18 15:09:23.006000,415.5402957206645,1000
2024-09-18 15:09:23.016000,415.5471123427884,99
2024-09-18 15:09:23.022000,415.55064421614463,9
2024-09-18 15:09:23.035000,415.5448105913544,1003
2024-09-18 15:09:23.305000,415.5325681873392,1001
2024-09-18 15:09:23.318000,415.5520636277825,98
2024-09-18 15:09:23.367000,415.5301003966445,99
2024-09-18 15:09:23.399000,415.52628965453454,996
2024-09-18 15:09:23.416000,415.5424228935863,100
2024-09-18 15:09:23.455000,415.547373949198,998
2024-09-18 15:09:23.511000,415.5329639056944,14
2024-09-18 15:09:23.541000,415.5470509875975,998
2024-09-18 15:09:23.561000,415.5482939414202,103
2024-09-18 15:09:23.750000,415.5907739099988,97
2024-09-18 15:09:23.766000,415.5389980728021,13
2024-09-18 15:09:23.841000,415.5818479859082,996
2024-09-18 15:09:23.885000,415.5808969068132,996
2024-09-18 15:09:23.928000,415.54625569067593,100
2024-09-18 15:09:23.990000,415.556834156359,105
2024-09-18 15:09:24.011000,415.51249774193263,103
2024-09-18 15:09:24.016000,415.5350940097349,996
2024-09-18 15:09:24.055000,415.51991328314335,102
2024-09-18 15:09:24.151000,415.5221813964016,101
2024-09-18 15:09:24.246000,415.5489064252975,1004
2024-09-18 15:09:24.276000,415.5452105608576,98
2024-09-18 15:09:24.296000,415.5072605937641,999
2024-09-18 15:09:24.394000,415.5484802639754,6
2024-09-18 15:09:24.488000,415.541097946532,100
2024-09-18 15:09:24.509000,415.5623757483015,98
2024-09-18 15:09:24.607000,415.5055139449076,1002
2024-09-18 15:09:24.713000,415.5707847379824,97
2024-09-18 15:09:24.754000,415.5397763474113,100
2024-09-18 15:09:24.771000,415.5407370358873,1004
2024-09-18 15:09:24.777000,415.5202641757539,95
2024-09-18 15:09:24.853000,415.5462382294549,1000
2024-09-18 15:09:24.897000,415.5282568916981,5
2024-09-18 15:09:24.903000,415.5063584009269,9
2024-09-18 15:09:24.909000,415.52162256509513,95
2024-09-18 15:09:24.930000,415.5127018145481,102
2024-09-18 15:09:24.979000,415.5351843080314,1005
2024-09-18 15:09:24.991000,408.90626728361127,103
2024-09-18 15:09:25.071000,415.5262246011228,1000
2024-09-18 15:09:25.266000,415.5421832784684,997
2024-09-18 15:09:25.279000,415.5571685389218,9
2024-09-18 15:09:25.409000,415.5218795972825,1005
2024-09-18 15:09:25.568000,415.5297447514431,1003
2024-09-18 15:09:25.684000,415.5344120215965,99
2024-09-18 15:09:25.721000,415.5506335236156,1002
2024-09-18 15:09:25.827000,415.5459716742321,1001
2024-09-18 15:09:25.944000,415.5491880585123,10
2024-09-18 15:09:26.020000,415.5469154465978,1001
2024-09-18 15:09:26.034000,415.5397595080845,1003
2024-09-18 15:09:26.087000,415.56130292213606,1004
2024-09-18 15:09:26.089000,415.5703836736985,15
2024-09-18 15:09:26.237000,415.5861998910144,12
2024-09-18 15:09:26.261000,415.5303308939547,103
2024-09-18 15:09:26.358000,415.57717896060274,97
2024-09-18 15:09:26.376000,415.53890132550447,997
2024-09-18 15:09:26.466000,415.6007819835461,95
2024-09-18 15:09:26.533000,415.5994508695503,100
2024-09-18 15:09:26.733000,415.5538271494287,14
2024-09-18 15:09:26.770000,415.5217395764734,8
2024-09-18 15:09:26.818000,415.5326632680785,99
2024-09-18 15:09:26.833000,415.5622646800628,101
2024-09-18 15:09:26.839000,415.5630533328271,15
2024-09-18 15:09:26.843000,415.5644028671551,14
2024-09-18 15:09:26.911000,415.584157957523,9
2024-09-18 15:09:26.917000,415.5693118490953,10
2024-09-18 15:09:26.934000,415.5503211369688,6
2024-09-18 15:09:26.949000,415.57662202279306,103
2024-09-18 15:09:27.051000,415.55661637959184,15
2024-09-18 15:09:27.077000,415.5753187847173,12
2024-09-18 15:09:27.083000,415.5612936023488,98
2024-09-18 15:09:27.185000,415.5914526240818,999
2024-09-18 15:09:27.247000,415.6047973365124,14
2024-09-18 15:09:27.255000,415.61578165616254,100
2024-09-18 15:09:27.273000,415.5721236004978,99
2024-09-18 15:09:27.281000,415.58336475947215,101
2024-09-18 15:09:27.297000,415.60488895834993,996
2024-09-18 15:09:27.314000,415.6114380969856,997
2024-09-18 15:09:27.327000,415.5621303397192,1000
2024-09-18 15:09:27.355000,415.6106419452208,97
2024-09-18 15:09:27.378000,415.5661229484582,100
2024-09-18 15:09:27.429000,415.6020159803799,997
2024-09-18 15:09:27.434000,415.6025343610689,1005
2024-09-18 15:09:27.519000,415.55888679826745,15
2024-09-18 15:09:27.592000,415.58736097729206,14
2024-09-18 15:09:27.697000,415.59339729737655,8
2024-09-18 15:09:27.785000,415.5582618504102,97
2024-09-18 15:09:27.860000,415.56865440851016,14
2024-09-18 15:09:27.950000,415.6019311004092,97
2024-09-18 15:09:27.982000,415.59706964790496,11
2024-09-18 15:09:28.006000,415.6095057333718,100
2024-09-18 15:09:28.134000,415.5968802839532,1003
2024-09-18 15:09:28.302000,415.5448683747673,997
2024-09-18 15:09:28.468000,415.55113075643845,997
2024-09-18 15:09:28.488000,415.58708566372576,10
2024-09-18 15:09:28.671000,415.5518726484688,1003
2024-09-18 15:09:28.717000,415.5572454035545,104
2024-09-18 15:09:28.824000,415.5716541066541,1003
2024-09-18 15:09:28.881000,415.56497307955294,98
2024-09-18 15:09:28.898000,415.5841841280288,1004
2024-09-18 15:09:28.906000,415.5468282044436,999
2024-09-18 15:09:28.923000,415.5654826048541,1004
2024-09-18 15:09:28.924000,415.5468038502717,1001
2024-09-18 15:09:29.109000,415.52759959183584,96
2024-09-18 15:09:29.165000,415.5845140495938,98
2024-09-18 15:09:29.180000,415.5814711776824,997
2024-09-18 15:09:29.286000,415.5385907324581,99
2024-09-18 15:09:29.315000,415.5394598859515,11
2024-09-18 15:09:29.336000,415.5702815086981,1003
2024-09-18 15:09:29.379000,415.5319849780283,6
2024-09-18 15:09:29.510000,415.5572265196639,102
2024-09-18 15:09:29.514000,415.5195977152681,104
2024-09-18 15:09:29.526000,415.5402213784769,995
2024-09-18 15:09:29.594000,415.52543399834633,9
2024-09-18 15:09:29.598000,415.5901008065089,9
2024-09-18 15:09:29.608000,415.5407738347114,8
2024-09-18 15:09:29.622000,415.5082822488551,1001
2024-09-18 15:09:29.635000,415.5672895871868,9
2024-09-18 15:09:29.661000,415.5581678565393,103
2024-09-18 15:09:29.695000,415.5303122324371,1004
2024-09-18 15:09:29.767000,415.5368575144478,7
2024-09-18 15:09:29.789000,415.5571205901823,96
2024-09-18 15:09:29.819000,415.5428800860354,996
2024-09-18 15:09:29.833000,415.6115419834924,104
2024-09-18 15:09:29.859000,415.5129936224717,101
2024-09-18 15:09:29.931000,415.6110367978274,15
2024-09-18 15:09:29.957000,415.5196636601591,12
2024-09-18 15:09:29.968000,415.5491059598524,9
2024-09-18 15:09:29.976000,415.5394111522524,1000
2024-09-18 15:09:29.989000,415.5244447769099,998
2024-09-18 15:09:30.005000,415.4419088081557,5
2024-09-18 15:09:30.022000,415.5675301328824,102
2024-09-18 15:09:30.026000,415.5673482464044,96
2024-09-18 15:09:30.049000,415.4718638213025,1002
2024-09-18 15:09:30.065000,415.59931715898784,1004
2024-09-18 15:09:30.098000,415.4709659156563,97
2024-09-18 15:09:30.164000,415.5054497036736,12
2024-09-18 15:09:30.213000,415.5567340948469,11
2024-09-18 15:09:30.288000,415.4822516061327,998
2024-09-18 15:09:30.289000,415.607961529969,999
2024-09-18 15:09:30.304000,415.52254455662336,1003
2024-09-18 15:09:30.380000,415.5634662119237,7
2024-09-18 15:09:30.382000,415.4879601821913,1004
2024-09-18 15:09:30.390000,415.4391929096223,12
2024-09-18 15:09:30.457000,415.61706296167824,102
2024-09-18 15:09:30.477000,415.5456798048143,101
2024-09-18 15:09:30.521000,415.4739552577696,1005
2024-09-18 15:09:30.546000,415.4524568569924,995
2024-09-18 15:09:30.584000,415.4366079930486,1005
2024-09-18 15:09:30.593000,415.5700171775504,997
2024-09-18 15:09:30.657000,415.5962795366945,11
2024-09-18 15:09:30.712000,415.5698588105131,10
2024-09-18 15:09:30.760000,415.4384013619444,103
2024-09-18 15:09:30.788000,415.43014612963503,995
2024-09-18 15:09:30.809000,415.4473456855188,100
2024-09-18 15:09:30.920000,415.44550862260735,1002
2024-09-18 15:09:30.944000,415.5754086293207,1005
2024-09-18 15:09:30.962000,415.473556869207,5
2024-09-18 15:09:30.972000,415.459091806862,5
2024-09-18 15:09:31.014000,415.44317371914815,11
2024-09-18 15:09:31.066000,415.36627111698334,6
2024-09-18 15:09:31.067000,415.4268904702972,105
2024-09-18 15:09:31.082000,415.4249951559195,12
2024-09-18 15:09:31.164000,415.42109808782703,1003
2024-09-18 15:09:31.176000,415.4279152446754,102
2024-09-18 15:09:31.188000,415.44503871046817,1003
2024-09-18 15:09:31.283000,415.44539281763696,997
2024-09-18 15:09:31.481000,415.4044386482773,5
2024-09-18 15:09:31.500000,415.4118331051187,95
2024-09-18 15:09:31.536000,415.4196167251097,100
2024-09-18 15:09:31.536000,415.4234721638046,102
2024-09-18 15:09:31.571000,415.4235552256024,1005
2024-09-18 15:09:31.598000,415.44103885839377,996
2024-09-18 15:09:31.611000,415.3860184488028,8
2024-09-18 15:09:31.632000,415.41903698416047,7
2024-09-18 15:09:31.639000,415.4379633792053,15
2024-09-18 15:09:31.645000,415.4206208795405,99
2024-09-18 15:09:31.675000,415.4471112869501,12
2024-09-18 15:09:31.761000,415.3867919010238,7
2024-09-18 15:09:31.802000,415.409989846226,1001
2024-09-18 15:09:31.811000,415.42490885339294,104
2024-09-18 15:09:31.898000,415.4166873008781,995
2024-09-18 15:09:31.903000,415.4233217222051,96
2024-09-18 15:09:31.968000,415.4202091596611,102
2024-09-18 15:09:31.982000,415.4253886046427,1002
2024-09-18 15:09:32.045000,415.3776468529401,99
2024-09-18 15:09:32.174000,415.3438268711103,9
2024-09-18 15:09:32.275000,415.3502344750915,98
2024-09-18 15:09:32.649000,415.3395415738707,95
2024-09-18 15:09:32.868000,415.3379108758053,101
2024-09-18 15:09:32.888000,415.3826829880341,10
2024-09-18 15:09:33.033000,415.335256363673,97
2024-09-18 15:09:33.128000,415.3293146389119,105
2024-09-18 15:09:33.133000,415.3379338281464,105
2024-09-18 15:09:33.211000,415.3536759303551,103
2024-09-18 15:09:33.214000,415.3496976651168,11
2024-09-18 15:09:33.217000,415.3254426723401,9
2024-09-18 15:09:33.255000,415.3132249394424,8
2024-09-18 15:09:33.408000,415.33997799057454,10
2024-09-18 15:09:33.528000,415.3106717068102,10
2024-09-18 15:09:33.563000,415.3254179098319,995
2024-09-18 15:09:33.594000,415.310321773968,998
2024-09-18 15:09:33.612000,415.3435029460898,999
2024-09-18 15:09:33.719000,415.3713609048327,10
2024-09-18 15:09:33.743000,415.3617702635432,8
2024-09-18 15:09:33.770000,415.3305049334934,99
2024-09-18 15:09:33.886000,415.3300583388898,98
2024-09-18 15:09:33.934000,415.3231406166732,99
2024-09-18 15:09:33.963000,415.3039711032202,96
2024-09-18 15:09:34.248000,415.29912973314487,97
2024-09-18 15:09:34.552000,415.2779013767089,104
2024-09-18 15:09:34.647000,415.298056591364,1002
2024-09-18 15:09:34.761000,415.3267506923141,6
2024-09-18 15:09:35.242000,415.2664757807767,1003
2024-09-18 15:09:35.256000,415.26523682957526,11
2024-09-18 15:09:35.321000,415.2734824538658,99
2024-09-18 15:09:35.540000,415.3000143428247,6
2024-09-18 15:09:35.566000,415.2679142864654,11
2024-09-18 15:09:35.595000,415.2847741617112,8
2024-09-18 15:09:35.661000,415.2750675650025,997
2024-09-18 15:09:35.741000,415.2772109758536,101
2024-09-18 15:09:35.806000,415.2864377894574,104
2024-09-18 15:09:35.813000,415.2709309285162,12
2024-09-18 15:09:35.819000,415.3006234570168,15
2024-09-18 15:09:36.019000,415.2748199887267,96
2024-09-18 15:09:36.184000,415.23651108274976,97
2024-09-18 15:09:36.276000,415.2690894627554,99
2024-09-18 15:09:36.421000,415.2376402490472,12
2024-09-18 15:09:36.489000,415.2664460981397,996
2024-09-18 15:09:36.599000,415.2544957867218,95
2024-09-18 15:09:36.872000,415.249225318936,14
2024-09-18 15:09:36.922000,415.2352199024413,8
2024-09-18 15:09:36.945000,415.27627651616126,1004
2024-09-18 15:09:37.198000,415.2845278901653,104
2024-09-18 15:09:37.202000,415.3293427968006,997
2024-09-18 15:09:37.206000,415.2848814657887,13
2024-09-18 15:09:37.302000,415.3126700214296,1002
2024-09-18 15:09:37.356000,415.3194989178098,97
2024-09-18 15:09:37.402000,415.2843276132703,104
2024-09-18 15:09:37.426000,415.3203174344574,99
2024-09-18 15:09:37.455000,415.329630475173,1001
2024-09-18 15:09:37.466000,415.2938015931844,6
2024-09-18 15:09:37.487000,415.3437864594213,104
2024-09-18 15:09:37.490000,408.8830780526045,11
2024-09-18 15:09:37.709000,415.3281326574144,14
2024-09-18 15:09:37.718000,415.31571467543847,995
2024-09-18 15:09:37.805000,415.2841460062261,997
2024-09-18 15:09:37.858000,415.3072553096476,14
2024-09-18 15:09:37.866000,415.3322831400958,104
2024-09-18 15:09:37.874000,415.3219776499825,1000
2024-09-18 15:09:37.880000,415.316559402528,997
2024-09-18 15:09:37.927000,415.3172177209345,11
2024-09-18 15:09:37.930000,415.3408266566256,1004
2024-09-18 15:09:37.961000,415.30326566897065,98
2024-09-18 15:09:38.237000,415.3462967751484,998
2024-09-18 15:09:38.300000,415.3281998467724,97
2024-09-18 15:09:38.315000,415.282843187742,996
2024-09-18 15:09:38.378000,415.3533834440124,996
2024-09-18 15:09:38.400000,415.3584304144295,11
2024-09-18 15:09:38.401000,415.2761666962101,105
2024-09-18 15:09:38.438000,415.2602133645545,104
2024-09-18 15:09:38.665000,415.2963925988475,8
2024-09-18 15:09:38.692000,415.294207900901,99
2024-09-18 15:09:38.741000,415.30827635207146,100
2024-09-18 15:09:38.758000,415.27808114618,998
2024-09-18 15:09:38.960000,415.34829272974144,15
2024-09-18 15:09:38.999000,415.33807566439526,9
2024-09-18 15:09:39.018000,415.3111041839227,1004
2024-09-18 15:09:39.044000,415.3234963478467,995
2024-09-18 15:09:39.079000,415.310632987392,104
2024-09-18 15:09:39.113000,415.3179869913254,96
2024-09-18 15:09:39.248000,415.2890305800405,998
2024-09-18 15:09:39.258000,415.32232007084696,1000
2024-09-18 15:09:39.295000,415.3152598235093,997
2024-09-18 15:09:39.300000,415.3125736762491,8
2024-09-18 15:09:39.413000,415.30430483658,7
2024-09-18 15:09:39.414000,415.3098193186316,15
2024-09-18 15:09:39.451000,415.30884051202565,13
2024-09-18 15:09:39.452000,415.3260791055529,1001
2024-09-18 15:09:39.482000,415.32829049440807,997
2024-09-18 15:09:39.532000,415.29401373407694,997
2024-09-18 15:09:39.589000,415.3052682978473,995
2024-09-18 15:09:39.645000,415.3138712356971,7
2024-09-18 15:09:39.649000,415.29441031258136,10
2024-09-18 15:09:39.660000,415.3108913696933,1000
2024-09-18 15:09:39.708000,415.3319445652157,999
2024-09-18 15:09:39.712000,415.3270948788549,104
2024-09-18 15:09:39.729000,415.3009483107981,1002
2024-09-18 15:09:39.744000,415.3391293729862,8
2024-09-18 15:09:39.797000,415.34174145318985,10
2024-09-18 15:09:39.895000,415.2895747311028,9
2024-09-18 15:09:39.920000,415.29411710147286,5
2024-09-18 15:09:40.002000,415.3124774612021,104
2024-09-18 15:09:40.028000,408.88205001906897,9
2024-09-18 15:09:40.117000,415.3154111669922,999
2024-09-18 15:09:40.189000,415.3482700303255,100
2024-09-18 15:09:40.209000,415.3231168923066,1001
2024-09-18 15:09:40.224000,415.32202047831817,14
2024-09-18 15:09:40.224000,415.3218137797442,101
2024-09-18 15:09:40.226000,415.32526770924414,104
2024-09-18 15:09:40.290000,415.3082404356723,104
2024-09-18 15:09:40.322000,415.30831312019296,1005
2024-09-18 15:09:40.325000,415.33371341946406,998
2024-09-18 15:09:40.330000,415.30660725366647,98
2024-09-18 15:09:40.348000,415.3143006329541,1002
2024-09-18 15:09:40.459000,415.2905974255933,15
2024-09-18 15:09:40.521000,415.3065761133293,13
2024-09-18 15:09:40.559000,415.3217876500652,100
2024-09-18 15:09:40.667000,415.3171120597479,95
2024-09-18 15:09:40.702000,415.3147932882784,1002
2024-09-18 15:09:40.768000,415.29162260780726,12
2024-09-18 15:09:40.859000,415.31966538871467,98
2024-09-18 15:09:40.889000,415.30629788986073,104
2024-09-18 15:09:40.905000,415.3073921022644,15
2024-09-18 15:09:41.020000,415.3900260648135,101
2024-09-18 15:09:41.040000,415.38653977796497,96
2024-09-18 15:09:41.266000,415.3801896608361,95
2024-09-18 15:09:41.401000,415.38754030860434,1002
2024-09-18 15:09:41.492000,415.392379296943,1002
2024-09-18 15:09:41.556000,415.3873410598223,1002
2024-09-18 15:09:41.674000,415.3983919396866,995
2024-09-18 15:09:41.809000,415.37399464750257,95
2024-09-18 15:09:41.830000,415.3596164243871,96
2024-09-18 15:09:41.884000,415.386753862472,103
2024-09-18 15:09:41.885000,415.3834580785633,1004
2024-09-18 15:09:42.056000,415.4116336514684,997
2024-09-18 15:09:42.098000,415.4124076318328,5
2024-09-18 15:09:42.130000,415.3932875032136,1004
2024-09-18 15:09:42.143000,415.382150430568,1001
2024-09-18 15:09:42.144000,415.3997909449004,997
2024-09-18 15:09:42.277000,415.3717874451388,996
2024-09-18 15:09:42.319000,415.4269259049256,105
2024-09-18 15:09:42.350000,415.3702507197418,14
2024-09-18 15:09:42.380000,415.3697832547143,7
2024-09-18 15:09:42.399000,415.3976107155399,1000
2024-09-18 15:09:42.403000,415.38688837965566,1003
2024-09-18 15:09:42.493000,415.414213895215,1004
2024-09-18 15:09:42.523000,415.40716576674384,103
2024-09-18 15:09:42.547000,415.3649395690724,1005
2024-09-18 15:09:42.639000,415.3872338328557,997
2024-09-18 15:09:42.646000,415.4177561238924,99
2024-09-18 15:09:42.668000,415.3928859908982,9
2024-09-18 15:09:42.755000,415.3764263725717,998
2024-09-18 15:09:42.773000,415.3813727515659,999
2024-09-18 15:09:42.773000,415.3748092550225,11
2024-09-18 15:09:42.871000,415.3694846025725,7
2024-09-18 15:09:42.893000,415.3880903458629,997
2024-09-18 15:09:42.952000,415.4167887322578,98
2024-09-18 15:09:43.007000,415.3977299040349,14
2024-09-18 15:09:43.080000,415.3575537246044,7
2024-09-18 15:09:43.166000,415.3696048450242,12
2024-09-18 15:09:43.254000,415.3692574811386,102
2024-09-18 15:09:43.300000,415.38141171881176,995
2024-09-18 15:09:43.309000,415.3964116109673,11
2024-09-18 15:09:43.361000,415.34685585466246,1005
2024-09-18 15:09:43.494000,415.4055910996776,9
2024-09-18 15:09:43.653000,415.39770489693535,995
2024-09-18 15:09:43.664000,415.34593518721096,100
2024-09-18 15:09:43.763000,415.3628240829248,105
2024-09-18 15:09:44.010000,415.3940624946823,1004
2024-09-18 15:09:44.028000,415.3651042257943,1000
2024-09-18 15:09:44.052000,415.3741972662778,7
2024-09-18 15:09:44.210000,415.3401878674256,10
2024-09-18 15:09:44.219000,415.3706896948997,6
2024-09-18 15:09:44.281000,415.3707724481342,6
2024-09-18 15:09:44.301000,415.3597546242596,102
2024-09-18 15:09:44.315000,415.35168758547786,99
2024-09-18 15:09:44.350000,415.3760607300461,97
2024-09-18 15:09:44.396000,415.36272142701534,996
2024-09-18 15:09:44.593000,415.3613279008435,6
2024-09-18 15:09:44.652000,415.3910591961989,997
2024-09-18 15:09:44.658000,415.3590856361294,8
2024-09-18 15:09:44.670000,415.370862347326,13
2024-09-18 15:09:44.679000,415.3658451523078,8
2024-09-18 15:09:44.727000,415.38261135906566,6
2024-09-18 15:09:44.768000,415.38797992561473,103
2024-09-18 15:09:44.878000,415.3913970427497,105
2024-09-18 15:09:44.890000,415.3731262935682,15
2024-09-18 15:09:45.055000,415.3991770294237,96
2024-09-18 15:09:45.086000,415.37835161480143,1002
2024-09-18 15:09:45.086000,415.3998486002229,1004
2024-09-18 15:09:45.098000,415.39608878289226,100
2024-09-18 15:09:45.176000,415.3703152316278,11
2024-09-18 15:09:45.202000,415.4014503798173,104
2024-09-18 15:09:45.217000,415.36680877297584,999
2024-09-18 15:09:45.316000,415.4109595208174,100
2024-09-18 15:09:45.523000,415.3787973674732,8
2024-09-18 15:09:45.552000,415.4048765817775,102
2024-09-18 15:09:45.611000,415.3752430696474,1000
2024-09-18 15:09:45.633000,415.394986558828,998
2024-09-18 15:09:45.646000,415.37340829629954,15
2024-09-18 15:09:45.747000,415.41037487148407,999
2024-09-18 15:09:45.779000,415.37447088029614,1000
2024-09-18 15:09:45.793000,415.3960728108643,6
2024-09-18 15:09:45.817000,415.3653074681376,995
2024-09-18 15:09:45.826000,415.3971042817368,11
2024-09-18 15:09:45.911000,415.3512492684787,15
2024-09-18 15:09:46.031000,415.3366288696884,998
2024-09-18 15:09:46.037000,415.3564060980835,1002
2024-09-18 15:09:46.048000,415.3343103467679,1005
2024-09-18 15:09:46.115000,415.3403729764025,95
2024-09-18 15:09:46.188000,415.3629389434548,104
2024-09-18 15:09:46.251000,415.3450149602341,1000
2024-09-18 15:09:46.378000,415.3348917620895,9
2024-09-18 15:09:46.431000,415.3525473596896,15
2024-09-18 15:09:46.437000,415.3350560357086,10
2024-09-18 15:09:46.437000,415.3375479027894,995
2024-09-18 15:09:46.473000,415.3306986906,104
2024-09-18 15:09:46.715000,415.3347308949535,1003
2024-09-18 15:09:46.817000,415.3366718895642,1004
2024-09-18 15:09:46.958000,415.3324591386404,95
2024-09-18 15:09:48.116000,415.3297806603088,6
2024-09-18 15:09:48.145000,415.35668503126254,1000
2024-09-18 15:09:48.249000,415.32925502526086,100
2024-09-18 15:09:48.292000,415.3494937593149,12
2024-09-18 15:09:48.319000,415.3514372945111,9
2024-09-18 15:09:48.414000,415.3618044350694,998
2024-09-18 15:09:48.456000,415.3397910205367,105
2024-09-18 15:09:48.462000,415.3463404271196,1005
2024-09-18 15:09:48.467000,415.3379989933751,1003
2024-09-18 15:09:48.521000,415.3382765900632,996
2024-09-18 15:09:48.571000,415.358468036009,997
2024-09-18 15:09:48.604000,415.3539751470755,12
2024-09-18 15:09:48.690000,415.3439872026829,97
2024-09-18 15:09:48.759000,415.3297056354123,11
2024-09-18 15:09:48.759000,415.3408543034385,15
2024-09-18 15:09:48.814000,415.3324298431064,13
2024-09-18 15:09:48.849000,415.340753489816,102
2024-09-18 15:09:48.849000,415.323718973963,13
2024-09-18 15:09:48.875000,415.3533767339957,15
2024-09-18 15:09:49.233000,415.32626663205,997
2024-09-18 15:09:49.392000,415.3576936194072,998
2024-09-18 15:09:49.410000,415.3198272672706,995
2024-09-18 15:09:49.523000,415.3559963750295,99
2024-09-18 15:09:49.562000,415.3208588666882,999
2024-09-18 15:09:49.716000,415.31469353604336,99
2024-09-18 15:09:49.728000,415.3406938679432,1003
2024-09-18 15:09:49.756000,415.328654459194,997
2024-09-18 15:09:49.924000,415.32488052261135,104
2024-09-18 15:09:50.002000,415.3653063875188,1001
2024-09-18 15:09:50.081000,415.3269437337004,8
2024-09-18 15:09:50.110000,415.3356633427824,1002
2024-09-18 15:09:50.129000,415.2998997285487,1000
2024-09-18 15:09:50.159000,415.379826317605,997
2024-09-18 15:09:50.192000,415.35569576475785,14
2024-09-18 15:09:50.205000,415.3347952443594,998
2024-09-18 15:09:50.208000,415.35056017690334,995
2024-09-18 15:09:50.209000,415.3128179437938,95
2024-09-18 15:09:50.245000,415.3518375629209,7
2024-09-18 15:09:50.258000,415.30608299641545,96
2024-09-18 15:09:50.315000,415.38504283554994,97
2024-09-18 15:09:50.347000,415.38398710408,103
2024-09-18 15:09:50.372000,415.3074623760977,13
2024-09-18 15:09:50.457000,415.3868556811704,97
2024-09-18 15:09:50.531000,415.3436426726244,1001
2024-09-18 15:09:50.560000,415.3017592730985,9
2024-09-18 15:09:50.702000,415.2999441236753,14
2024-09-18 15:09:50.755000,415.3539427042469,96
2024-09-18 15:09:50.779000,415.3884024133939,105
2024-09-18 15:09:50.848000,415.2921305997155,1000
2024-09-18 15:09:50.878000,415.37479747765815,7
2024-09-18 15:09:50.904000,415.31990504706965,1004
2024-09-18 15:09:50.942000,415.36549553207306,96
2024-09-18 15:09:50.949000,415.3745902488168,102
2024-09-18 15:09:51.087000,415.3831557587329,7
2024-09-18 15:09:51.108000,415.3775937469793,95
2024-09-18 15:09:51.132000,415.3972255809584,102
2024-09-18 15:09:51.880000,415.38640626124817,14
2024-09-18 15:09:52.037000,415.362507119751,95
2024-09-18 15:09:52.188000,415.3770571401708,14
2024-09-18 15:09:52.204000,415.3310566343389,1000
2024-09-18 15:09:52.215000,415.3414669120815,97
2024-09-18 15:09:52.264000,415.364157181673,6
2024-09-18 15:09:52.429000,415.3492251939461,8
2024-09-18 15:09:52.705000,415.3859930785564,1000
2024-09-18 15:09:52.764000,415.3413615181637,1002
2024-09-18 15:09:52.820000,415.40025474241867,1003
2024-09-18 15:09:52.996000,415.3318905978256,14
2024-09-18 15:09:53.013000,415.3510038988932,1002
2024-09-18 15:09:53.138000,415.3655326104656,6
2024-09-18 15:09:53.245000,415.3562417322113,1003
2024-09-18 15:09:53.272000,415.35960432301374,99
2024-09-18 15:09:53.479000,415.3750348408905,13
2024-09-18 15:09:53.526000,415.366284223289,995
2024-09-18 15:09:53.535000,415.3838553892268,998
2024-09-18 15:09:53.559000,408.9481280320168,102
2024-09-18 15:09:53.733000,415.3410995816282,1000
2024-09-18 15:09:53.829000,415.35198147069167,12
2024-09-18 15:09:54.071000,415.35349688619874,1003
2024-09-18 15:09:54.516000,415.3518570277749,12
2024-09-18 15:09:54.559000,415.3459274371567,8
2024-09-18 15:09:54.818000,415.3552242751395,12
2024-09-18 15:09:54.884000,415.34133110794136,995
2024-09-18 15:09:55.059000,415.3333177995965,9
2024-09-18 15:09:55.097000,415.3152979369175,97
2024-09-18 15:09:55.201000,415.325711797653,1005
2024-09-18 15:09:55.320000,415.3238382323947,11
2024-09-18 15:09:55.346000,415.3103864029254,98
2024-09-18 15:09:55.465000,415.2826400001401,15
2024-09-18 15:09:55.489000,415.3160797248387,11
2024-09-18 15:09:55.608000,415.3086619401961,12
2024-09-18 15:09:55.691000,415.3180706076435,995
2024-09-18 15:09:55.697000,415.30285322175183,13
2024-09-18 15:09:55.707000,415.3452155241418,1004
2024-09-18 15:09:55.776000,415.3377729492835,100
2024-09-18 15:09:55.867000,415.3060007741543,99
2024-09-18 15:09:55.937000,415.3087323006855,998
2024-09-18 15:09:56.386000,415.3140497057705,1001
2024-09-18 15:09:56.389000,415.3092045636082,1002
2024-09-18 15:09:56.660000,415.31123263801794,95
2024-09-18 15:09:56.681000,415.29899391098064,101
2024-09-18 15:09:56.706000,415.3097907735737,5
2024-09-18 15:09:56.834000,415.2968397873053,100
2024-09-18 15:09:56.898000,415.30737501417815,8
2024-09-18 15:09:56.958000,415.3107695442424,1004
2024-09-18 15:09:57.042000,415.3061789977384,103
2024-09-18 15:09:57.110000,415.27941709560986,105
2024-09-18 15:09:57.513000,415.2865417357695,8
2024-09-18 15:09:57.569000,415.2972779590031,995
2024-09-18 15:09:57.583000,415.30318520336,1001
2024-09-18 15:09:57.748000,415.2852979741359,101
2024-09-18 15:09:57.818000,415.2869911616707,6
2024-09-18 15:09:58.001000,415.2371730816679,9
2024-09-18 15:09:58.022000,415.2770671886319,999
2024-09-18 15:09:58.045000,415.3226799565598,98
2024-09-18 15:09:58.051000,415.2823197673208,95
2024-09-18 15:09:58.078000,415.2916004684901,104
2024-09-18 15:09:58.167000,415.2926209600724,1000
2024-09-18 15:09:58.195000,415.328435807651,102
2024-09-18 15:09:58.281000,415.3150521154082,995
2024-09-18 15:09:58.282000,415.3170099524333,96
2024-09-18 15:09:58.296000,415.2779127813037,102
2024-09-18 15:09:58.307000,415.2829729084,997
2024-09-18 15:09:58.340000,415.2236943218829,6
2024-09-18 15:09:58.412000,415.2532906167695,998
2024-09-18 15:09:58.419000,415.2463284736257,102
2024-09-18 15:09:58.443000,415.3096900166412,104
2024-09-18 15:09:58.496000,415.2561956967209,95
2024-09-18 15:09:58.557000,415.2513418048016,105
2024-09-18 15:09:58.568000,415.30257782981226,97
2024-09-18 15:09:58.627000,415.2715493841195,6
2024-09-18 15:09:58.640000,415.30566105378233,96
2024-09-18 15:09:58.672000,415.2741232220697,103
2024-09-18 15:09:58.759000,415.27863417270527,10
2024-09-18 15:09:59.025000,415.26428669532623,1001
2024-09-18 15:09:59.059000,415.2417487616727,997
2024-09-18 15:09:59.104000,415.2446638151781,1002
2024-09-18 15:09:59.138000,415.2556059789567,997
2024-09-18 15:09:59.177000,415.2453343801608,8
2024-09-18 15:09:59.199000,415.24366031570696,1004
2024-09-18 15:09:59.222000,415.2839698368767,5
2024-09-18 15:09:59.305000,415.2959602879528,5
2024-09-18 15:09:59.311000,415.2429477117328,99
2024-09-18 15:09:59.396000,415.2694603871973,8
2024-09-18 15:09:59.413000,415.2649512107564,13
2024-09-18 15:09:59.452000,415.23229491002417,8
2024-09-18 15:09:59.455000,415.26462527278017,102
2024-09-18 15:09:59.488000,415.2240088758122,103
2024-09-18 15:09:59.636000,415.2242520241865,5
2024-09-18 15:09:59.665000,415.2430929651889,997
2024-09-18 15:09:59.669000,415.2583576428863,1003
2024-09-18 15:09:59.778000,415.25149537657904,10
2024-09-18 15:09:59.838000,415.2609345784296,7
2024-09-18 15:09:59.934000,415.2792540287756,8
2024-09-18 15:09:59.989000,415.2723802764153,96
