Timestamp,Price,Size
2024-09-20 15:41:00.081000,429.4949224700287,996
2024-09-20 15:41:00.136000,429.5272473400974,5
2024-09-20 15:41:00.167000,429.5146596731266,11
2024-09-20 15:41:00.207000,429.4995864342365,1005
2024-09-20 15:41:00.294000,429.4987425532033,1004
2024-09-20 15:41:00.561000,429.501479553195,1002
2024-09-20 15:41:00.664000,429.52751621156335,104
2024-09-20 15:41:00.686000,429.5091526463155,999
2024-09-20 15:41:00.979000,429.5243684129132,13
2024-09-20 15:41:01.020000,429.581252000833,7
2024-09-20 15:41:01.045000,429.58349093978495,101
2024-09-20 15:41:01.077000,429.5741155158884,97
2024-09-20 15:41:01.096000,429.6181628936687,103
2024-09-20 15:41:01.115000,429.5768735765304,97
2024-09-20 15:41:01.122000,429.5751788400635,1002
2024-09-20 15:41:01.128000,429.5876958229421,5
2024-09-20 15:41:01.200000,429.6205720424729,1000
2024-09-20 15:41:01.210000,429.5662782758963,15
2024-09-20 15:41:01.245000,429.57860980711865,1002
2024-09-20 15:41:01.277000,429.6009386841485,102
2024-09-20 15:41:01.371000,429.5640250943035,1002
2024-09-20 15:41:01.382000,429.561033060272,995
2024-09-20 15:41:01.402000,429.5698842881966,10
2024-09-20 15:41:01.420000,429.578072622657,101
2024-09-20 15:41:01.438000,429.5701794702499,8
2024-09-20 15:41:01.486000,429.6070845077421,11
2024-09-20 15:41:01.507000,429.54662713696615,105
2024-09-20 15:41:01.553000,429.6244327239573,15
2024-09-20 15:41:01.693000,429.6155862781071,996
2024-09-20 15:41:01.739000,429.5581083846831,98
2024-09-20 15:41:01.740000,429.5700898558536,11
2024-09-20 15:41:01.743000,429.6305214817898,103
2024-09-20 15:41:01.798000,429.6305553369594,1002
2024-09-20 15:41:01.825000,429.5432960209644,1001
2024-09-20 15:41:01.978000,429.58554754684064,13
2024-09-20 15:41:01.998000,429.63293136315,15
2024-09-20 15:41:02.622000,423.4911551454085,1002
2024-09-20 15:41:02.632000,429.6390550934778,102
2024-09-20 15:41:02.960000,429.62748030404543,7
2024-09-20 15:41:03.016000,429.6059183524863,1005
2024-09-20 15:41:03.037000,429.630757752726,103
2024-09-20 15:41:03.052000,429.62805211059054,99
2024-09-20 15:41:03.054000,429.61120064663686,999
2024-09-20 15:41:03.125000,429.6188079668719,5
2024-09-20 15:41:03.149000,429.6140251516995,6
2024-09-20 15:41:03.255000,429.64984964892056,1001
2024-09-20 15:41:03.274000,429.6473366995551,95
2024-09-20 15:41:03.283000,429.62815486988194,6
2024-09-20 15:41:03.346000,429.5938310701627,99
2024-09-20 15:41:03.414000,429.6113259631977,14
2024-09-20 15:41:03.475000,429.6025609906892,1001
2024-09-20 15:41:03.526000,429.6298240030716,6
2024-09-20 15:41:03.620000,429.6152552085522,105
2024-09-20 15:41:03.874000,429.5955871459078,14
2024-09-20 15:41:03.883000,429.6361600803741,98
2024-09-20 15:41:03.904000,429.61964537019065,101
2024-09-20 15:41:03.957000,429.6057518721094,100
2024-09-20 15:41:03.979000,429.6122699278839,997
2024-09-20 15:41:04.126000,429.65255743523295,999
2024-09-20 15:41:04.207000,429.67241877027726,14
2024-09-20 15:41:04.314000,429.6606635068485,995
2024-09-20 15:41:04.430000,429.6608004950663,9
2024-09-20 15:41:04.734000,429.6561533694559,14
2024-09-20 15:41:05.993000,429.66410647639,7
2024-09-20 15:41:06.039000,429.6513050629504,95
2024-09-20 15:41:06.081000,429.6650549311613,8
2024-09-20 15:41:06.113000,429.654662662662,5
2024-09-20 15:41:06.130000,429.6897932683901,97
2024-09-20 15:41:06.143000,429.666466050259,13
2024-09-20 15:41:06.208000,429.6462163600374,1005
2024-09-20 15:41:06.277000,429.64705240136414,97
2024-09-20 15:41:06.351000,429.6494061231664,998
2024-09-20 15:41:06.383000,429.6578410772098,96
2024-09-20 15:41:06.533000,429.648289702182,104
2024-09-20 15:41:06.591000,429.6856496442099,101
2024-09-20 15:41:06.661000,429.6349154124115,11
2024-09-20 15:41:06.720000,429.6597617635436,101
2024-09-20 15:41:06.742000,429.6490633832229,1002
2024-09-20 15:41:06.751000,429.69962280004,8
2024-09-20 15:41:06.790000,429.6571824400261,100
2024-09-20 15:41:06.797000,429.67788842341696,102
2024-09-20 15:41:06.871000,429.6577088878831,100
2024-09-20 15:41:06.949000,429.6930898246424,997
2024-09-20 15:41:06.993000,429.68837800114215,105
2024-09-20 15:41:07.051000,429.6153781781141,100
2024-09-20 15:41:07.060000,429.6604115404813,1004
2024-09-20 15:41:07.070000,429.594434872353,97
2024-09-20 15:41:07.155000,429.6090266270066,101
2024-09-20 15:41:07.165000,429.6672663287327,12
2024-09-20 15:41:07.190000,429.630844560086,105
2024-09-20 15:41:07.196000,429.65162391811305,996
2024-09-20 15:41:07.243000,429.6277085584682,7
2024-09-20 15:41:07.298000,429.6512948987471,997
2024-09-20 15:41:07.341000,429.5983324899951,1001
2024-09-20 15:41:07.354000,429.58889297583073,5
2024-09-20 15:41:07.364000,429.63599448912896,99
2024-09-20 15:41:07.371000,429.6183132097459,15
2024-09-20 15:41:07.538000,429.6235152666169,995
2024-09-20 15:41:07.546000,429.64907260235634,95
2024-09-20 15:41:07.603000,429.605499174429,998
2024-09-20 15:41:07.634000,429.6481516150173,1003
2024-09-20 15:41:07.648000,429.6125468121114,10
2024-09-20 15:41:07.710000,429.6077649533625,7
2024-09-20 15:41:07.757000,429.6634532829506,100
2024-09-20 15:41:07.837000,429.6620075654994,997
2024-09-20 15:41:07.845000,429.6129644208216,7
2024-09-20 15:41:07.918000,429.6124467362712,98
2024-09-20 15:41:07.967000,429.61308064006784,7
2024-09-20 15:41:08.013000,429.5767119789968,1001
2024-09-20 15:41:08.032000,429.59641369936486,1002
2024-09-20 15:41:08.112000,429.5751259212309,15
2024-09-20 15:41:08.166000,429.6370675217403,1000
2024-09-20 15:41:08.398000,429.637968002532,12
2024-09-20 15:41:08.450000,429.6013127057771,5
2024-09-20 15:41:08.724000,429.64785849180055,105
2024-09-20 15:41:08.853000,429.5795355719224,1005
2024-09-20 15:41:09.093000,429.5714612986204,1004
2024-09-20 15:41:09.180000,429.5692874479921,998
2024-09-20 15:41:09.324000,429.549287693204,5
2024-09-20 15:41:09.512000,429.5676712225056,104
2024-09-20 15:41:09.544000,429.56512284764096,1002
2024-09-20 15:41:09.549000,429.580860980997,6
2024-09-20 15:41:09.663000,429.5889327830892,103
2024-09-20 15:41:10.006000,429.5370863185258,97
2024-09-20 15:41:10.037000,429.4849718129557,1002
2024-09-20 15:41:10.054000,429.4847918815712,997
2024-09-20 15:41:10.064000,429.5285312974056,104
2024-09-20 15:41:10.107000,429.5016542900265,1004
2024-09-20 15:41:10.132000,429.550061391424,104
2024-09-20 15:41:10.205000,429.5501532438836,96
2024-09-20 15:41:10.218000,429.48762799949947,9
2024-09-20 15:41:10.333000,429.4939048556908,8
2024-09-20 15:41:10.339000,429.5528459332154,103
2024-09-20 15:41:10.436000,429.525247446891,101
2024-09-20 15:41:10.489000,429.49251379269305,100
2024-09-20 15:41:10.504000,429.4936259235066,8
2024-09-20 15:41:10.517000,429.53186600121,7
2024-09-20 15:41:10.542000,429.5536746167708,6
2024-09-20 15:41:10.577000,429.5237877236945,6
2024-09-20 15:41:10.627000,429.4935138725987,8
2024-09-20 15:41:10.634000,429.5556611391091,102
2024-09-20 15:41:10.722000,429.5333775407965,6
2024-09-20 15:41:10.726000,429.4883112993013,5
2024-09-20 15:41:10.732000,429.5340623477927,101
2024-09-20 15:41:10.750000,429.5555934846879,9
2024-09-20 15:41:10.753000,429.55081049026455,13
2024-09-20 15:41:10.884000,429.5539200248435,997
2024-09-20 15:41:10.890000,429.5449067769056,98
2024-09-20 15:41:10.907000,429.5431040811241,1000
2024-09-20 15:41:10.943000,429.54232303389824,997
2024-09-20 15:41:11.095000,429.41472373478615,100
2024-09-20 15:41:11.123000,429.4699718400412,11
2024-09-20 15:41:11.158000,429.45258300301305,11
2024-09-20 15:41:11.161000,429.4760214771029,95
2024-09-20 15:41:11.300000,429.4949149330525,104
2024-09-20 15:41:11.380000,429.4567534692748,98
2024-09-20 15:41:11.412000,429.4821324168871,14
2024-09-20 15:41:11.426000,429.4267823819084,5
2024-09-20 15:41:11.450000,429.4858747668387,11
2024-09-20 15:41:11.523000,429.432159147632,15
2024-09-20 15:41:11.545000,429.36510390971233,1000
2024-09-20 15:41:11.550000,429.46284190957215,995
2024-09-20 15:41:11.555000,429.4189936967264,10
2024-09-20 15:41:11.625000,429.4812070860731,1000
2024-09-20 15:41:11.711000,429.3820737987685,1000
2024-09-20 15:41:11.736000,429.3883908465456,8
2024-09-20 15:41:11.768000,429.39360721940034,104
2024-09-20 15:41:11.858000,429.3825299509916,96
2024-09-20 15:41:11.935000,429.437770384336,96
2024-09-20 15:41:11.957000,429.4302404302835,997
2024-09-20 15:41:12.029000,429.41983543274046,999
2024-09-20 15:41:12.162000,429.4354552610868,100
2024-09-20 15:41:12.167000,429.40537861901936,12
2024-09-20 15:41:12.208000,429.4318402542986,6
2024-09-20 15:41:12.235000,429.429032476605,8
2024-09-20 15:41:12.390000,429.4326464217291,105
2024-09-20 15:41:12.402000,429.4619931755984,8
2024-09-20 15:41:12.622000,429.4338122864697,10
2024-09-20 15:41:12.739000,429.42867189281776,101
2024-09-20 15:41:12.755000,429.3867607335658,10
2024-09-20 15:41:12.799000,429.4349952761464,1004
2024-09-20 15:41:12.835000,429.4094832824278,96
2024-09-20 15:41:12.871000,429.4476485901709,95
2024-09-20 15:41:12.884000,429.4320720078276,998
2024-09-20 15:41:12.886000,429.4645525823705,999
2024-09-20 15:41:12.888000,429.4205317193356,96
2024-09-20 15:41:12.901000,429.4115028469191,95
2024-09-20 15:41:12.947000,429.4140066732723,8
2024-09-20 15:41:12.971000,429.3924882459405,14
2024-09-20 15:41:12.984000,429.4428796269396,100
2024-09-20 15:41:12.996000,429.431854487963,5
2024-09-20 15:41:13.129000,429.40324082329874,11
2024-09-20 15:41:13.159000,429.3802141827384,998
2024-09-20 15:41:13.162000,429.3975494081889,13
2024-09-20 15:41:13.200000,429.3933831436881,103
2024-09-20 15:41:13.223000,429.37694701295806,96
2024-09-20 15:41:13.231000,429.381370368638,999
2024-09-20 15:41:13.278000,429.4025261474184,997
2024-09-20 15:41:13.345000,429.4035781178065,102
2024-09-20 15:41:13.354000,429.3808312430068,96
2024-09-20 15:41:13.356000,429.3642120015472,12
2024-09-20 15:41:13.372000,429.3878537388514,1001
2024-09-20 15:41:13.484000,429.37133258404936,95
2024-09-20 15:41:13.556000,429.40168960835774,104
2024-09-20 15:41:13.580000,429.4229029402489,95
2024-09-20 15:41:13.658000,429.4099320684516,98
2024-09-20 15:41:13.688000,429.39272427846055,104
2024-09-20 15:41:13.719000,429.38363954257625,12
2024-09-20 15:41:13.802000,429.3895381489101,14
2024-09-20 15:41:13.837000,429.4005980865365,14
2024-09-20 15:41:13.853000,429.376173847206,14
2024-09-20 15:41:13.876000,429.404149597664,1004
2024-09-20 15:41:13.893000,429.3858926740744,103
2024-09-20 15:41:13.933000,429.3833060472712,104
2024-09-20 15:41:13.952000,429.4065819387897,102
2024-09-20 15:41:15.020000,429.4496947120477,998
2024-09-20 15:41:15.028000,429.45950954154273,8
2024-09-20 15:41:15.043000,429.4590592875869,997
2024-09-20 15:41:15.178000,429.4813577755484,997
2024-09-20 15:41:15.214000,429.532230243678,997
2024-09-20 15:41:15.284000,429.5565715789042,101
2024-09-20 15:41:15.361000,429.538011109878,105
2024-09-20 15:41:15.413000,429.5112924872467,1005
2024-09-20 15:41:15.481000,429.4899823493613,101
2024-09-20 15:41:15.556000,429.5348529734263,6
2024-09-20 15:41:15.701000,429.5583878409629,96
2024-09-20 15:41:15.780000,429.4178017369454,5
2024-09-20 15:41:15.792000,429.4795499082885,14
2024-09-20 15:41:15.832000,429.49503521382655,105
2024-09-20 15:41:15.844000,429.4616528005744,98
2024-09-20 15:41:15.933000,429.45418978421225,102
2024-09-20 15:41:16.007000,429.5864396360741,1005
2024-09-20 15:41:16.035000,429.5823560272048,96
2024-09-20 15:41:16.110000,429.5547570991138,13
2024-09-20 15:41:16.145000,429.581020659393,104
2024-09-20 15:41:16.167000,429.5812032052245,99
2024-09-20 15:41:16.189000,429.558969194721,97
2024-09-20 15:41:16.189000,429.6244111434575,1000
2024-09-20 15:41:16.231000,429.56819009996514,104
2024-09-20 15:41:16.276000,429.5688012663198,11
2024-09-20 15:41:16.277000,429.6020038639915,12
2024-09-20 15:41:16.281000,429.653010063851,13
2024-09-20 15:41:16.379000,429.5702058665589,1002
2024-09-20 15:41:16.547000,429.603892236948,97
2024-09-20 15:41:16.550000,429.55360093180553,13
2024-09-20 15:41:16.568000,429.5803526580012,10
2024-09-20 15:41:16.622000,429.5878675477199,97
2024-09-20 15:41:16.715000,429.5853182767373,14
2024-09-20 15:41:16.775000,429.5608894197785,11
2024-09-20 15:41:16.808000,429.5679187438159,99
2024-09-20 15:41:16.844000,429.5823066260275,1005
2024-09-20 15:41:16.874000,429.5590996584304,995
2024-09-20 15:41:16.876000,429.64988890799486,6
2024-09-20 15:41:16.917000,429.6158822465327,7
2024-09-20 15:41:16.948000,429.5518933102282,1000
2024-09-20 15:41:16.972000,429.62662060979306,14
2024-09-20 15:41:17.120000,429.6194018265975,101
2024-09-20 15:41:17.176000,429.6157870982784,10
2024-09-20 15:41:17.197000,429.6187158983215,999
2024-09-20 15:41:17.418000,429.6481835396109,995
2024-09-20 15:41:17.482000,429.630077644507,104
2024-09-20 15:41:17.537000,429.618478462566,1001
2024-09-20 15:41:17.626000,429.6188833463722,1001
2024-09-20 15:41:17.668000,429.6268950966762,97
2024-09-20 15:41:17.669000,429.6615822986717,999
2024-09-20 15:41:17.739000,429.6248240943427,1003
2024-09-20 15:41:17.924000,429.61125956771184,96
2024-09-20 15:41:18.044000,429.6311954417315,11
2024-09-20 15:41:18.394000,429.6336079834886,8
2024-09-20 15:41:18.748000,429.63217991823245,1005
2024-09-20 15:41:18.800000,429.6283537711629,99
2024-09-20 15:41:19.245000,423.4556697404738,1000
2024-09-20 15:41:19.253000,429.6831512182995,9
2024-09-20 15:41:19.395000,429.6341079157119,100
2024-09-20 15:41:19.550000,429.6527419211228,999
2024-09-20 15:41:19.616000,429.6838985550304,98
2024-09-20 15:41:19.840000,429.67872324008056,999
2024-09-20 15:41:19.935000,429.67726800766377,995
2024-09-20 15:41:20.052000,429.6548242509741,11
2024-09-20 15:41:20.065000,429.6291717783838,996
2024-09-20 15:41:20.114000,429.5634700554523,6
2024-09-20 15:41:20.143000,429.5813824712228,1002
2024-09-20 15:41:20.197000,429.65765207442,1000
2024-09-20 15:41:20.259000,429.57754641096665,1004
2024-09-20 15:41:20.289000,429.6201529899402,105
2024-09-20 15:41:20.303000,429.6651358865688,10
2024-09-20 15:41:20.316000,429.6602277195024,13
2024-09-20 15:41:20.328000,429.6573913304518,10
2024-09-20 15:41:20.418000,429.6490436775379,98
2024-09-20 15:41:20.422000,429.65494166391017,14
2024-09-20 15:41:20.482000,429.6502910064958,14
2024-09-20 15:41:20.495000,429.6818651563739,96
2024-09-20 15:41:20.506000,429.6415892515065,95
2024-09-20 15:41:20.593000,429.625354525961,6
2024-09-20 15:41:20.608000,429.6206627870944,15
2024-09-20 15:41:20.715000,429.6437380670839,98
2024-09-20 15:41:20.731000,429.6259107035822,998
2024-09-20 15:41:20.734000,429.6474746657132,999
2024-09-20 15:41:20.740000,429.6782763296481,102
2024-09-20 15:41:20.741000,429.5966429394431,9
2024-09-20 15:41:20.818000,429.669429464288,996
2024-09-20 15:41:20.844000,429.6101262133415,104
2024-09-20 15:41:20.882000,429.6389484021014,1000
2024-09-20 15:41:20.887000,429.6398001400971,15
2024-09-20 15:41:20.988000,429.66386075758913,100
2024-09-20 15:41:21.046000,429.5628531050812,15
2024-09-20 15:41:21.056000,429.5555724566237,8
2024-09-20 15:41:21.090000,429.53564269561264,1004
2024-09-20 15:41:21.253000,429.5365724247992,6
2024-09-20 15:41:21.331000,429.5652962853405,14
2024-09-20 15:41:21.418000,429.5590491757875,1001
2024-09-20 15:41:21.464000,429.54753358018144,1004
2024-09-20 15:41:21.714000,429.561496237332,98
2024-09-20 15:41:22.024000,429.38761264416974,103
2024-09-20 15:41:22.051000,429.4886239462854,7
2024-09-20 15:41:22.183000,429.526752942832,1004
2024-09-20 15:41:22.292000,429.45185578576974,1000
2024-09-20 15:41:22.339000,429.4708612506234,101
2024-09-20 15:41:22.367000,429.4541241069758,95
2024-09-20 15:41:22.430000,429.4781205964667,98
2024-09-20 15:41:22.485000,429.4205692390915,995
2024-09-20 15:41:22.495000,429.3950499948243,10
2024-09-20 15:41:22.502000,429.47023566846985,13
2024-09-20 15:41:22.586000,429.46797279741367,10
2024-09-20 15:41:22.600000,429.44053136933496,103
2024-09-20 15:41:22.607000,429.4499605549722,96
2024-09-20 15:41:22.691000,429.4594706610284,15
2024-09-20 15:41:22.692000,429.4062700134959,104
2024-09-20 15:41:22.696000,429.392175169084,103
2024-09-20 15:41:22.746000,429.5023365381812,1005
2024-09-20 15:41:22.792000,429.4696777204579,1003
2024-09-20 15:41:22.834000,429.4649149614105,1000
2024-09-20 15:41:22.891000,429.492411319005,104
2024-09-20 15:41:22.909000,429.4502651134118,1001
2024-09-20 15:41:22.944000,429.4673428816957,998
2024-09-20 15:41:22.954000,429.4649465268212,999
2024-09-20 15:41:22.988000,429.516455554201,10
2024-09-20 15:41:23.120000,429.4007786753629,996
2024-09-20 15:41:23.388000,429.4309300238136,996
2024-09-20 15:41:23.420000,429.4035373255839,1000
2024-09-20 15:41:23.487000,429.4103636724981,104
2024-09-20 15:41:23.493000,429.398059091931,10
2024-09-20 15:41:23.568000,429.4131916537772,13
2024-09-20 15:41:23.625000,429.4047704861378,7
2024-09-20 15:41:23.647000,429.3971445398531,1005
2024-09-20 15:41:23.714000,429.4189371314203,997
2024-09-20 15:41:23.721000,429.4090038970771,1000
2024-09-20 15:41:23.815000,429.38988151563393,5
2024-09-20 15:41:23.959000,429.40514134339065,15
2024-09-20 15:41:23.990000,429.4225062158292,5
2024-09-20 15:41:24.109000,429.4021547401089,12
2024-09-20 15:41:24.229000,429.3832698819088,1004
2024-09-20 15:41:24.307000,429.3947267210237,99
2024-09-20 15:41:24.335000,429.3965386637864,95
2024-09-20 15:41:24.388000,429.3978050224337,100
2024-09-20 15:41:24.425000,429.4001544432596,105
2024-09-20 15:41:24.444000,429.377218128402,101
2024-09-20 15:41:24.476000,429.37850663821706,104
2024-09-20 15:41:24.503000,429.3981918106231,103
2024-09-20 15:41:24.559000,429.3926932113935,9
2024-09-20 15:41:24.683000,429.413990377526,999
2024-09-20 15:41:24.692000,429.3786014753416,1003
2024-09-20 15:41:24.700000,429.41359464782806,13
2024-09-20 15:41:24.719000,429.3908017873482,98
2024-09-20 15:41:24.862000,429.39509919360927,11
2024-09-20 15:41:24.903000,429.395675802782,15
2024-09-20 15:41:24.954000,429.4136505036834,8
2024-09-20 15:41:25.971000,423.34700180039584,1005
2024-09-20 15:41:26.026000,429.3737062878952,1005
2024-09-20 15:41:26.524000,429.36926427051816,100
2024-09-20 15:41:27.151000,429.3424928933514,1001
2024-09-20 15:41:27.162000,429.3637210337056,10
2024-09-20 15:41:27.202000,429.3663074730747,1003
2024-09-20 15:41:27.217000,429.3291358004231,7
2024-09-20 15:41:27.252000,429.3489677121681,102
2024-09-20 15:41:27.279000,429.3582653154365,97
2024-09-20 15:41:27.297000,429.3595133041768,11
2024-09-20 15:41:27.485000,429.3392587453175,5
2024-09-20 15:41:27.505000,429.36802893622826,14
2024-09-20 15:41:27.774000,429.351127405615,6
2024-09-20 15:41:27.827000,429.3328782546648,97
2024-09-20 15:41:27.832000,429.3618904070358,101
2024-09-20 15:41:27.873000,429.35152295834513,7
2024-09-20 15:41:28.075000,429.3023285381954,998
2024-09-20 15:41:28.182000,429.3242197950721,1001
2024-09-20 15:41:28.455000,429.2917043511925,5
2024-09-20 15:41:28.469000,429.2984373278717,8
2024-09-20 15:41:28.724000,429.2905802044028,1003
2024-09-20 15:41:28.852000,429.3078967478506,1000
2024-09-20 15:41:28.894000,429.29840727561367,5
2024-09-20 15:41:29.098000,429.2567586558605,11
2024-09-20 15:41:29.143000,429.2549990561087,15
2024-09-20 15:41:29.471000,429.2605964566529,99
2024-09-20 15:41:29.519000,429.2484507605,15
2024-09-20 15:41:29.621000,429.2686388084619,1001
2024-09-20 15:41:29.688000,429.27815370994114,995
2024-09-20 15:41:30.013000,429.2147755307281,8
2024-09-20 15:41:30.021000,429.2664581581895,99
2024-09-20 15:41:30.044000,429.2056428388981,9
2024-09-20 15:41:30.051000,429.1999409202147,96
2024-09-20 15:41:30.140000,429.2195662594029,98
2024-09-20 15:41:30.150000,429.1673435253445,7
2024-09-20 15:41:30.183000,429.1657387554139,11
2024-09-20 15:41:30.214000,429.20522724904936,5
2024-09-20 15:41:30.228000,429.2593725951264,103
2024-09-20 15:41:30.349000,429.1887951175752,103
2024-09-20 15:41:30.360000,429.22476901903775,98
2024-09-20 15:41:30.383000,429.2477118764842,104
2024-09-20 15:41:30.447000,429.20844804913776,13
2024-09-20 15:41:30.532000,429.1794238298591,995
2024-09-20 15:41:30.534000,429.2144194246416,996
2024-09-20 15:41:30.566000,429.1514323294782,6
2024-09-20 15:41:30.640000,429.24847632487234,104
2024-09-20 15:41:30.803000,429.2041036275329,6
2024-09-20 15:41:30.978000,429.2456716672434,1004
2024-09-20 15:41:30.986000,429.1895342745706,1004
2024-09-20 15:41:31.117000,429.2665248711433,6
2024-09-20 15:41:31.231000,429.2702511384464,96
2024-09-20 15:41:31.300000,429.2829167411292,998
2024-09-20 15:41:31.485000,429.2688446289274,995
2024-09-20 15:41:31.650000,429.2717961572188,13
2024-09-20 15:41:31.785000,429.25907468975856,996
2024-09-20 15:41:31.797000,429.23959579421455,1001
2024-09-20 15:41:31.890000,429.2577953737464,1004
2024-09-20 15:41:31.943000,429.2829815050473,998
2024-09-20 15:41:32.188000,429.3248812274594,9
2024-09-20 15:41:32.246000,429.3534332055056,101
2024-09-20 15:41:32.250000,429.259415034333,12
2024-09-20 15:41:32.297000,429.31608881638056,6
2024-09-20 15:41:32.322000,429.2869930409124,5
2024-09-20 15:41:32.392000,429.3102478693137,95
2024-09-20 15:41:32.428000,429.2998101764295,105
2024-09-20 15:41:32.444000,429.2960597161348,105
2024-09-20 15:41:32.498000,429.2952050622828,10
2024-09-20 15:41:32.547000,429.32552126647727,95
2024-09-20 15:41:32.559000,429.2990192567889,12
2024-09-20 15:41:32.592000,429.2877379765193,1001
2024-09-20 15:41:32.616000,429.28039236570135,1002
2024-09-20 15:41:32.618000,429.2710989037604,997
2024-09-20 15:41:32.639000,429.2998019635557,13
2024-09-20 15:41:32.647000,423.3037410136021,1004
2024-09-20 15:41:32.693000,429.2596467609852,95
2024-09-20 15:41:32.778000,429.33716127432,100
2024-09-20 15:41:32.786000,429.3098303294832,1001
2024-09-20 15:41:32.817000,429.2510950645533,97
2024-09-20 15:41:32.871000,429.300090425412,99
2024-09-20 15:41:32.887000,429.2704269769782,104
2024-09-20 15:41:32.950000,429.3493668885917,999
2024-09-20 15:41:32.967000,429.2507427914899,5
2024-09-20 15:41:33.019000,429.3553867695876,95
2024-09-20 15:41:33.053000,429.4058330592836,995
2024-09-20 15:41:33.100000,429.4473907766604,15
2024-09-20 15:41:33.146000,429.3404463386461,997
2024-09-20 15:41:33.168000,429.41484722993926,999
2024-09-20 15:41:33.223000,429.38843891639937,7
2024-09-20 15:41:33.324000,429.39554799717706,6
2024-09-20 15:41:33.336000,429.3722871438865,1002
2024-09-20 15:41:33.392000,429.340033835278,8
2024-09-20 15:41:33.414000,429.3808100246675,96
2024-09-20 15:41:33.465000,429.35265246263793,5
2024-09-20 15:41:33.513000,429.3637014272327,12
2024-09-20 15:41:33.530000,429.412863516008,99
2024-09-20 15:41:33.542000,429.33842814071335,102
2024-09-20 15:41:33.576000,429.315040401357,99
2024-09-20 15:41:33.603000,429.3470074342958,1003
2024-09-20 15:41:33.768000,429.30969891614,995
2024-09-20 15:41:33.772000,429.4297971318739,98
2024-09-20 15:41:33.812000,429.3712040413062,1004
2024-09-20 15:41:33.833000,429.3479816132367,99
2024-09-20 15:41:33.833000,429.3619878019405,1002
2024-09-20 15:41:33.855000,429.36267889218,1002
2024-09-20 15:41:33.856000,429.3518481871407,97
2024-09-20 15:41:33.860000,429.3210744998778,995
2024-09-20 15:41:33.932000,429.3503618837815,99
2024-09-20 15:41:33.936000,429.4043101445638,995
2024-09-20 15:41:33.996000,429.4239483977702,7
2024-09-20 15:41:34.010000,429.4942625600135,1002
2024-09-20 15:41:34.016000,429.5879586981378,1004
2024-09-20 15:41:34.141000,429.4717943299967,101
2024-09-20 15:41:34.142000,429.5089178207694,997
2024-09-20 15:41:34.185000,429.513752852394,97
2024-09-20 15:41:34.233000,429.5061030113368,1001
2024-09-20 15:41:34.239000,429.5682343054581,1001
2024-09-20 15:41:34.311000,429.499359539736,6
2024-09-20 15:41:34.320000,429.5439720136734,996
2024-09-20 15:41:34.397000,429.4903851659584,8
2024-09-20 15:41:34.588000,429.4896844843052,999
2024-09-20 15:41:34.710000,429.4896567842421,103
2024-09-20 15:41:34.813000,429.48578492604486,1001
2024-09-20 15:41:35.060000,429.5765452527319,95
2024-09-20 15:41:35.114000,429.5695451203767,15
2024-09-20 15:41:35.133000,429.5578914877143,1004
2024-09-20 15:41:35.147000,429.56723393113714,1004
2024-09-20 15:41:35.225000,429.5590991309021,997
2024-09-20 15:41:35.238000,429.6153405102445,8
2024-09-20 15:41:35.243000,429.5724188155507,10
2024-09-20 15:41:35.290000,429.5786659151853,997
2024-09-20 15:41:35.299000,429.5766401957218,98
2024-09-20 15:41:35.335000,429.5618356329215,103
2024-09-20 15:41:35.360000,429.5863257657364,6
2024-09-20 15:41:35.417000,429.5528936643903,95
2024-09-20 15:41:35.466000,429.6109607845298,14
2024-09-20 15:41:35.528000,429.58363382854384,1000
2024-09-20 15:41:35.569000,429.5700419168748,98
2024-09-20 15:41:35.581000,429.56338149617545,996
2024-09-20 15:41:35.596000,429.58618465365794,98
2024-09-20 15:41:35.708000,429.5500052516716,105
2024-09-20 15:41:35.726000,429.6019082666647,5
2024-09-20 15:41:35.730000,429.5706242462697,1004
2024-09-20 15:41:35.795000,423.39599130724855,105
2024-09-20 15:41:35.850000,429.5745795246722,103
2024-09-20 15:41:35.969000,429.58789525067823,999
2024-09-20 15:41:35.992000,429.59957460483895,1000
2024-09-20 15:41:36.003000,429.5361396956076,13
2024-09-20 15:41:36.047000,429.5437263449092,7
2024-09-20 15:41:36.064000,429.56316002552194,95
2024-09-20 15:41:36.095000,429.4771970266288,105
2024-09-20 15:41:36.177000,429.4963894102206,15
2024-09-20 15:41:36.192000,429.46539303832935,1001
2024-09-20 15:41:36.260000,429.4642403690879,8
2024-09-20 15:41:36.411000,423.4210663240757,996
2024-09-20 15:41:36.804000,429.45710913509566,99
2024-09-20 15:41:36.846000,429.5399985496213,14
2024-09-20 15:41:36.902000,429.5058071866056,996
2024-09-20 15:41:36.926000,429.4839017916818,96
2024-09-20 15:41:36.940000,429.4999649996522,95
2024-09-20 15:41:37.057000,429.46277208442194,104
2024-09-20 15:41:37.075000,429.4436795259825,103
2024-09-20 15:41:37.339000,429.4704528856336,12
2024-09-20 15:41:37.393000,429.4605484129685,7
2024-09-20 15:41:37.402000,429.4421848915285,102
2024-09-20 15:41:37.424000,429.4919303894631,5
2024-09-20 15:41:37.427000,429.4556570792906,999
2024-09-20 15:41:37.452000,429.4671627446431,9
2024-09-20 15:41:37.540000,429.4476567628904,10
2024-09-20 15:41:37.675000,429.4367710295438,103
2024-09-20 15:41:37.714000,429.4729951897608,104
2024-09-20 15:41:37.727000,429.4804542227747,1003
2024-09-20 15:41:37.778000,429.4722123639767,95
2024-09-20 15:41:37.804000,429.4660186340666,1000
2024-09-20 15:41:37.842000,429.4655077731926,95
2024-09-20 15:41:37.859000,429.45167335493136,12
2024-09-20 15:41:37.878000,429.458376310949,1004
2024-09-20 15:41:37.974000,429.49235653546367,997
2024-09-20 15:41:37.978000,429.4467331808642,12
2024-09-20 15:41:38.132000,429.4212608558672,98
2024-09-20 15:41:38.136000,429.4042245794632,999
2024-09-20 15:41:38.617000,429.42872971649376,97
2024-09-20 15:41:39.038000,429.34407886263216,1000
2024-09-20 15:41:39.062000,429.3139068876533,95
2024-09-20 15:41:39.099000,429.3322215430551,998
2024-09-20 15:41:39.142000,429.3277924115352,104
2024-09-20 15:41:39.242000,429.3967466608291,97
2024-09-20 15:41:39.262000,429.3602197776835,1000
2024-09-20 15:41:39.296000,429.3355423403739,1002
2024-09-20 15:41:39.303000,429.3768496737988,96
2024-09-20 15:41:39.312000,429.3177353004145,1003
2024-09-20 15:41:39.352000,429.4082292034641,7
2024-09-20 15:41:39.408000,429.3084981869908,100
2024-09-20 15:41:39.409000,429.3292769069545,101
2024-09-20 15:41:39.476000,429.4143860713074,995
2024-09-20 15:41:39.499000,429.33257243311954,5
2024-09-20 15:41:39.598000,429.3521209267022,97
2024-09-20 15:41:39.619000,429.3107944640195,9
2024-09-20 15:41:39.635000,429.4110655267763,1004
2024-09-20 15:41:39.650000,429.38534335744544,1000
2024-09-20 15:41:39.684000,429.39603286836814,8
2024-09-20 15:41:39.739000,429.3346034700397,1001
2024-09-20 15:41:39.756000,429.3921562702595,96
2024-09-20 15:41:39.793000,429.403962103513,1001
2024-09-20 15:41:39.804000,429.4191614781114,14
2024-09-20 15:41:39.875000,429.34291855656153,995
2024-09-20 15:41:39.902000,429.3359175221299,102
2024-09-20 15:41:39.932000,429.4059643214164,13
2024-09-20 15:41:39.979000,429.3293501325332,8
2024-09-20 15:41:40.376000,429.314983170281,95
2024-09-20 15:41:40.495000,429.3122528767525,995
2024-09-20 15:41:40.585000,429.30659908322497,102
2024-09-20 15:41:40.989000,429.304133155495,999
2024-09-20 15:41:41.080000,429.3346797149476,6
2024-09-20 15:41:41.148000,429.43543351940735,996
2024-09-20 15:41:41.261000,429.3232793903461,998
2024-09-20 15:41:41.286000,429.4251263622338,996
2024-09-20 15:41:41.299000,429.4013868487793,100
2024-09-20 15:41:41.342000,429.3291473917535,8
2024-09-20 15:41:41.358000,429.4390132664871,1000
2024-09-20 15:41:41.489000,429.3120721229633,104
2024-09-20 15:41:41.509000,429.44029987867896,103
2024-09-20 15:41:41.556000,429.3862077379958,101
2024-09-20 15:41:41.595000,429.43172290808593,95
2024-09-20 15:41:41.694000,429.352266697904,1003
2024-09-20 15:41:41.694000,429.4614265225098,12
2024-09-20 15:41:41.706000,429.4339846685176,103
2024-09-20 15:41:41.724000,423.3108953544025,1001
2024-09-20 15:41:41.780000,429.3285840306559,95
2024-09-20 15:41:41.798000,429.4423888915064,997
2024-09-20 15:41:41.825000,429.4234151252595,101
2024-09-20 15:41:41.864000,429.3167546241632,998
2024-09-20 15:41:41.904000,429.3163813291752,103
2024-09-20 15:41:41.915000,429.3894311923067,105
2024-09-20 15:41:41.955000,429.314737201459,6
2024-09-20 15:41:42.001000,429.44058075278616,102
2024-09-20 15:41:42.018000,429.43055731332106,1000
2024-09-20 15:41:42.133000,429.44174713038086,10
2024-09-20 15:41:42.150000,429.4543196675353,1000
2024-09-20 15:41:42.163000,429.4316568438792,997
2024-09-20 15:41:42.186000,429.4500158364987,7
2024-09-20 15:41:42.190000,423.2750987382568,1004
2024-09-20 15:41:42.202000,429.4715689931804,7
2024-09-20 15:41:42.230000,429.4634338273592,996
2024-09-20 15:41:42.247000,429.42998527453625,15
2024-09-20 15:41:42.289000,429.4370571448084,995
2024-09-20 15:41:42.296000,429.43241973315554,97
2024-09-20 15:41:42.365000,429.4344201776572,14
2024-09-20 15:41:42.529000,429.4319818202798,14
2024-09-20 15:41:42.583000,429.43448678883664,101
2024-09-20 15:41:42.615000,429.4349449345763,98
2024-09-20 15:41:42.623000,429.4582306745143,9
2024-09-20 15:41:42.627000,429.4333084201232,7
2024-09-20 15:41:42.670000,429.44148824936633,96
2024-09-20 15:41:42.706000,429.4283590184276,995
2024-09-20 15:41:42.718000,429.4373021037432,100
2024-09-20 15:41:42.793000,429.4614580149251,5
2024-09-20 15:41:42.838000,429.4254014943047,97
2024-09-20 15:41:42.871000,429.49109544292,97
2024-09-20 15:41:42.880000,429.40963200078295,1000
2024-09-20 15:41:42.911000,429.4268454594592,1001
2024-09-20 15:41:42.929000,429.44000836889774,995
2024-09-20 15:41:42.940000,429.44806876490856,100
2024-09-20 15:41:42.947000,429.4344519292136,7
2024-09-20 15:41:43.401000,429.4103519219815,1000
2024-09-20 15:41:43.717000,429.4047193677669,6
2024-09-20 15:41:43.930000,429.4148191186204,1005
2024-09-20 15:41:44.183000,429.41320783721545,995
2024-09-20 15:41:44.189000,429.41239271827504,101
2024-09-20 15:41:44.301000,429.4077835967744,7
2024-09-20 15:41:44.315000,429.4018131091641,99
2024-09-20 15:41:44.402000,429.4008452332442,96
2024-09-20 15:41:44.413000,429.3829100166408,9
2024-09-20 15:41:44.549000,429.4029967268145,7
2024-09-20 15:41:44.550000,429.3914942282826,103
2024-09-20 15:41:44.575000,429.3779319100336,14
2024-09-20 15:41:44.637000,429.4186898996146,101
2024-09-20 15:41:44.750000,429.3894173582033,996
2024-09-20 15:41:44.797000,429.4090154253836,996
2024-09-20 15:41:44.863000,429.37239197866177,1003
2024-09-20 15:41:44.881000,429.40758955015673,6
2024-09-20 15:41:44.897000,429.3903460788191,1000
2024-09-20 15:41:44.915000,429.3563164233853,103
2024-09-20 15:41:44.964000,429.4087005265288,11
2024-09-20 15:41:45.036000,429.3933406773946,96
2024-09-20 15:41:45.342000,429.41536612663975,102
2024-09-20 15:41:45.396000,429.42148994421433,1000
2024-09-20 15:41:45.511000,429.4302917436059,13
2024-09-20 15:41:45.577000,429.4387711177239,1001
2024-09-20 15:41:45.585000,429.4475051302489,102
2024-09-20 15:41:45.625000,429.4030077218608,14
2024-09-20 15:41:45.647000,429.40184056352695,103
2024-09-20 15:41:45.729000,429.43062027776745,13
2024-09-20 15:41:45.863000,429.4193538179941,100
2024-09-20 15:41:45.864000,429.4455525367524,7
2024-09-20 15:41:45.926000,429.41174928656966,13
2024-09-20 15:41:45.994000,429.4285131147796,102
2024-09-20 15:41:46.043000,429.4155931699985,11
2024-09-20 15:41:46.048000,429.414046680808,95
2024-09-20 15:41:46.065000,429.43414626734005,15
2024-09-20 15:41:46.089000,429.4442843565815,102
2024-09-20 15:41:46.159000,429.429487021989,14
2024-09-20 15:41:46.165000,429.4161446239822,1001
2024-09-20 15:41:46.195000,429.4055055740879,999
2024-09-20 15:41:46.240000,429.4386364064877,995
2024-09-20 15:41:46.243000,429.4444423236087,6
2024-09-20 15:41:46.358000,429.43984164762907,95
2024-09-20 15:41:46.624000,429.4020183044487,1001
2024-09-20 15:41:46.625000,429.4374033584695,100
2024-09-20 15:41:46.634000,429.43079881804096,1001
2024-09-20 15:41:46.652000,429.4519495849176,1005
2024-09-20 15:41:46.713000,429.450780745747,1005
2024-09-20 15:41:46.754000,429.435384717864,1002
2024-09-20 15:41:46.757000,429.4220487678356,13
2024-09-20 15:41:46.817000,429.4535957157934,95
2024-09-20 15:41:46.952000,429.410094549321,996
2024-09-20 15:41:46.983000,429.4256061495692,13
2024-09-20 15:41:47.045000,429.4430914007115,97
2024-09-20 15:41:47.184000,429.4296893615319,997
2024-09-20 15:41:47.528000,429.4397497628456,9
2024-09-20 15:41:47.989000,429.434100864488,1005
2024-09-20 15:41:48.065000,429.42172686691583,999
2024-09-20 15:41:48.110000,429.4419502962351,14
2024-09-20 15:41:48.164000,429.4400450861832,1004
2024-09-20 15:41:48.166000,429.4424634355368,100
2024-09-20 15:41:48.179000,429.4499108833821,97
2024-09-20 15:41:48.241000,429.4641521743032,1003
2024-09-20 15:41:48.243000,429.43608124648506,98
2024-09-20 15:41:48.266000,429.4289226800728,995
2024-09-20 15:41:48.271000,429.457439067523,10
2024-09-20 15:41:48.283000,429.430648356116,7
2024-09-20 15:41:48.302000,429.4614448406157,999
2024-09-20 15:41:48.308000,429.45105368768543,105
2024-09-20 15:41:48.343000,429.4452049926612,15
2024-09-20 15:41:48.353000,429.4515575678397,8
2024-09-20 15:41:48.355000,429.45780711171005,1001
2024-09-20 15:41:48.484000,429.4449689590877,995
2024-09-20 15:41:48.502000,429.427277216755,14
2024-09-20 15:41:48.507000,423.3914189346368,13
2024-09-20 15:41:48.510000,429.4421466052835,1002
2024-09-20 15:41:48.559000,429.4563263671545,101
2024-09-20 15:41:48.594000,429.431539990817,1002
2024-09-20 15:41:48.640000,429.4165757444069,1005
2024-09-20 15:41:48.667000,429.4651688974216,999
2024-09-20 15:41:48.813000,429.4276037178717,9
2024-09-20 15:41:48.847000,429.4238546399326,96
2024-09-20 15:41:48.940000,429.41423152529126,97
2024-09-20 15:41:48.957000,429.411034111441,1004
2024-09-20 15:41:48.983000,429.4321447345882,100
2024-09-20 15:41:49.109000,429.3875239299864,12
2024-09-20 15:41:49.135000,429.3792957035453,7
2024-09-20 15:41:49.277000,429.33617157108495,95
2024-09-20 15:41:49.450000,429.4380097802406,104
2024-09-20 15:41:49.511000,429.4099730368533,8
2024-09-20 15:41:49.595000,429.35228886938944,105
2024-09-20 15:41:49.625000,429.3237055964677,1005
2024-09-20 15:41:49.678000,429.401629331456,100
2024-09-20 15:41:49.981000,429.38940025514273,1005
2024-09-20 15:41:50.118000,429.3170494401844,997
2024-09-20 15:41:50.137000,429.291948326448,12
2024-09-20 15:41:50.169000,429.3079944201102,998
2024-09-20 15:41:50.230000,429.3306636191879,95
2024-09-20 15:41:50.500000,429.3376140686362,1001
2024-09-20 15:41:50.579000,429.30704568716527,7
2024-09-20 15:41:50.601000,429.2851328781158,95
2024-09-20 15:41:50.605000,429.34843752812094,97
2024-09-20 15:41:50.611000,429.3275883244378,95
2024-09-20 15:41:50.646000,429.336641604966,995
2024-09-20 15:41:50.662000,429.29794190294166,1005
2024-09-20 15:41:50.831000,429.2970132016737,99
2024-09-20 15:41:50.852000,429.3484930561468,7
2024-09-20 15:41:50.889000,429.3558485556189,13
2024-09-20 15:41:50.930000,429.344806083276,1005
2024-09-20 15:41:50.995000,429.3608686015618,995
2024-09-20 15:41:51.083000,429.3436121632452,99
2024-09-20 15:41:51.094000,429.3748160314117,14
2024-09-20 15:41:51.203000,429.3565717662751,996
2024-09-20 15:41:51.250000,429.3405555518319,995
2024-09-20 15:41:51.467000,429.3509193630796,100
2024-09-20 15:41:51.492000,429.3565428250546,1005
2024-09-20 15:41:51.496000,429.3402373096847,1003
2024-09-20 15:41:51.918000,429.3683757315504,995
2024-09-20 15:41:51.949000,429.36682630996967,6
2024-09-20 15:41:52.216000,429.2735316846337,11
2024-09-20 15:41:52.232000,429.271798545628,105
2024-09-20 15:41:52.310000,429.2706368868544,1000
2024-09-20 15:41:52.465000,429.2828733764068,103
2024-09-20 15:41:52.477000,429.3586332178669,5
2024-09-20 15:41:52.545000,429.3802465780668,998
2024-09-20 15:41:52.650000,429.31147676417874,105
2024-09-20 15:41:52.687000,429.27615588810136,1003
2024-09-20 15:41:52.806000,429.36779389793753,8
2024-09-20 15:41:52.862000,429.376174054308,1000
2024-09-20 15:41:52.905000,429.35766835699945,12
2024-09-20 15:41:52.921000,429.371569150357,98
2024-09-20 15:41:52.930000,429.3329443259738,102
2024-09-20 15:41:52.944000,429.37165961528575,995
2024-09-20 15:41:52.984000,429.3555194330374,105
2024-09-20 15:41:53.343000,429.2867305003549,995
2024-09-20 15:41:53.603000,429.2811430756017,96
2024-09-20 15:41:53.685000,429.2916117913368,1000
2024-09-20 15:41:54.009000,429.30053873157055,9
2024-09-20 15:41:54.029000,429.2675878782924,101
2024-09-20 15:41:54.045000,429.2840509776655,1004
2024-09-20 15:41:54.123000,429.299740608382,13
2024-09-20 15:41:54.126000,429.2816843674295,101
2024-09-20 15:41:54.207000,429.30525723099305,1004
2024-09-20 15:41:54.303000,429.2721039598513,11
2024-09-20 15:41:54.346000,423.2132683314061,96
2024-09-20 15:41:54.428000,429.27098382031056,8
2024-09-20 15:41:54.463000,429.3100636998305,5
2024-09-20 15:41:54.502000,429.2687918455197,102
2024-09-20 15:41:54.519000,429.303621841833,998
2024-09-20 15:41:54.526000,429.2791968708229,999
2024-09-20 15:41:54.528000,429.3075400499316,8
2024-09-20 15:41:54.538000,429.28364791704286,97
2024-09-20 15:41:54.542000,429.2741888043559,7
2024-09-20 15:41:54.549000,429.2913340951993,8
2024-09-20 15:41:54.554000,429.3083458411728,10
2024-09-20 15:41:54.554000,429.2813677711283,998
2024-09-20 15:41:54.567000,429.2971275712831,104
2024-09-20 15:41:54.694000,429.2864626924479,1001
2024-09-20 15:41:54.697000,429.2889788511503,96
2024-09-20 15:41:54.709000,429.29925183517184,13
2024-09-20 15:41:54.790000,429.2749136499168,995
2024-09-20 15:41:54.860000,429.303123465768,14
2024-09-20 15:41:54.890000,429.27813823986605,95
2024-09-20 15:41:54.928000,429.2902457524041,1004
2024-09-20 15:41:54.939000,429.2759584152221,105
2024-09-20 15:41:54.995000,429.27538700331553,103
2024-09-20 15:41:55.135000,429.2315046676838,99
2024-09-20 15:41:55.170000,429.244597226342,6
2024-09-20 15:41:55.227000,429.2303391646362,96
2024-09-20 15:41:55.231000,429.2149473556415,13
2024-09-20 15:41:55.258000,429.2073128528129,100
2024-09-20 15:41:55.274000,429.2232659686511,103
2024-09-20 15:41:55.275000,429.24325585875226,7
2024-09-20 15:41:55.276000,429.2489360818012,8
2024-09-20 15:41:55.397000,429.2304072632671,6
2024-09-20 15:41:55.542000,429.24867556064993,8
2024-09-20 15:41:55.601000,429.2434819024407,101
2024-09-20 15:41:55.604000,429.2621559366913,7
2024-09-20 15:41:55.711000,429.2366411033031,996
2024-09-20 15:41:55.722000,429.26074727926266,105
2024-09-20 15:41:55.858000,429.2387716348189,6
2024-09-20 15:41:55.925000,429.2223480606682,6
2024-09-20 15:41:55.934000,429.2741219109568,997
2024-09-20 15:41:55.962000,429.2096895853136,998
2024-09-20 15:41:56.024000,429.3052962901861,996
2024-09-20 15:41:56.072000,429.31331648362647,6
2024-09-20 15:41:56.101000,429.2293070019524,104
2024-09-20 15:41:56.118000,429.17714144567134,998
2024-09-20 15:41:56.124000,429.2320323428857,103
2024-09-20 15:41:56.136000,429.1814703471131,12
2024-09-20 15:41:56.175000,429.1775547979251,1000
2024-09-20 15:41:56.191000,429.18409907328856,104
2024-09-20 15:41:56.219000,429.1900935399472,997
2024-09-20 15:41:56.221000,429.18268878352535,15
2024-09-20 15:41:56.245000,429.2543906170969,7
2024-09-20 15:41:56.283000,429.17610282139685,103
2024-09-20 15:41:56.303000,429.2419108224049,999
2024-09-20 15:41:56.307000,429.3143543630088,103
2024-09-20 15:41:56.310000,429.19233007255576,5
2024-09-20 15:41:56.397000,429.1755231782871,13
2024-09-20 15:41:56.448000,429.2374952636676,12
2024-09-20 15:41:56.487000,429.1838633989467,102
2024-09-20 15:41:56.521000,429.2935903784669,103
2024-09-20 15:41:56.535000,429.17615349863314,1000
2024-09-20 15:41:56.544000,429.29583698909,97
2024-09-20 15:41:56.571000,429.2211959816251,999
2024-09-20 15:41:56.572000,429.2992537502445,1000
2024-09-20 15:41:56.583000,429.312019885793,5
2024-09-20 15:41:56.648000,429.23488612558737,1004
2024-09-20 15:41:56.728000,429.169505805408,1004
2024-09-20 15:41:56.834000,429.2390508216056,99
2024-09-20 15:41:56.894000,429.2038605492344,12
2024-09-20 15:41:57.030000,429.2745813946785,997
2024-09-20 15:41:57.089000,429.25790372796,1000
2024-09-20 15:41:57.091000,429.2414118121055,97
2024-09-20 15:41:57.095000,429.3026764520657,1000
2024-09-20 15:41:57.226000,429.2359071997336,102
2024-09-20 15:41:57.233000,429.24831405445445,6
2024-09-20 15:41:57.266000,429.2614303070682,98
2024-09-20 15:41:57.393000,429.3274273082975,8
2024-09-20 15:41:57.421000,429.2415360823093,11
2024-09-20 15:41:57.431000,429.2615687975829,99
2024-09-20 15:41:57.454000,429.2667409157392,15
2024-09-20 15:41:57.476000,429.24178727650377,1003
2024-09-20 15:41:57.481000,429.2646256339997,99
2024-09-20 15:41:57.752000,429.2371923438433,15
2024-09-20 15:41:57.833000,429.2130685777795,104
2024-09-20 15:41:57.886000,429.2543281254349,95
2024-09-20 15:41:57.907000,429.3131902532844,7
2024-09-20 15:41:57.970000,429.23388413329945,101
2024-09-20 15:41:57.979000,429.2159252153464,98
2024-09-20 15:41:57.982000,429.24709273595744,104
2024-09-20 15:41:58.103000,429.27097807168695,5
2024-09-20 15:41:58.131000,429.2860067939307,999
2024-09-20 15:41:58.878000,429.2828131714999,998
2024-09-20 15:41:58.928000,429.28495482439865,1002
2024-09-20 15:41:59.014000,429.2310195416342,101
2024-09-20 15:41:59.065000,429.1450505054056,1002
2024-09-20 15:41:59.065000,429.135899422204,1000
2024-09-20 15:41:59.082000,429.1750153330392,7
2024-09-20 15:41:59.175000,429.248027530795,5
2024-09-20 15:41:59.224000,429.2418724284744,999
2024-09-20 15:41:59.236000,429.1630646234167,1003
2024-09-20 15:41:59.240000,429.1690544471637,99
2024-09-20 15:41:59.400000,429.19069552215433,998
2024-09-20 15:41:59.411000,429.2177617111789,95
2024-09-20 15:41:59.414000,429.1607895074839,100
2024-09-20 15:41:59.435000,429.1213663065415,1002
2024-09-20 15:41:59.461000,429.1828070823925,6
2024-09-20 15:41:59.952000,429.2680067211978,15
