Timestamp,Price,Size
2024-09-16 13:35:00.098000,415.0839014712316,1005
2024-09-16 13:35:00.174000,415.09483466872297,1005
2024-09-16 13:35:00.282000,415.0857125513635,95
2024-09-16 13:35:00.426000,415.0991690383032,997
2024-09-16 13:35:00.479000,415.09300042908586,102
2024-09-16 13:35:00.489000,415.0954850824033,997
2024-09-16 13:35:00.507000,415.0653902339457,998
2024-09-16 13:35:00.533000,415.1048904222613,1002
2024-09-16 13:35:00.539000,415.0895142854127,14
2024-09-16 13:35:00.545000,415.0769315685639,5
2024-09-16 13:35:00.568000,415.0894981392261,1002
2024-09-16 13:35:00.592000,415.1061374081671,102
2024-09-16 13:35:00.621000,415.09847491512295,1004
2024-09-16 13:35:00.630000,415.0823299763538,6
2024-09-16 13:35:00.653000,415.08006964548366,102
2024-09-16 13:35:00.688000,415.0895419919837,1003
2024-09-16 13:35:00.766000,415.0852391057716,10
2024-09-16 13:35:00.796000,415.1088054206148,14
2024-09-16 13:35:00.822000,415.0880035498486,1003
2024-09-16 13:35:00.858000,415.110558563182,14
2024-09-16 13:35:00.861000,415.0817408387842,100
2024-09-16 13:35:00.925000,415.0805791115254,100
2024-09-16 13:35:00.928000,415.0916634499413,103
2024-09-16 13:35:00.964000,415.09211710383823,11
2024-09-16 13:35:00.971000,415.1148511397082,1001
2024-09-16 13:35:03.022000,415.1239824064881,10
2024-09-16 13:35:03.320000,415.11659219437774,98
2024-09-16 13:35:03.324000,415.1053600423748,5
2024-09-16 13:35:03.453000,415.121408457432,1003
2024-09-16 13:35:03.494000,415.0714851549529,12
2024-09-16 13:35:03.544000,415.1223609370829,6
2024-09-16 13:35:03.669000,415.10864880816393,1003
2024-09-16 13:35:03.709000,415.0781337336953,102
2024-09-16 13:35:03.788000,415.0979409571936,105
2024-09-16 13:35:03.815000,415.1091242831105,99
2024-09-16 13:35:03.977000,415.08468168330495,13
2024-09-16 13:35:04.188000,415.1238386065708,1000
2024-09-16 13:35:04.275000,415.1322207599495,8
2024-09-16 13:35:04.381000,415.1165641573819,11
2024-09-16 13:35:04.838000,415.11352721071,97
2024-09-16 13:35:04.972000,415.1264509768272,13
2024-09-16 13:35:05.001000,415.1538657821711,102
2024-09-16 13:35:05.243000,415.1076665565508,95
2024-09-16 13:35:05.448000,415.11380882947,1003
2024-09-16 13:35:05.717000,415.1228045640607,14
2024-09-16 13:35:05.758000,415.1612105287722,998
2024-09-16 13:35:05.812000,415.146474486366,1002
2024-09-16 13:35:05.829000,415.1000670230247,998
2024-09-16 13:35:06.089000,415.226466588923,102
2024-09-16 13:35:06.214000,415.1328899175933,10
2024-09-16 13:35:06.244000,415.1359018303369,103
2024-09-16 13:35:06.252000,415.1358605544689,1002
2024-09-16 13:35:06.263000,415.1769244013429,8
2024-09-16 13:35:06.271000,415.166124065878,14
2024-09-16 13:35:06.312000,415.2028720529488,15
2024-09-16 13:35:06.329000,415.15687757636334,8
2024-09-16 13:35:06.342000,415.1899811364932,98
2024-09-16 13:35:06.375000,415.14645262203953,1001
2024-09-16 13:35:06.465000,415.149585386108,1002
2024-09-16 13:35:06.496000,415.2170169024666,996
2024-09-16 13:35:06.512000,415.21385001106455,8
2024-09-16 13:35:06.561000,415.2039775720797,101
2024-09-16 13:35:06.571000,415.1423779680002,100
2024-09-16 13:35:06.685000,415.1449755746678,995
2024-09-16 13:35:06.722000,415.21818254169415,10
2024-09-16 13:35:06.734000,415.1402483956385,10
2024-09-16 13:35:06.752000,415.1548738346585,6
2024-09-16 13:35:06.759000,415.1412386766603,1001
2024-09-16 13:35:06.759000,415.15689801185823,105
2024-09-16 13:35:06.898000,415.2198924916337,103
2024-09-16 13:35:07.240000,415.22933155041375,102
2024-09-16 13:35:07.317000,415.20685680316575,100
2024-09-16 13:35:07.419000,415.2196344442529,1001
2024-09-16 13:35:07.979000,415.1989419587904,104
2024-09-16 13:35:08.146000,415.3152074876964,95
2024-09-16 13:35:08.172000,415.284875021454,1005
2024-09-16 13:35:08.242000,415.3026302882603,105
2024-09-16 13:35:08.395000,415.27336140343846,999
2024-09-16 13:35:08.474000,415.2775328705495,105
2024-09-16 13:35:08.532000,415.2533358005265,11
2024-09-16 13:35:08.548000,415.2991162792565,5
2024-09-16 13:35:08.575000,415.3030807525985,9
2024-09-16 13:35:08.616000,415.2992636366012,995
2024-09-16 13:35:08.632000,415.2924591535761,996
2024-09-16 13:35:08.646000,415.3191241466394,12
2024-09-16 13:35:08.650000,415.3095359412381,96
2024-09-16 13:35:08.705000,415.285825921195,1001
2024-09-16 13:35:08.774000,415.2425441874274,105
2024-09-16 13:35:08.780000,415.246083839306,13
2024-09-16 13:35:08.788000,415.2946065613049,998
2024-09-16 13:35:08.811000,415.2704999221691,999
2024-09-16 13:35:08.817000,415.26583183740456,997
2024-09-16 13:35:08.847000,415.2303186526137,6
2024-09-16 13:35:08.862000,415.2943391568385,9
2024-09-16 13:35:08.865000,415.2987559791878,105
2024-09-16 13:35:08.927000,415.31888991398046,1003
2024-09-16 13:35:08.952000,415.2864146487601,10
2024-09-16 13:35:08.974000,415.2903539269181,101
2024-09-16 13:35:09.028000,415.370861643297,105
2024-09-16 13:35:09.055000,415.3303220024137,10
2024-09-16 13:35:09.121000,415.34654710225726,1000
2024-09-16 13:35:09.167000,415.31463089322233,97
2024-09-16 13:35:09.188000,415.31945852837424,10
2024-09-16 13:35:09.224000,415.3088477911695,14
2024-09-16 13:35:09.345000,415.3659935275441,1005
2024-09-16 13:35:09.573000,415.326544492553,9
2024-09-16 13:35:09.585000,415.3472488433739,12
2024-09-16 13:35:09.665000,415.3421987230874,13
2024-09-16 13:35:09.681000,415.320866041374,100
2024-09-16 13:35:09.689000,415.3211178413452,8
2024-09-16 13:35:09.753000,415.37271235614895,105
2024-09-16 13:35:09.769000,415.3364275695371,11
2024-09-16 13:35:09.851000,415.3244559123132,1002
2024-09-16 13:35:10,415.39025653761513,1000
2024-09-16 13:35:10.004000,415.3191533076703,8
2024-09-16 13:35:10.112000,415.32480658612576,998
2024-09-16 13:35:10.138000,415.3999560099276,6
2024-09-16 13:35:10.139000,415.3713402828112,997
2024-09-16 13:35:10.220000,415.413315717658,95
2024-09-16 13:35:10.286000,415.3380734345839,5
2024-09-16 13:35:10.322000,415.3817613678915,5
2024-09-16 13:35:10.350000,415.3583027163508,996
2024-09-16 13:35:10.473000,415.3470921727852,15
2024-09-16 13:35:10.515000,415.42876802847024,10
2024-09-16 13:35:10.529000,415.3250443549948,97
2024-09-16 13:35:10.633000,415.3340475560632,103
2024-09-16 13:35:10.724000,415.3497557385802,5
2024-09-16 13:35:10.959000,415.3542883786593,97
2024-09-16 13:35:10.986000,415.3792852256944,102
2024-09-16 13:35:10.997000,415.31725975460745,10
2024-09-16 13:35:11.023000,415.4633358094475,6
2024-09-16 13:35:11.231000,415.4324016960962,98
2024-09-16 13:35:11.238000,415.44064304103847,14
2024-09-16 13:35:11.317000,415.4154527589478,12
2024-09-16 13:35:11.363000,415.4153901522973,99
2024-09-16 13:35:11.392000,415.4244089299837,1003
2024-09-16 13:35:11.455000,415.4208274516296,104
2024-09-16 13:35:11.505000,415.4145915657289,97
2024-09-16 13:35:11.510000,415.4539371931156,101
2024-09-16 13:35:11.809000,415.4254286527728,1004
2024-09-16 13:35:11.873000,415.4074194733024,12
2024-09-16 13:35:11.904000,415.4223084821491,97
2024-09-16 13:35:11.946000,415.4562675592963,5
2024-09-16 13:35:11.982000,415.4221941519024,12
2024-09-16 13:35:11.986000,415.4288269538122,1004
2024-09-16 13:35:12.090000,415.4319248654057,1002
2024-09-16 13:35:12.131000,415.3848647418735,102
2024-09-16 13:35:12.145000,415.3852764638364,997
2024-09-16 13:35:12.177000,415.4131568216733,95
2024-09-16 13:35:12.217000,415.4201255783876,1005
2024-09-16 13:35:12.223000,415.4391872121663,997
2024-09-16 13:35:12.261000,415.42315721294193,1000
2024-09-16 13:35:12.308000,415.4070750496974,11
2024-09-16 13:35:12.442000,415.3943997049872,101
2024-09-16 13:35:12.469000,415.410443491191,1000
2024-09-16 13:35:12.484000,415.4181886202357,8
2024-09-16 13:35:12.534000,415.4091218861603,996
2024-09-16 13:35:12.576000,415.4261472130624,104
2024-09-16 13:35:12.723000,415.41421964916697,15
2024-09-16 13:35:12.908000,415.3939985854032,12
2024-09-16 13:35:12.912000,415.4144928285428,997
2024-09-16 13:35:14.133000,415.39466579980126,102
2024-09-16 13:35:14.175000,415.3974656733216,15
2024-09-16 13:35:14.225000,415.3501879947783,101
2024-09-16 13:35:14.231000,415.35780080757104,999
2024-09-16 13:35:14.248000,415.3482493126327,12
2024-09-16 13:35:14.272000,415.3956490321347,10
2024-09-16 13:35:14.291000,415.3510270622684,13
2024-09-16 13:35:14.576000,415.3845443935736,96
2024-09-16 13:35:14.590000,415.38076697654776,1003
2024-09-16 13:35:14.668000,415.3314411042384,1003
2024-09-16 13:35:14.717000,415.34425309357897,8
2024-09-16 13:35:14.726000,415.4110196377607,105
2024-09-16 13:35:14.732000,415.3391511878789,1001
2024-09-16 13:35:14.733000,415.3535446057898,15
2024-09-16 13:35:14.784000,415.4024230449799,1000
2024-09-16 13:35:14.796000,415.3222745268199,1002
2024-09-16 13:35:14.873000,415.3479965792485,995
2024-09-16 13:35:14.998000,415.34508703280176,95
2024-09-16 13:35:15.036000,415.29572657118695,1005
2024-09-16 13:35:15.044000,415.2944405394238,998
2024-09-16 13:35:15.059000,415.2916974329439,96
2024-09-16 13:35:15.183000,415.315408547495,102
2024-09-16 13:35:15.183000,415.2956026494645,104
2024-09-16 13:35:15.247000,415.2864030931896,103
2024-09-16 13:35:15.274000,415.2952068462872,14
2024-09-16 13:35:15.324000,415.29930882834793,996
2024-09-16 13:35:15.347000,415.3483943739252,105
2024-09-16 13:35:15.365000,415.2970780171207,995
2024-09-16 13:35:15.375000,415.2637754436264,998
2024-09-16 13:35:15.406000,415.2374684625885,1000
2024-09-16 13:35:15.566000,415.2095151688906,12
2024-09-16 13:35:15.587000,415.25256900922966,1000
2024-09-16 13:35:15.710000,415.222328463437,100
2024-09-16 13:35:15.737000,415.3333688565275,101
2024-09-16 13:35:15.800000,415.2079102336242,1002
2024-09-16 13:35:15.887000,415.2263587682439,1003
2024-09-16 13:35:15.919000,415.3282644671556,98
2024-09-16 13:35:15.934000,415.3103151980316,995
2024-09-16 13:35:15.972000,415.3119259059046,103
2024-09-16 13:35:16.001000,415.1609852364692,12
2024-09-16 13:35:16.033000,415.26168890682,95
2024-09-16 13:35:16.066000,415.17856400672815,1000
2024-09-16 13:35:16.081000,415.24367291176816,1005
2024-09-16 13:35:16.084000,415.1572148444554,100
2024-09-16 13:35:16.088000,415.24893851116576,99
2024-09-16 13:35:16.108000,415.2155601222101,102
2024-09-16 13:35:16.129000,415.23856757684194,96
2024-09-16 13:35:16.151000,415.2045274773224,5
2024-09-16 13:35:16.166000,415.17515967661393,105
2024-09-16 13:35:16.222000,415.2036344054736,8
2024-09-16 13:35:16.258000,415.2441347753003,1001
2024-09-16 13:35:16.314000,415.2302365335706,996
2024-09-16 13:35:16.384000,415.2017637014442,104
2024-09-16 13:35:16.435000,415.2578716237823,8
2024-09-16 13:35:16.451000,415.1797478742685,1003
2024-09-16 13:35:16.617000,415.23985508058007,13
2024-09-16 13:35:16.621000,415.24896163109474,95
2024-09-16 13:35:16.624000,415.24684058812153,999
2024-09-16 13:35:16.671000,415.2080328951707,6
2024-09-16 13:35:16.730000,415.2160015838048,102
2024-09-16 13:35:16.747000,415.1983674153705,105
2024-09-16 13:35:16.754000,415.2366743953392,12
2024-09-16 13:35:16.773000,415.2362112509574,1001
2024-09-16 13:35:16.813000,415.2186039266399,97
2024-09-16 13:35:16.814000,415.24908740232985,14
2024-09-16 13:35:16.857000,415.2513729915383,105
2024-09-16 13:35:17.207000,415.2645399588084,102
2024-09-16 13:35:17.566000,415.2681336486675,11
2024-09-16 13:35:17.643000,415.27941174327935,101
2024-09-16 13:35:17.679000,415.2722739457604,100
2024-09-16 13:35:17.728000,415.2671426982068,13
2024-09-16 13:35:17.835000,415.26069440427017,999
2024-09-16 13:35:17.973000,415.2748056466068,995
2024-09-16 13:35:18.514000,415.2919983156693,1000
2024-09-16 13:35:18.952000,415.2727768567449,5
2024-09-16 13:35:19.065000,415.2813473535182,6
2024-09-16 13:35:19.066000,415.2923603574318,101
2024-09-16 13:35:19.152000,415.3162574370744,1002
2024-09-16 13:35:19.178000,415.2654444133949,999
2024-09-16 13:35:19.199000,415.3026492286342,8
2024-09-16 13:35:19.218000,415.2628723411006,101
2024-09-16 13:35:19.272000,415.2434762224464,14
2024-09-16 13:35:19.294000,415.2836588282216,1000
2024-09-16 13:35:19.363000,415.29514087964856,7
2024-09-16 13:35:19.387000,415.2433117796044,104
2024-09-16 13:35:19.393000,415.2482736076547,101
2024-09-16 13:35:19.401000,415.2849185121072,10
2024-09-16 13:35:19.447000,415.2427162817238,995
2024-09-16 13:35:19.479000,415.2637567456589,1003
2024-09-16 13:35:19.485000,415.2885404105811,996
2024-09-16 13:35:19.491000,415.2840500553257,997
2024-09-16 13:35:19.508000,415.3034299431451,1002
2024-09-16 13:35:19.517000,415.2611948989159,99
2024-09-16 13:35:19.538000,415.2431073318917,1005
2024-09-16 13:35:19.635000,415.2638397911389,6
2024-09-16 13:35:19.642000,415.2976115871349,996
2024-09-16 13:35:19.659000,415.2306788828325,10
2024-09-16 13:35:19.706000,415.2667011352877,10
2024-09-16 13:35:19.826000,415.31307794582193,7
2024-09-16 13:35:19.964000,415.2933773400758,1004
2024-09-16 13:35:20.124000,415.2641025586051,8
2024-09-16 13:35:20.146000,415.2481327734222,1001
2024-09-16 13:35:20.166000,415.29289873417366,8
2024-09-16 13:35:20.190000,415.2681369507272,1000
2024-09-16 13:35:20.250000,415.2699983610845,1002
2024-09-16 13:35:20.264000,415.2608670269392,999
2024-09-16 13:35:20.285000,415.2797190855522,1003
2024-09-16 13:35:20.327000,415.2516245466253,104
2024-09-16 13:35:20.364000,415.27041792334654,998
2024-09-16 13:35:20.404000,415.26597861425006,1001
2024-09-16 13:35:20.482000,415.2559353228964,995
2024-09-16 13:35:20.511000,415.245016337196,1004
2024-09-16 13:35:20.570000,415.2874730191104,9
2024-09-16 13:35:20.583000,415.26198750744817,996
2024-09-16 13:35:20.603000,415.257767573694,103
2024-09-16 13:35:20.639000,415.2560547658226,103
2024-09-16 13:35:20.659000,415.2520555278039,995
2024-09-16 13:35:20.783000,415.2668950500726,95
2024-09-16 13:35:20.844000,415.2461735168341,996
2024-09-16 13:35:20.869000,415.2734202740304,1002
2024-09-16 13:35:20.877000,415.263077477616,8
2024-09-16 13:35:20.889000,415.2951843853808,998
2024-09-16 13:35:20.925000,415.2662854499271,105
2024-09-16 13:35:20.940000,415.2976195876735,99
2024-09-16 13:35:21.052000,415.2835216294365,1005
2024-09-16 13:35:21.111000,415.29865332033705,12
2024-09-16 13:35:21.121000,415.2849348278287,7
2024-09-16 13:35:21.174000,415.3386560582152,97
2024-09-16 13:35:21.210000,415.3247696464567,10
2024-09-16 13:35:21.268000,415.3026839126447,15
2024-09-16 13:35:21.380000,415.3159162436941,8
2024-09-16 13:35:21.423000,415.26485028625,999
2024-09-16 13:35:21.477000,415.3122367964418,1003
2024-09-16 13:35:21.482000,415.3253537533719,95
2024-09-16 13:35:21.542000,415.3154978543956,102
2024-09-16 13:35:21.638000,415.3256540506378,6
2024-09-16 13:35:21.642000,415.27366062132273,12
2024-09-16 13:35:21.702000,415.3212697535668,96
2024-09-16 13:35:21.745000,415.3323840798012,1003
2024-09-16 13:35:21.746000,415.2708232293451,6
2024-09-16 13:35:21.780000,415.3234113194131,997
2024-09-16 13:35:21.796000,415.30573534447575,103
2024-09-16 13:35:21.855000,415.3119273129109,999
2024-09-16 13:35:21.886000,415.2864279998424,99
2024-09-16 13:35:21.895000,415.31431188743215,11
2024-09-16 13:35:21.896000,415.2907967748874,103
2024-09-16 13:35:21.926000,415.2975605128741,11
2024-09-16 13:35:21.993000,415.2705137424271,14
2024-09-16 13:35:21.999000,415.3238776732564,997
2024-09-16 13:35:22.360000,415.292588069603,995
2024-09-16 13:35:22.703000,415.2918464922497,999
2024-09-16 13:35:22.760000,415.2837509803449,995
2024-09-16 13:35:22.868000,415.3010540344632,96
2024-09-16 13:35:23.028000,415.3112763994828,999
2024-09-16 13:35:23.034000,415.3263457549188,105
2024-09-16 13:35:23.084000,415.2870286286365,8
2024-09-16 13:35:23.110000,415.3521521541288,999
2024-09-16 13:35:23.116000,415.2846424830773,101
2024-09-16 13:35:23.136000,415.30034489173306,13
2024-09-16 13:35:23.225000,415.332047433719,1005
2024-09-16 13:35:23.315000,415.3349613041609,13
2024-09-16 13:35:23.438000,415.2990090422512,1004
2024-09-16 13:35:23.497000,415.292860421648,1002
2024-09-16 13:35:23.522000,415.2676363774365,95
2024-09-16 13:35:23.532000,415.289089693237,103
2024-09-16 13:35:23.543000,415.2946581167178,95
2024-09-16 13:35:23.553000,415.3032210098308,9
2024-09-16 13:35:23.585000,415.3279260566286,10
2024-09-16 13:35:23.668000,415.3513515469871,6
2024-09-16 13:35:23.679000,415.2857626204438,105
2024-09-16 13:35:23.686000,415.2966397523974,996
2024-09-16 13:35:23.705000,415.3140874520294,997
2024-09-16 13:35:23.786000,415.3144731907811,996
2024-09-16 13:35:23.913000,415.2938340772707,1000
2024-09-16 13:35:23.975000,415.2897753673323,98
2024-09-16 13:35:24.026000,415.31615847672646,98
2024-09-16 13:35:24.109000,415.3338122563736,98
2024-09-16 13:35:24.257000,415.33692649924575,15
2024-09-16 13:35:24.273000,415.3360312390328,98
2024-09-16 13:35:24.431000,415.3365809851709,1004
2024-09-16 13:35:24.706000,415.329005286798,105
2024-09-16 13:35:24.816000,415.3063539353564,98
2024-09-16 13:35:25.021000,415.3076278233792,1003
2024-09-16 13:35:25.025000,415.331376633169,5
2024-09-16 13:35:25.030000,415.3227295136952,103
2024-09-16 13:35:25.050000,415.33515110409553,1001
2024-09-16 13:35:25.114000,415.3135513958077,8
2024-09-16 13:35:25.141000,415.3099388992625,10
2024-09-16 13:35:25.254000,415.33446615144936,1005
2024-09-16 13:35:25.283000,415.3306732376941,7
2024-09-16 13:35:25.335000,415.3219926504679,997
2024-09-16 13:35:25.407000,415.3114303111656,998
2024-09-16 13:35:25.442000,415.3349122150895,1004
2024-09-16 13:35:25.490000,415.3094552709468,97
2024-09-16 13:35:25.662000,415.3230594352634,13
2024-09-16 13:35:25.728000,415.3270125694216,12
2024-09-16 13:35:25.848000,415.3160556668822,999
2024-09-16 13:35:25.884000,415.3406289189525,98
2024-09-16 13:35:25.896000,415.3356774147368,7
2024-09-16 13:35:25.998000,415.3188888201648,11
2024-09-16 13:35:26.009000,415.3043379513334,95
2024-09-16 13:35:26.046000,415.3005017218381,8
2024-09-16 13:35:26.075000,415.3106786396988,96
2024-09-16 13:35:26.125000,415.32476587358354,97
2024-09-16 13:35:26.196000,415.2825788032705,97
2024-09-16 13:35:26.200000,415.3045969877065,1002
2024-09-16 13:35:26.314000,415.2937735874381,13
2024-09-16 13:35:26.321000,415.300365175204,999
2024-09-16 13:35:26.366000,415.3006697538936,998
2024-09-16 13:35:26.480000,415.3137057933116,99
2024-09-16 13:35:26.493000,415.30465461430873,1001
2024-09-16 13:35:26.522000,415.2896685857901,8
2024-09-16 13:35:26.658000,415.3215054309951,103
2024-09-16 13:35:26.741000,415.3027584387943,105
2024-09-16 13:35:26.874000,415.3017701286282,12
2024-09-16 13:35:26.911000,415.3026928187798,98
2024-09-16 13:35:26.988000,415.2938436041781,7
2024-09-16 13:35:27.085000,415.30035820975854,97
2024-09-16 13:35:27.089000,415.23284138221794,8
2024-09-16 13:35:27.124000,415.1712807669793,1004
2024-09-16 13:35:27.453000,415.3021256573313,7
2024-09-16 13:35:27.454000,415.2778590156354,997
2024-09-16 13:35:27.488000,415.1740310600728,12
2024-09-16 13:35:27.535000,415.19986005776536,6
2024-09-16 13:35:27.721000,415.19922966008016,97
2024-09-16 13:35:27.766000,415.2029177099244,98
2024-09-16 13:35:27.778000,415.1843768052747,15
2024-09-16 13:35:27.831000,415.2853659411689,997
2024-09-16 13:35:27.879000,415.3181180069277,100
2024-09-16 13:35:27.924000,415.20674715607583,14
2024-09-16 13:35:27.943000,415.18801423285294,10
2024-09-16 13:35:27.992000,415.24471503708367,11
2024-09-16 13:35:27.993000,415.3030704734194,1001
2024-09-16 13:35:28.094000,415.1103379195537,7
2024-09-16 13:35:28.096000,415.1204998036052,104
2024-09-16 13:35:28.098000,415.1184033059786,12
2024-09-16 13:35:28.228000,415.1150224549491,101
2024-09-16 13:35:28.269000,415.08487718243816,1004
2024-09-16 13:35:28.335000,415.1802136570803,100
2024-09-16 13:35:28.385000,415.1118504333528,1000
2024-09-16 13:35:28.426000,415.1548814249823,997
2024-09-16 13:35:28.531000,415.1362683593944,97
2024-09-16 13:35:28.606000,415.1086343356724,8
2024-09-16 13:35:28.615000,415.1170532686808,1004
2024-09-16 13:35:28.705000,415.1862838692003,1004
2024-09-16 13:35:28.712000,415.1137997822606,5
2024-09-16 13:35:28.736000,415.1195444309983,95
2024-09-16 13:35:28.804000,415.1084090133063,15
2024-09-16 13:35:28.839000,415.0939499786153,10
2024-09-16 13:35:28.852000,415.12049843943856,996
2024-09-16 13:35:28.906000,415.1231010663659,1001
2024-09-16 13:35:28.932000,415.1186467180059,6
2024-09-16 13:35:28.962000,415.1070651898428,101
2024-09-16 13:35:29.025000,415.0651574360458,100
2024-09-16 13:35:29.062000,415.0388356955591,8
2024-09-16 13:35:29.108000,415.0680671914644,15
2024-09-16 13:35:29.116000,415.0733422110424,97
2024-09-16 13:35:29.155000,415.03884219459405,103
2024-09-16 13:35:29.195000,415.0498252719002,996
2024-09-16 13:35:29.239000,415.0312936033964,99
2024-09-16 13:35:29.264000,415.0673321494828,1002
2024-09-16 13:35:29.267000,415.0480085007987,1004
2024-09-16 13:35:29.307000,415.06469948132303,11
2024-09-16 13:35:29.351000,415.0585261276874,9
2024-09-16 13:35:29.435000,415.0179714244374,13
2024-09-16 13:35:29.456000,414.9974132948835,100
2024-09-16 13:35:29.481000,415.0189974185057,996
2024-09-16 13:35:29.491000,415.010953135958,1003
2024-09-16 13:35:29.554000,415.01589956061673,98
2024-09-16 13:35:29.678000,415.0725206113676,999
2024-09-16 13:35:29.728000,415.0011905105351,98
2024-09-16 13:35:29.729000,415.0678628157178,998
2024-09-16 13:35:29.731000,415.0343587809065,1001
2024-09-16 13:35:29.744000,415.0752388048235,1000
2024-09-16 13:35:29.794000,415.054862104421,99
2024-09-16 13:35:29.817000,415.0674113986025,997
2024-09-16 13:35:29.821000,415.0778699186354,995
2024-09-16 13:35:29.848000,415.0770379640858,96
2024-09-16 13:35:29.876000,415.0284653300173,14
2024-09-16 13:35:29.881000,415.0273776134258,6
2024-09-16 13:35:29.939000,415.0454967007069,100
2024-09-16 13:35:29.947000,415.0810394954572,10
2024-09-16 13:35:29.977000,415.0254902682293,11
2024-09-16 13:35:31.005000,415.10496710020095,14
2024-09-16 13:35:31.006000,415.116368420595,1004
2024-09-16 13:35:31.186000,415.1201041805152,1004
2024-09-16 13:35:31.246000,415.1261284296499,999
2024-09-16 13:35:31.281000,415.12250183293423,101
2024-09-16 13:35:31.300000,415.1311023395587,6
2024-09-16 13:35:31.361000,415.1236583330125,1005
2024-09-16 13:35:31.391000,415.11748231512223,9
2024-09-16 13:35:31.444000,415.1075556469473,15
2024-09-16 13:35:31.672000,415.0827402419084,1000
2024-09-16 13:35:31.796000,415.0792271677079,1001
2024-09-16 13:35:31.822000,415.0913985247303,1005
2024-09-16 13:35:31.825000,415.1133466697198,5
2024-09-16 13:35:31.996000,415.0771408129656,997
2024-09-16 13:35:32.018000,415.11850924936186,97
2024-09-16 13:35:32.094000,415.08821726291313,100
2024-09-16 13:35:32.098000,415.105773498944,101
2024-09-16 13:35:32.170000,415.0992750530199,101
2024-09-16 13:35:32.188000,415.12188466719306,97
2024-09-16 13:35:32.434000,415.1084532561219,103
2024-09-16 13:35:32.445000,415.1311448674446,1005
2024-09-16 13:35:32.500000,415.09927419944165,9
2024-09-16 13:35:32.512000,415.098007530087,96
2024-09-16 13:35:32.571000,415.09663767180695,100
2024-09-16 13:35:32.683000,415.1242558785797,10
2024-09-16 13:35:32.741000,415.0974678148262,102
2024-09-16 13:35:32.741000,415.1060564874319,11
2024-09-16 13:35:32.750000,415.105447195196,10
2024-09-16 13:35:32.752000,415.1263158672109,11
2024-09-16 13:35:32.864000,415.10886637265526,10
2024-09-16 13:35:32.998000,415.0990651614309,9
2024-09-16 13:35:33.011000,415.1162376693711,96
2024-09-16 13:35:33.051000,415.069817650918,11
2024-09-16 13:35:33.094000,415.0682656749433,102
2024-09-16 13:35:33.149000,415.06002419453006,996
2024-09-16 13:35:33.188000,415.0558029913055,9
2024-09-16 13:35:33.230000,415.1269453117633,998
2024-09-16 13:35:33.238000,415.1152162748727,12
2024-09-16 13:35:33.245000,415.05462490255695,104
2024-09-16 13:35:33.273000,415.0961688430328,14
2024-09-16 13:35:33.345000,415.060025398158,1005
2024-09-16 13:35:33.350000,415.0791719470767,96
2024-09-16 13:35:33.395000,415.1301967423554,1002
2024-09-16 13:35:33.435000,415.03039392418935,7
2024-09-16 13:35:33.447000,415.06613410307705,101
2024-09-16 13:35:33.452000,415.0269640827328,995
2024-09-16 13:35:33.456000,415.116562161945,95
2024-09-16 13:35:33.525000,415.1078225017984,10
2024-09-16 13:35:33.550000,415.1063218577164,98
2024-09-16 13:35:33.566000,415.1205412313983,7
2024-09-16 13:35:33.613000,415.076578220437,1004
2024-09-16 13:35:33.668000,415.0943607629936,7
2024-09-16 13:35:33.676000,415.1068622669142,997
2024-09-16 13:35:33.684000,415.0593224981411,99
2024-09-16 13:35:33.694000,415.0457229096769,102
2024-09-16 13:35:33.783000,415.11322365099977,14
2024-09-16 13:35:33.800000,415.0763028036624,100
2024-09-16 13:35:33.817000,415.09014076725697,97
2024-09-16 13:35:33.960000,415.0906807454146,97
2024-09-16 13:35:34.005000,415.0977374273159,12
2024-09-16 13:35:34.015000,415.11193299383615,101
2024-09-16 13:35:34.022000,415.0948413935046,1003
2024-09-16 13:35:34.035000,415.1057932104188,999
2024-09-16 13:35:34.100000,415.06369839762334,998
2024-09-16 13:35:34.185000,415.11775839160777,999
2024-09-16 13:35:34.216000,415.1028094365583,100
2024-09-16 13:35:34.241000,415.11167000024415,97
2024-09-16 13:35:34.244000,415.10336498281896,997
2024-09-16 13:35:34.251000,415.11032634705697,1005
2024-09-16 13:35:34.278000,415.1223238734241,1000
2024-09-16 13:35:34.293000,415.0893935728608,101
2024-09-16 13:35:34.298000,415.06549668437214,10
2024-09-16 13:35:34.299000,415.0986743034919,10
2024-09-16 13:35:34.323000,415.0820979658994,102
2024-09-16 13:35:34.447000,415.1063921419191,101
2024-09-16 13:35:34.492000,415.0859750704431,999
2024-09-16 13:35:34.689000,415.1259654289804,6
2024-09-16 13:35:34.737000,415.1134885873841,996
2024-09-16 13:35:34.807000,415.082981631265,9
2024-09-16 13:35:34.850000,415.0990691533584,6
2024-09-16 13:35:34.854000,415.1139538208621,1004
2024-09-16 13:35:34.888000,415.0786492069632,101
2024-09-16 13:35:34.986000,415.1273305047183,9
2024-09-16 13:35:35.112000,415.0991534826208,1000
2024-09-16 13:35:35.193000,415.08090172613976,15
2024-09-16 13:35:35.632000,415.07910163597086,101
2024-09-16 13:35:35.642000,415.1068854444927,996
2024-09-16 13:35:35.648000,415.1015555512742,102
2024-09-16 13:35:35.683000,415.1042889937563,1004
2024-09-16 13:35:36.138000,415.0706798449867,6
2024-09-16 13:35:36.310000,415.07806448077486,9
2024-09-16 13:35:36.357000,415.0957904586605,1000
2024-09-16 13:35:36.359000,415.09822560452017,7
2024-09-16 13:35:36.408000,415.0687636610925,10
2024-09-16 13:35:36.448000,415.1381839548265,103
2024-09-16 13:35:36.462000,415.0790015846365,101
2024-09-16 13:35:36.471000,415.08527712562864,95
2024-09-16 13:35:36.492000,415.0959605520094,96
2024-09-16 13:35:36.693000,415.0654225640329,105
2024-09-16 13:35:36.713000,415.1537052906063,1003
2024-09-16 13:35:36.778000,415.0808705801437,97
2024-09-16 13:35:36.872000,415.08031132671925,102
2024-09-16 13:35:36.940000,415.06891677285495,97
2024-09-16 13:35:36.997000,415.1034021953416,96
2024-09-16 13:35:37.002000,415.1126674962033,14
2024-09-16 13:35:37.008000,415.0818678519347,98
2024-09-16 13:35:37.026000,415.1084775936522,97
2024-09-16 13:35:37.066000,415.12716347958025,102
2024-09-16 13:35:37.188000,415.0801775489469,997
2024-09-16 13:35:37.222000,415.06983845863806,105
2024-09-16 13:35:37.283000,415.089567222157,12
2024-09-16 13:35:37.367000,415.11933323682473,98
2024-09-16 13:35:37.475000,415.1355325244173,100
2024-09-16 13:35:37.483000,415.1368532930685,13
2024-09-16 13:35:37.517000,415.16482721134287,10
2024-09-16 13:35:37.534000,415.1029060972603,11
2024-09-16 13:35:37.551000,415.0864047877516,15
2024-09-16 13:35:37.598000,415.11244459813,1001
2024-09-16 13:35:37.612000,415.136468525356,11
2024-09-16 13:35:37.615000,415.14999499781663,1003
2024-09-16 13:35:37.635000,415.1364017943488,104
2024-09-16 13:35:37.639000,415.09170139312096,10
2024-09-16 13:35:37.642000,415.1418371887216,7
2024-09-16 13:35:37.662000,415.1542328452132,97
2024-09-16 13:35:37.667000,415.1412262103174,11
2024-09-16 13:35:37.682000,415.0893191838457,996
2024-09-16 13:35:37.777000,415.1458034674475,95
2024-09-16 13:35:37.819000,415.0898605356616,95
2024-09-16 13:35:37.899000,415.14182131776425,10
2024-09-16 13:35:37.913000,415.1627775248169,101
2024-09-16 13:35:37.958000,415.0748923612068,95
2024-09-16 13:35:37.962000,415.0942593400612,15
2024-09-16 13:35:38.054000,415.16616949443727,1003
2024-09-16 13:35:38.131000,415.1670808340378,6
2024-09-16 13:35:38.227000,415.1665123037212,98
2024-09-16 13:35:38.288000,415.1400267297987,10
2024-09-16 13:35:38.297000,415.1841803999951,98
2024-09-16 13:35:38.330000,415.17986335148805,95
2024-09-16 13:35:38.386000,415.1806955438288,95
2024-09-16 13:35:38.404000,415.1836233775899,99
2024-09-16 13:35:38.411000,415.1455622699382,9
2024-09-16 13:35:38.428000,415.17981536093055,1003
2024-09-16 13:35:38.438000,415.17979047748,15
2024-09-16 13:35:38.575000,415.1570963266212,103
2024-09-16 13:35:38.664000,415.14655648317625,999
2024-09-16 13:35:38.807000,415.14476148170576,95
2024-09-16 13:35:39.027000,415.1883093583698,100
2024-09-16 13:35:39.132000,415.1515132310334,1000
2024-09-16 13:35:39.208000,415.19490101328006,11
2024-09-16 13:35:39.288000,415.1753082112456,101
2024-09-16 13:35:39.467000,415.1309111907176,1002
2024-09-16 13:35:39.564000,415.161300968798,100
2024-09-16 13:35:39.702000,415.2102822753238,8
2024-09-16 13:35:39.854000,415.1699208750799,11
2024-09-16 13:35:39.942000,415.2059033581166,1001
2024-09-16 13:35:39.953000,415.2073822131648,997
2024-09-16 13:35:39.965000,415.2104849590518,105
2024-09-16 13:35:39.988000,415.19162894745534,14
2024-09-16 13:35:40.081000,415.1101120402335,97
2024-09-16 13:35:40.097000,415.12417365264895,102
2024-09-16 13:35:40.366000,415.074292580822,1002
2024-09-16 13:35:40.633000,415.0759695333947,102
2024-09-16 13:35:40.635000,415.1034839162889,12
2024-09-16 13:35:41,415.07622013495353,9
2024-09-16 13:35:41.016000,415.08877157037057,15
2024-09-16 13:35:41.110000,415.0847752621697,105
2024-09-16 13:35:41.293000,415.07886368551647,1003
2024-09-16 13:35:41.314000,415.0847252787675,9
2024-09-16 13:35:41.458000,415.0852746476524,99
2024-09-16 13:35:41.701000,415.0748263598959,99
2024-09-16 13:35:41.786000,415.0834484931676,101
2024-09-16 13:35:42.040000,415.0986823619229,1002
2024-09-16 13:35:42.148000,415.0706058133291,5
2024-09-16 13:35:42.178000,415.1021171690524,105
2024-09-16 13:35:42.342000,415.0950287740153,996
2024-09-16 13:35:42.349000,415.09068059317616,6
2024-09-16 13:35:42.513000,415.1075334898871,997
2024-09-16 13:35:43.140000,415.0455333739477,999
2024-09-16 13:35:43.152000,415.05936674189286,5
2024-09-16 13:35:43.240000,415.0618577361098,98
2024-09-16 13:35:43.409000,414.9916737335341,998
2024-09-16 13:35:43.420000,415.0775932751325,99
2024-09-16 13:35:43.566000,415.0611710526186,5
2024-09-16 13:35:43.626000,414.9864344897523,97
2024-09-16 13:35:43.769000,414.96874892121485,95
2024-09-16 13:35:43.804000,415.0135513529712,95
2024-09-16 13:35:43.958000,414.9942064401554,12
2024-09-16 13:35:43.970000,415.0222579742006,104
2024-09-16 13:35:43.982000,415.0056663589249,10
2024-09-16 13:35:44.057000,415.0299115202016,100
2024-09-16 13:35:44.181000,415.0159368569444,9
2024-09-16 13:35:44.190000,415.0096935829785,999
2024-09-16 13:35:44.201000,415.004912234229,102
2024-09-16 13:35:44.377000,415.03780202120606,6
2024-09-16 13:35:44.449000,415.0462398876406,98
2024-09-16 13:35:44.773000,415.0327687194312,999
2024-09-16 13:35:44.815000,415.0206128906051,1002
2024-09-16 13:35:44.967000,415.0175862180495,104
2024-09-16 13:35:45.201000,415.0130994822197,12
2024-09-16 13:35:45.234000,415.0110946270931,101
2024-09-16 13:35:45.250000,415.0289393214511,5
2024-09-16 13:35:45.272000,415.0520638630076,105
2024-09-16 13:35:45.384000,415.063317969216,101
2024-09-16 13:35:45.387000,415.0270544963556,104
2024-09-16 13:35:45.417000,415.0184946885797,1001
2024-09-16 13:35:45.477000,414.9971339884101,100
2024-09-16 13:35:45.524000,415.0455985295645,1000
2024-09-16 13:35:45.597000,414.99967847314366,999
2024-09-16 13:35:45.601000,415.0684839841784,1000
2024-09-16 13:35:45.613000,415.0138002129793,1004
2024-09-16 13:35:45.639000,415.0174064168551,11
2024-09-16 13:35:45.726000,415.0305859895228,1002
2024-09-16 13:35:45.772000,415.0334600139867,100
2024-09-16 13:35:45.841000,415.0300184016369,1004
2024-09-16 13:35:45.860000,415.060378553568,6
2024-09-16 13:35:45.871000,415.05749393460326,99
2024-09-16 13:35:45.929000,415.0377319319951,95
2024-09-16 13:35:45.984000,415.0200882584602,96
2024-09-16 13:35:46.024000,415.0590299688784,7
2024-09-16 13:35:46.036000,415.0812223746568,997
2024-09-16 13:35:46.082000,415.0854926712423,995
2024-09-16 13:35:46.109000,415.0326391455584,12
2024-09-16 13:35:46.211000,415.0719973297488,1004
2024-09-16 13:35:46.246000,415.009913192585,1004
2024-09-16 13:35:46.286000,415.0309610063216,997
2024-09-16 13:35:46.301000,415.1020269107922,98
2024-09-16 13:35:46.317000,415.072073025847,105
2024-09-16 13:35:46.332000,415.0597364809009,998
2024-09-16 13:35:46.333000,415.0720879212287,8
2024-09-16 13:35:46.446000,415.05031148916737,96
2024-09-16 13:35:46.464000,415.0078609149096,98
2024-09-16 13:35:46.478000,415.0930288996664,103
2024-09-16 13:35:46.488000,415.0813762807752,103
2024-09-16 13:35:46.495000,415.0091074393506,1000
2024-09-16 13:35:46.522000,415.0408397569415,102
2024-09-16 13:35:46.537000,415.009290850848,13
2024-09-16 13:35:46.558000,415.087158477708,1004
2024-09-16 13:35:46.566000,415.0221765810318,104
2024-09-16 13:35:46.583000,415.02101814552987,11
2024-09-16 13:35:46.615000,415.0374318662304,998
2024-09-16 13:35:46.627000,415.0630399691898,1005
2024-09-16 13:35:46.629000,415.0719331716848,1002
2024-09-16 13:35:46.711000,415.0703481523501,999
2024-09-16 13:35:46.718000,415.05008310683166,1003
2024-09-16 13:35:46.779000,415.0905578454571,13
2024-09-16 13:35:46.888000,415.0739653572276,998
2024-09-16 13:35:46.903000,415.0685580618428,1005
2024-09-16 13:35:46.916000,415.0567166738056,1004
2024-09-16 13:35:47.041000,415.0545814956908,103
2024-09-16 13:35:47.214000,415.1238398744417,14
2024-09-16 13:35:47.222000,415.09770112911326,6
2024-09-16 13:35:47.379000,415.098255354392,10
2024-09-16 13:35:47.499000,415.0590392561544,11
2024-09-16 13:35:47.515000,415.1262731127788,12
2024-09-16 13:35:47.590000,415.1316740421117,103
2024-09-16 13:35:47.608000,415.1403307891417,103
2024-09-16 13:35:47.643000,415.08105825362287,5
2024-09-16 13:35:47.760000,415.1094664595575,9
2024-09-16 13:35:47.875000,415.11902316923965,995
2024-09-16 13:35:47.884000,415.10039766485806,1005
2024-09-16 13:35:47.924000,415.0836072545818,6
2024-09-16 13:35:48.067000,415.0699211047192,9
2024-09-16 13:35:48.097000,415.0735890181415,102
2024-09-16 13:35:48.140000,415.11922171339904,5
2024-09-16 13:35:48.245000,415.07661970170335,102
2024-09-16 13:35:48.324000,415.0766423592786,1002
2024-09-16 13:35:48.325000,415.10047940198274,1003
2024-09-16 13:35:48.367000,415.1060705148979,998
2024-09-16 13:35:48.384000,415.104512816186,10
2024-09-16 13:35:48.470000,415.0986608268137,11
2024-09-16 13:35:48.489000,415.0821202059752,14
2024-09-16 13:35:48.516000,415.1125630046733,95
2024-09-16 13:35:48.553000,415.0747224001672,8
2024-09-16 13:35:48.582000,415.1174847073525,1003
2024-09-16 13:35:48.615000,415.0919557253855,13
2024-09-16 13:35:48.653000,415.0750062995163,995
2024-09-16 13:35:48.704000,415.0851370679436,1003
2024-09-16 13:35:48.774000,415.0850170714624,104
2024-09-16 13:35:48.779000,415.10625553461057,998
2024-09-16 13:35:48.810000,415.0879020704039,996
2024-09-16 13:35:48.875000,415.07841295664826,1000
2024-09-16 13:35:48.887000,415.0694636336035,12
2024-09-16 13:35:48.945000,415.07921496441855,105
2024-09-16 13:35:48.958000,415.0793512679425,15
2024-09-16 13:35:49.063000,415.113109883929,998
2024-09-16 13:35:49.290000,415.0649167413617,105
2024-09-16 13:35:49.422000,415.0874443084719,12
2024-09-16 13:35:49.568000,415.1204541849127,1000
2024-09-16 13:35:49.961000,415.0803481906732,101
2024-09-16 13:35:50.039000,415.12761716331937,9
2024-09-16 13:35:50.156000,415.081745237182,1002
2024-09-16 13:35:50.167000,415.0975877117501,1000
2024-09-16 13:35:50.188000,415.1381961950636,998
2024-09-16 13:35:50.190000,415.10195330243727,98
2024-09-16 13:35:50.359000,415.08502889187866,7
2024-09-16 13:35:50.436000,415.1314817199755,12
2024-09-16 13:35:50.437000,415.1140396716396,100
2024-09-16 13:35:50.500000,415.123973450049,13
2024-09-16 13:35:50.559000,415.0762611182557,99
2024-09-16 13:35:50.578000,415.1375558236736,997
2024-09-16 13:35:50.611000,415.11050810164943,99
2024-09-16 13:35:50.710000,415.0855573408437,1003
2024-09-16 13:35:50.760000,415.1328824730793,12
2024-09-16 13:35:50.772000,415.1285741540043,11
2024-09-16 13:35:50.799000,415.14443594455815,100
2024-09-16 13:35:50.820000,415.1500871648961,998
2024-09-16 13:35:50.836000,415.1004358111319,6
2024-09-16 13:35:50.892000,415.0895539858672,97
2024-09-16 13:35:50.965000,415.1325436598019,102
2024-09-16 13:35:50.968000,415.085103638029,12
2024-09-16 13:35:51.068000,415.1419124550095,1005
2024-09-16 13:35:51.108000,415.0977329876421,11
2024-09-16 13:35:51.160000,415.0987827059742,11
2024-09-16 13:35:51.237000,415.1552322118646,999
2024-09-16 13:35:51.281000,415.2042453383551,998
2024-09-16 13:35:51.391000,415.1611703443179,996
2024-09-16 13:35:51.396000,415.12122959900944,96
2024-09-16 13:35:51.465000,415.1288064310581,995
2024-09-16 13:35:51.554000,415.1869098114886,96
2024-09-16 13:35:51.618000,415.0816009109356,104
2024-09-16 13:35:51.618000,415.1577717220005,1001
2024-09-16 13:35:51.660000,415.1422744477235,15
2024-09-16 13:35:51.673000,415.1310110643739,99
2024-09-16 13:35:51.689000,415.08410273894685,1000
2024-09-16 13:35:51.704000,415.20641351677295,1003
2024-09-16 13:35:51.731000,415.1453783411748,998
2024-09-16 13:35:51.739000,415.18861277378016,1001
2024-09-16 13:35:51.756000,415.0958461607673,9
2024-09-16 13:35:51.774000,415.12353943886353,996
2024-09-16 13:35:51.856000,415.1979554561687,6
2024-09-16 13:35:51.923000,415.0791877787028,1004
2024-09-16 13:35:51.927000,415.1319922081117,5
2024-09-16 13:35:51.949000,415.1076009778957,10
2024-09-16 13:35:51.979000,415.1788956400891,103
2024-09-16 13:35:51.996000,415.07926735258167,5
2024-09-16 13:35:52.009000,415.0390806219045,13
2024-09-16 13:35:52.056000,415.03328879624974,97
2024-09-16 13:35:52.070000,415.0808332469508,1004
2024-09-16 13:35:52.120000,415.0601391715371,9
2024-09-16 13:35:52.224000,415.1020976139593,9
2024-09-16 13:35:52.327000,415.11097497199,1002
2024-09-16 13:35:52.331000,415.1034102535942,102
2024-09-16 13:35:52.387000,415.0925870089224,98
2024-09-16 13:35:52.408000,415.0381324149675,95
2024-09-16 13:35:52.424000,415.0807946688834,100
2024-09-16 13:35:52.466000,415.0615024662576,100
2024-09-16 13:35:52.677000,415.07761636228975,6
2024-09-16 13:35:52.790000,415.02953486796497,6
2024-09-16 13:35:52.930000,415.07236066802096,1000
2024-09-16 13:35:53.010000,414.96812144691785,997
2024-09-16 13:35:53.104000,414.9639440529448,12
2024-09-16 13:35:53.123000,415.026915897224,10
2024-09-16 13:35:53.213000,414.9514841694373,13
2024-09-16 13:35:53.350000,414.9997955770389,10
2024-09-16 13:35:53.377000,414.9530933441797,1004
2024-09-16 13:35:53.455000,414.9581546830917,1000
2024-09-16 13:35:53.476000,414.9576770775507,1001
2024-09-16 13:35:53.483000,414.9289831327648,9
2024-09-16 13:35:53.541000,414.9458878773036,1003
2024-09-16 13:35:53.663000,414.9447081161879,99
2024-09-16 13:35:53.719000,415.0401318436675,999
2024-09-16 13:35:53.741000,414.947174868752,97
2024-09-16 13:35:53.824000,414.968181976444,101
2024-09-16 13:35:53.831000,414.9443664149573,102
2024-09-16 13:35:53.836000,414.9515083990484,996
2024-09-16 13:35:53.955000,414.9580010282921,96
2024-09-16 13:35:53.989000,414.9454718610861,96
2024-09-16 13:35:54.025000,414.9527161819883,99
2024-09-16 13:35:54.072000,415.0185647914969,99
2024-09-16 13:35:54.117000,415.02208772656746,95
2024-09-16 13:35:54.129000,414.96910293607226,1005
2024-09-16 13:35:54.170000,414.9876414793231,13
2024-09-16 13:35:54.203000,414.956661414576,101
2024-09-16 13:35:54.231000,414.963172057235,103
2024-09-16 13:35:54.305000,414.9947586346568,105
2024-09-16 13:35:54.325000,415.0025419508822,98
2024-09-16 13:35:54.339000,414.9381552764859,105
2024-09-16 13:35:54.354000,415.0066239738997,1001
2024-09-16 13:35:54.416000,414.9739825240807,10
2024-09-16 13:35:54.436000,414.9518877088249,15
2024-09-16 13:35:54.580000,414.9811415002202,1003
2024-09-16 13:35:54.611000,415.00862921234256,7
2024-09-16 13:35:54.628000,414.99068493594615,100
2024-09-16 13:35:54.655000,414.97628770581935,5
2024-09-16 13:35:54.662000,414.9703018868105,96
2024-09-16 13:35:54.712000,414.97820984058905,104
2024-09-16 13:35:54.723000,414.9917959447153,10
2024-09-16 13:35:54.819000,414.9663532244612,103
2024-09-16 13:35:54.852000,414.9963362465306,9
2024-09-16 13:35:54.868000,414.9751251355791,998
2024-09-16 13:35:54.884000,414.9708071613139,998
2024-09-16 13:35:54.914000,415.0236453075621,96
2024-09-16 13:35:54.964000,414.9460119226198,998
2024-09-16 13:35:54.987000,414.9968926555045,8
2024-09-16 13:35:55.100000,414.8962844018476,14
2024-09-16 13:35:55.233000,414.9637873722973,6
2024-09-16 13:35:55.266000,414.921992094352,96
2024-09-16 13:35:55.306000,414.8783660117735,103
2024-09-16 13:35:55.332000,414.8957357746751,14
2024-09-16 13:35:55.367000,414.9542641044458,997
2024-09-16 13:35:55.449000,414.8694775561645,101
2024-09-16 13:35:55.538000,414.95472765574704,11
2024-09-16 13:35:55.550000,414.86232216394296,1000
2024-09-16 13:35:55.559000,414.9085853493937,1002
2024-09-16 13:35:55.832000,414.9359341089311,14
2024-09-16 13:35:55.856000,414.9146976257438,101
2024-09-16 13:35:55.878000,414.9029936880782,999
2024-09-16 13:35:55.961000,414.8850199244423,96
2024-09-16 13:35:56.041000,414.8717399217328,5
2024-09-16 13:35:56.289000,414.8721812069296,998
2024-09-16 13:35:56.325000,414.8496598563885,96
2024-09-16 13:35:56.440000,414.876893726247,5
2024-09-16 13:35:56.452000,414.8704424427523,997
2024-09-16 13:35:56.649000,414.8609464964184,12
2024-09-16 13:35:56.690000,414.8638901899543,1004
2024-09-16 13:35:56.801000,414.8717461405681,98
2024-09-16 13:35:56.809000,414.8704368586593,999
2024-09-16 13:35:56.824000,414.8693365885893,96
2024-09-16 13:35:56.910000,414.8691182525792,105
2024-09-16 13:35:57.035000,414.84533048003175,997
2024-09-16 13:35:57.357000,414.86202638499424,95
2024-09-16 13:35:57.405000,414.8398979750231,1002
2024-09-16 13:35:57.442000,414.8784737848951,8
2024-09-16 13:35:57.466000,414.8634828582016,14
2024-09-16 13:35:57.476000,414.86145659671,1003
2024-09-16 13:35:57.527000,414.8644201241297,1002
2024-09-16 13:35:57.563000,414.8702762910757,999
2024-09-16 13:35:57.582000,414.8381639476934,996
2024-09-16 13:35:57.603000,414.8583225088209,9
2024-09-16 13:35:57.623000,414.8563453648141,103
2024-09-16 13:35:57.791000,414.8564681723429,98
2024-09-16 13:35:57.851000,414.863448234134,99
2024-09-16 13:35:57.875000,414.868780255473,15
2024-09-16 13:35:58.036000,414.849895197266,8
2024-09-16 13:35:58.509000,414.86852331058935,104
2024-09-16 13:35:58.639000,414.86212339183294,103
2024-09-16 13:35:58.684000,414.8522404994277,96
2024-09-16 13:35:59.093000,414.8687342316113,98
2024-09-16 13:35:59.155000,414.8204135270223,14
2024-09-16 13:35:59.169000,414.86319591136805,12
2024-09-16 13:35:59.170000,414.87713494026985,7
2024-09-16 13:35:59.201000,414.870583273692,99
2024-09-16 13:35:59.225000,414.85348556978334,15
2024-09-16 13:35:59.289000,414.91982405792,12
2024-09-16 13:35:59.293000,414.8574790570604,95
2024-09-16 13:35:59.349000,414.8532104435205,8
2024-09-16 13:35:59.420000,414.8579150405129,105
2024-09-16 13:35:59.423000,414.856416174053,999
2024-09-16 13:35:59.451000,414.8522554154607,10
2024-09-16 13:35:59.488000,414.8512321408398,98
2024-09-16 13:35:59.547000,414.8662591198567,103
2024-09-16 13:35:59.586000,414.8345339581703,96
2024-09-16 13:35:59.668000,414.8630450454275,97
2024-09-16 13:35:59.696000,414.8576479931779,11
2024-09-16 13:35:59.743000,414.8819373411978,5
2024-09-16 13:35:59.793000,414.8288830495785,1004
2024-09-16 13:35:59.796000,414.85985480922807,998
2024-09-16 13:35:59.841000,414.8337188592014,999
2024-09-16 13:35:59.881000,414.91669469396135,995
2024-09-16 13:35:59.900000,414.8499424405916,12
2024-09-16 13:35:59.927000,414.848765999258,105
2024-09-16 13:35:59.965000,414.8334260308744,12
