Timestamp,Price,Size
2024-09-19 15:55:00.016000,420.2883921182625,9
2024-09-19 15:55:00.029000,420.3214323541162,102
2024-09-19 15:55:00.140000,420.3228560850892,102
2024-09-19 15:55:00.154000,420.32175163955753,11
2024-09-19 15:55:00.206000,420.3220643692184,997
2024-09-19 15:55:00.249000,420.3375866023171,105
2024-09-19 15:55:00.265000,420.3138217977481,102
2024-09-19 15:55:00.353000,420.2942837666217,95
2024-09-19 15:55:00.354000,420.3085303530679,1001
2024-09-19 15:55:00.403000,420.3265552706632,1003
2024-09-19 15:55:00.409000,420.305039165093,105
2024-09-19 15:55:00.410000,420.3287710430646,995
2024-09-19 15:55:00.412000,420.3253827263493,999
2024-09-19 15:55:00.415000,420.3064512543262,999
2024-09-19 15:55:00.479000,420.3180574734739,1002
2024-09-19 15:55:00.528000,420.0735688420852,1000
2024-09-19 15:55:00.575000,420.3079343094324,105
2024-09-19 15:55:00.607000,420.3138944844752,95
2024-09-19 15:55:00.633000,420.3301141689456,997
2024-09-19 15:55:00.756000,420.3126419397782,5
2024-09-19 15:55:00.803000,420.3242252898985,1003
2024-09-19 15:55:00.805000,420.31077275202927,995
2024-09-19 15:55:00.823000,420.32177705627873,105
2024-09-19 15:55:00.845000,420.3109052370717,9
2024-09-19 15:55:00.856000,420.3129038678522,95
2024-09-19 15:55:00.904000,420.2916786306109,98
2024-09-19 15:55:00.956000,420.3227596290262,97
2024-09-19 15:55:00.980000,420.2966590368303,996
2024-09-19 15:55:00.988000,420.3037314912698,1001
2024-09-19 15:55:01.001000,420.4143321067682,1004
2024-09-19 15:55:01.038000,420.35571339617326,14
2024-09-19 15:55:01.057000,420.4126720407858,9
2024-09-19 15:55:01.109000,420.4090144310047,101
2024-09-19 15:55:01.126000,420.3360351634554,9
2024-09-19 15:55:01.132000,420.3686367162485,101
2024-09-19 15:55:01.162000,420.346363751772,1004
2024-09-19 15:55:01.241000,420.3994766840392,7
2024-09-19 15:55:01.249000,420.3520943237547,13
2024-09-19 15:55:01.309000,420.3519508591911,15
2024-09-19 15:55:01.398000,420.3501934910982,998
2024-09-19 15:55:01.428000,420.4085488003733,96
2024-09-19 15:55:01.428000,420.3520441530889,1000
2024-09-19 15:55:01.449000,420.3726970488535,1000
2024-09-19 15:55:01.589000,420.3499387060451,996
2024-09-19 15:55:01.599000,420.3625594722308,6
2024-09-19 15:55:01.780000,420.35716575930775,15
2024-09-19 15:55:01.858000,420.3619376417312,99
2024-09-19 15:55:01.957000,420.3348638975224,104
2024-09-19 15:55:01.962000,420.3937839409565,14
2024-09-19 15:55:02.160000,420.4055573599173,11
2024-09-19 15:55:02.192000,420.4302804546681,97
2024-09-19 15:55:02.264000,420.4233110814353,998
2024-09-19 15:55:02.359000,420.41851681314273,105
2024-09-19 15:55:02.393000,420.4223550024466,1000
2024-09-19 15:55:02.434000,420.4070765499312,999
2024-09-19 15:55:02.436000,420.4301715114376,105
2024-09-19 15:55:02.465000,420.40629956816446,12
2024-09-19 15:55:02.482000,420.4190954654487,15
2024-09-19 15:55:02.880000,420.3893806592236,996
2024-09-19 15:55:02.881000,420.3970055777445,12
2024-09-19 15:55:02.882000,420.42586375634033,996
2024-09-19 15:55:02.967000,420.4115758027186,1002
2024-09-19 15:55:03.085000,420.3802150419626,100
2024-09-19 15:55:03.181000,420.3857209314533,1005
2024-09-19 15:55:03.235000,420.386367838651,1004
2024-09-19 15:55:03.256000,420.4010117905864,999
2024-09-19 15:55:03.645000,420.3695668536939,8
2024-09-19 15:55:03.685000,420.38198174667946,6
2024-09-19 15:55:03.775000,420.3874829243611,1002
2024-09-19 15:55:03.870000,420.38816843140376,1005
2024-09-19 15:55:03.975000,420.377158887866,1001
2024-09-19 15:55:04.044000,420.3839206591351,8
2024-09-19 15:55:04.064000,420.3325560966379,7
2024-09-19 15:55:04.091000,420.3331403281773,101
2024-09-19 15:55:04.140000,420.3724353482145,996
2024-09-19 15:55:04.203000,420.3108830833396,11
2024-09-19 15:55:04.206000,420.3622034926476,99
2024-09-19 15:55:04.217000,420.3300583084357,15
2024-09-19 15:55:04.233000,420.3923105477757,1003
2024-09-19 15:55:04.282000,420.3415246608345,14
2024-09-19 15:55:04.376000,420.3774038488712,97
2024-09-19 15:55:04.483000,420.3712060536837,1004
2024-09-19 15:55:04.489000,420.3824945475811,13
2024-09-19 15:55:04.526000,420.3933013278604,1000
2024-09-19 15:55:04.530000,420.3229991023271,999
2024-09-19 15:55:04.538000,420.3490291497458,102
2024-09-19 15:55:04.544000,420.30143459847017,13
2024-09-19 15:55:04.594000,420.3175375398623,14
2024-09-19 15:55:04.635000,420.3184086259628,1000
2024-09-19 15:55:04.662000,420.3863998452157,100
2024-09-19 15:55:04.724000,420.3185001777183,100
2024-09-19 15:55:04.731000,420.36866956987313,1001
2024-09-19 15:55:04.735000,420.3497142082907,104
2024-09-19 15:55:04.767000,420.32007873274944,8
2024-09-19 15:55:04.810000,420.3785576032838,996
2024-09-19 15:55:04.821000,420.3695858205225,997
2024-09-19 15:55:04.848000,420.3435084441789,1002
2024-09-19 15:55:04.928000,420.3249076962941,13
2024-09-19 15:55:04.964000,420.36443030058416,101
2024-09-19 15:55:05.018000,420.3302419141063,998
2024-09-19 15:55:05.031000,420.34935674290574,10
2024-09-19 15:55:05.053000,420.3491861299416,996
2024-09-19 15:55:05.055000,420.33311322090464,9
2024-09-19 15:55:05.101000,420.3307411667849,8
2024-09-19 15:55:05.220000,420.3494888238496,105
2024-09-19 15:55:05.254000,420.3441906470312,14
2024-09-19 15:55:05.303000,420.3451374350527,999
2024-09-19 15:55:05.305000,420.32425365965946,999
2024-09-19 15:55:05.327000,420.3444009810237,12
2024-09-19 15:55:05.418000,420.3363137971099,96
2024-09-19 15:55:05.425000,420.309455025784,98
2024-09-19 15:55:05.462000,420.3423129906519,96
2024-09-19 15:55:05.542000,420.3478150359966,98
2024-09-19 15:55:05.599000,420.33049592049423,105
2024-09-19 15:55:05.616000,420.3502468149072,1005
2024-09-19 15:55:05.637000,420.338827413588,13
2024-09-19 15:55:05.676000,420.35941406375497,14
2024-09-19 15:55:05.676000,420.3492922697241,95
2024-09-19 15:55:05.760000,420.3565163249404,12
2024-09-19 15:55:05.807000,420.3604853310646,6
2024-09-19 15:55:05.814000,420.3330178141725,995
2024-09-19 15:55:05.836000,420.3369289803212,997
2024-09-19 15:55:05.904000,420.2990400853573,104
2024-09-19 15:55:05.958000,420.3422514606009,98
2024-09-19 15:55:05.963000,420.3399433010644,995
2024-09-19 15:55:05.986000,420.3123685465003,1004
2024-09-19 15:55:06.125000,420.2422893560593,998
2024-09-19 15:55:06.155000,420.2365086194537,12
2024-09-19 15:55:06.182000,420.3168268641589,103
2024-09-19 15:55:06.182000,420.2215324307406,105
2024-09-19 15:55:06.251000,420.2295592151304,1002
2024-09-19 15:55:06.287000,420.260431386764,10
2024-09-19 15:55:06.293000,420.2002964810415,99
2024-09-19 15:55:06.385000,420.2422509047209,10
2024-09-19 15:55:06.407000,420.2179451171561,98
2024-09-19 15:55:06.411000,420.2245849225994,1002
2024-09-19 15:55:06.421000,420.3039233155548,996
2024-09-19 15:55:06.453000,420.22310203541497,999
2024-09-19 15:55:06.514000,420.2671607643693,97
2024-09-19 15:55:06.543000,420.2066947246207,995
2024-09-19 15:55:06.644000,420.2221631227023,995
2024-09-19 15:55:06.712000,420.2492207911534,995
2024-09-19 15:55:06.819000,420.2818254831544,1005
2024-09-19 15:55:06.907000,420.22755961394336,5
2024-09-19 15:55:06.908000,420.2751398984941,5
2024-09-19 15:55:06.961000,420.2438215311402,7
2024-09-19 15:55:06.978000,420.22118089867047,6
2024-09-19 15:55:07.032000,420.2806485221162,15
2024-09-19 15:55:07.077000,420.267313585929,5
2024-09-19 15:55:07.087000,420.3019727760063,10
2024-09-19 15:55:07.090000,420.24560110444907,14
2024-09-19 15:55:07.158000,420.3129716071659,99
2024-09-19 15:55:07.165000,420.3017174856623,97
2024-09-19 15:55:07.176000,420.2814604736204,1004
2024-09-19 15:55:07.205000,420.2903685923166,14
2024-09-19 15:55:07.257000,420.2722503852433,101
2024-09-19 15:55:07.305000,420.2598552185282,99
2024-09-19 15:55:07.380000,420.32080115593527,102
2024-09-19 15:55:07.448000,420.31037114783527,103
2024-09-19 15:55:07.524000,420.254340449251,999
2024-09-19 15:55:07.527000,420.2565832605275,15
2024-09-19 15:55:07.702000,420.2787491925053,6
2024-09-19 15:55:07.736000,420.2771790627466,13
2024-09-19 15:55:07.799000,420.2555079026928,1005
2024-09-19 15:55:07.818000,420.2577587717877,103
2024-09-19 15:55:07.950000,420.2762555870341,8
2024-09-19 15:55:07.984000,420.2711915096992,999
2024-09-19 15:55:08.064000,420.3258152461688,1003
2024-09-19 15:55:08.193000,420.3182100053203,998
2024-09-19 15:55:08.193000,420.31124017711824,1003
2024-09-19 15:55:08.264000,420.3287551557386,1005
2024-09-19 15:55:08.281000,420.3222818194166,103
2024-09-19 15:55:08.351000,420.3130391793352,100
2024-09-19 15:55:08.359000,420.3084193089874,11
2024-09-19 15:55:08.427000,420.3165669460071,95
2024-09-19 15:55:08.446000,420.3141089945125,13
2024-09-19 15:55:08.459000,420.3307917141819,12
2024-09-19 15:55:08.729000,420.319153809492,98
2024-09-19 15:55:08.796000,420.3196831509916,12
2024-09-19 15:55:08.831000,420.3067721504081,100
2024-09-19 15:55:08.843000,420.32595174743744,100
2024-09-19 15:55:08.870000,420.3074748863156,1004
2024-09-19 15:55:08.960000,420.3205214259079,99
2024-09-19 15:55:09.319000,420.3275714378137,9
2024-09-19 15:55:09.755000,420.32008646088985,11
2024-09-19 15:55:09.864000,420.3195071032328,997
2024-09-19 15:55:09.926000,420.3010631084648,1004
2024-09-19 15:55:10.382000,420.3453625607065,100
2024-09-19 15:55:10.502000,419.8279508045793,12
2024-09-19 15:55:11.290000,420.35027818045273,10
2024-09-19 15:55:11.588000,420.32012819339695,100
2024-09-19 15:55:11.946000,420.3330167766934,1002
2024-09-19 15:55:12.032000,420.3444491800442,95
2024-09-19 15:55:12.112000,419.7499693965837,1004
2024-09-19 15:55:12.201000,420.3152790684324,995
2024-09-19 15:55:12.247000,420.3242803622496,98
2024-09-19 15:55:12.314000,420.3541535999943,101
2024-09-19 15:55:12.410000,420.34530607546367,1000
2024-09-19 15:55:12.416000,420.3468078225795,997
2024-09-19 15:55:12.528000,420.3301392271049,103
2024-09-19 15:55:12.557000,420.3315526228132,105
2024-09-19 15:55:12.584000,420.3352409195175,95
2024-09-19 15:55:12.598000,420.34069853499705,1005
2024-09-19 15:55:12.599000,420.34242133510287,13
2024-09-19 15:55:12.678000,420.3304332323371,13
2024-09-19 15:55:12.728000,420.3422893774296,15
2024-09-19 15:55:12.753000,420.3004858605072,997
2024-09-19 15:55:12.949000,420.3470391778736,96
2024-09-19 15:55:12.978000,420.3184482412229,10
2024-09-19 15:55:13.011000,420.355698071628,6
2024-09-19 15:55:13.610000,420.3614210041631,95
2024-09-19 15:55:13.647000,420.3723118286093,1005
2024-09-19 15:55:13.814000,420.3470780315847,105
2024-09-19 15:55:13.964000,420.4011914412874,997
2024-09-19 15:55:13.967000,420.3850325796527,104
2024-09-19 15:55:14.017000,420.41588247546207,1000
2024-09-19 15:55:14.056000,420.4085674345733,98
2024-09-19 15:55:14.352000,420.4129421583462,104
2024-09-19 15:55:14.401000,420.46158059061554,1002
2024-09-19 15:55:14.429000,420.41099552841735,1001
2024-09-19 15:55:14.540000,420.385053656517,96
2024-09-19 15:55:14.729000,420.4449586549919,97
2024-09-19 15:55:14.784000,420.4505464551058,101
2024-09-19 15:55:14.804000,420.4518262164207,996
2024-09-19 15:55:14.821000,420.4043264242573,101
2024-09-19 15:55:14.841000,420.41350514545576,1003
2024-09-19 15:55:14.900000,420.4166031359144,104
2024-09-19 15:55:14.929000,420.4386938501826,98
2024-09-19 15:55:15.034000,420.4638057452945,5
2024-09-19 15:55:15.059000,420.4399243765141,10
2024-09-19 15:55:15.231000,420.4497741061821,96
2024-09-19 15:55:15.438000,420.4839057458335,9
2024-09-19 15:55:15.480000,420.47975925499145,15
2024-09-19 15:55:15.614000,420.45321569118056,11
2024-09-19 15:55:15.732000,420.46129343185646,105
2024-09-19 15:55:15.770000,420.4624801088687,7
2024-09-19 15:55:15.814000,420.4654412404234,9
2024-09-19 15:55:15.913000,420.4542092856519,99
2024-09-19 15:55:15.969000,420.4587066683899,12
2024-09-19 15:55:16.017000,420.4519602127891,995
2024-09-19 15:55:16.025000,420.4364643820274,99
2024-09-19 15:55:16.039000,420.4443573121,103
2024-09-19 15:55:16.058000,420.4558124387911,1002
2024-09-19 15:55:16.294000,420.43883731723326,102
2024-09-19 15:55:16.381000,420.4276261322522,7
2024-09-19 15:55:16.479000,420.4337963786052,100
2024-09-19 15:55:16.494000,420.43853696305007,98
2024-09-19 15:55:16.528000,420.4642619551251,996
2024-09-19 15:55:16.537000,420.46689940146575,1003
2024-09-19 15:55:16.610000,420.4561108850969,1001
2024-09-19 15:55:16.655000,420.4559720061309,10
2024-09-19 15:55:16.664000,420.4438389110091,999
2024-09-19 15:55:16.676000,420.4317694192527,1005
2024-09-19 15:55:16.690000,420.461995795521,105
2024-09-19 15:55:16.751000,420.4648576527083,103
2024-09-19 15:55:16.769000,420.4197975879581,999
2024-09-19 15:55:16.775000,420.45680653435,96
2024-09-19 15:55:16.779000,420.4693440030446,14
2024-09-19 15:55:16.785000,420.4552411749194,101
2024-09-19 15:55:16.787000,420.4559446300922,99
2024-09-19 15:55:16.834000,420.4324533757169,96
2024-09-19 15:55:16.879000,420.4396820820613,1003
2024-09-19 15:55:16.892000,420.41518336621925,1001
2024-09-19 15:55:16.911000,420.4625334330767,102
2024-09-19 15:55:16.933000,420.4373068925027,101
2024-09-19 15:55:16.974000,420.4427661246372,95
2024-09-19 15:55:17.199000,420.5067496101617,6
2024-09-19 15:55:17.207000,420.5019235347778,1005
2024-09-19 15:55:17.329000,420.50131430727424,102
2024-09-19 15:55:17.440000,420.50008594119896,98
2024-09-19 15:55:17.591000,420.46391095312936,15
2024-09-19 15:55:17.607000,420.47128381336296,11
2024-09-19 15:55:18.014000,420.4741501947478,105
2024-09-19 15:55:18.206000,420.45521960201256,6
2024-09-19 15:55:18.270000,420.4730881271114,998
2024-09-19 15:55:18.447000,420.4984338997103,5
2024-09-19 15:55:18.452000,419.7025588890272,98
2024-09-19 15:55:18.489000,420.4617393705188,103
2024-09-19 15:55:18.564000,420.4707651527608,105
2024-09-19 15:55:18.975000,420.4844607743915,10
2024-09-19 15:55:18.980000,420.4687151357761,1005
2024-09-19 15:55:19.046000,420.452476397198,9
2024-09-19 15:55:19.679000,420.45879865197696,104
2024-09-19 15:55:19.781000,420.4610741746622,1005
2024-09-19 15:55:20.002000,420.4385515109316,101
2024-09-19 15:55:20.160000,420.48539752918487,7
2024-09-19 15:55:20.335000,420.46595703114417,95
2024-09-19 15:55:20.493000,420.4371541763575,1002
2024-09-19 15:55:21.018000,420.3427439231425,100
2024-09-19 15:55:21.140000,420.4568028692487,10
2024-09-19 15:55:21.186000,420.38790388934,995
2024-09-19 15:55:21.345000,420.38521211950734,95
2024-09-19 15:55:21.389000,420.40840464392784,8
2024-09-19 15:55:21.475000,420.389076107378,13
2024-09-19 15:55:21.480000,420.452702767823,105
2024-09-19 15:55:21.630000,420.3892457128543,14
2024-09-19 15:55:21.888000,420.43378987535584,99
2024-09-19 15:55:21.956000,420.3799749396604,1002
2024-09-19 15:55:21.978000,420.3757607999012,98
2024-09-19 15:55:21.978000,420.419002537316,1004
2024-09-19 15:55:21.998000,420.33126250929774,1000
2024-09-19 15:55:22.182000,420.3657516466185,100
2024-09-19 15:55:22.372000,420.35576415336425,104
2024-09-19 15:55:22.402000,420.3548875562298,995
2024-09-19 15:55:22.442000,420.354950181256,11
2024-09-19 15:55:22.520000,420.359032402276,1001
2024-09-19 15:55:22.589000,420.3434798773583,105
2024-09-19 15:55:22.829000,420.338319441326,7
2024-09-19 15:55:22.890000,420.34750258151496,12
2024-09-19 15:55:23.034000,420.35439553875216,10
2024-09-19 15:55:23.048000,420.2488204834131,999
2024-09-19 15:55:23.094000,420.2977984602687,997
2024-09-19 15:55:23.096000,420.3406727201852,1002
2024-09-19 15:55:23.132000,420.28612242232447,15
2024-09-19 15:55:23.164000,420.2518080586331,101
2024-09-19 15:55:23.176000,420.28149943488177,104
2024-09-19 15:55:23.190000,420.2424406526422,95
2024-09-19 15:55:23.202000,420.31352349269577,999
2024-09-19 15:55:23.326000,420.3222651586612,1003
2024-09-19 15:55:23.388000,420.2976193796688,1004
2024-09-19 15:55:23.408000,420.3252590498258,10
2024-09-19 15:55:23.566000,420.2614386261607,998
2024-09-19 15:55:23.568000,420.25415917795095,98
2024-09-19 15:55:23.619000,420.3290843293858,5
2024-09-19 15:55:23.644000,420.317813414206,98
2024-09-19 15:55:23.755000,420.3077542751208,98
2024-09-19 15:55:23.813000,420.3023081114951,8
2024-09-19 15:55:23.879000,420.28051229819295,12
2024-09-19 15:55:23.897000,420.2972660645489,11
2024-09-19 15:55:23.946000,420.2535133496932,12
2024-09-19 15:55:23.948000,420.3034714403245,101
2024-09-19 15:55:23.996000,420.3402378826581,12
2024-09-19 15:55:24.048000,420.2630416562972,10
2024-09-19 15:55:24.154000,420.3050718621804,96
2024-09-19 15:55:24.233000,420.2786857983901,1000
2024-09-19 15:55:24.266000,420.2983853762077,96
2024-09-19 15:55:24.302000,420.32603857028187,10
2024-09-19 15:55:24.302000,420.2940968252356,1000
2024-09-19 15:55:24.325000,420.32842638957794,1005
2024-09-19 15:55:24.332000,420.2791421613367,104
2024-09-19 15:55:24.436000,420.3367934573394,95
2024-09-19 15:55:24.479000,420.3215070444609,7
2024-09-19 15:55:24.495000,420.3053023753383,100
2024-09-19 15:55:24.530000,420.3022779022168,12
2024-09-19 15:55:24.560000,420.297276299548,8
2024-09-19 15:55:24.622000,420.290598334987,9
2024-09-19 15:55:24.654000,420.31691483112695,103
2024-09-19 15:55:24.825000,420.28689357511695,103
2024-09-19 15:55:24.828000,420.30086336575374,100
2024-09-19 15:55:25.019000,420.3553681856548,8
2024-09-19 15:55:25.097000,420.2828550270051,1005
2024-09-19 15:55:25.103000,420.352296525194,105
2024-09-19 15:55:25.126000,420.26827482936073,15
2024-09-19 15:55:25.149000,420.2901956925596,999
2024-09-19 15:55:25.156000,420.3184602339609,8
2024-09-19 15:55:25.158000,420.2977431699864,9
2024-09-19 15:55:25.274000,420.34861918208526,997
2024-09-19 15:55:25.276000,420.342072588363,9
2024-09-19 15:55:25.337000,420.3490411543179,101
2024-09-19 15:55:25.340000,420.3493898722615,1003
2024-09-19 15:55:25.386000,420.3678630804321,15
2024-09-19 15:55:25.424000,420.2887774608268,99
2024-09-19 15:55:25.602000,420.27686591497593,996
2024-09-19 15:55:25.629000,420.3309239200015,95
2024-09-19 15:55:25.631000,420.34461760960266,7
2024-09-19 15:55:25.639000,420.2836662555868,98
2024-09-19 15:55:25.645000,420.3168750842815,10
2024-09-19 15:55:25.699000,420.2959804445316,14
2024-09-19 15:55:25.716000,420.3529145339171,103
2024-09-19 15:55:25.791000,420.35910630048767,1001
2024-09-19 15:55:25.797000,420.3317023477027,6
2024-09-19 15:55:25.812000,420.347138225556,1000
2024-09-19 15:55:25.829000,420.3314839387469,104
2024-09-19 15:55:25.832000,420.28492202170327,998
2024-09-19 15:55:25.942000,420.2772563037354,11
2024-09-19 15:55:25.996000,420.2875294974359,6
2024-09-19 15:55:26.020000,420.3333875520205,15
2024-09-19 15:55:26.053000,420.38935592411815,996
2024-09-19 15:55:26.095000,420.4131291908162,5
2024-09-19 15:55:26.120000,420.33280981023273,7
2024-09-19 15:55:26.155000,420.3340175166184,103
2024-09-19 15:55:26.175000,420.3362220351044,995
2024-09-19 15:55:26.179000,420.3422634777686,102
2024-09-19 15:55:26.181000,420.3923115599482,997
2024-09-19 15:55:26.241000,420.4164511373461,13
2024-09-19 15:55:26.274000,420.3935297431883,998
2024-09-19 15:55:26.338000,420.4017904023994,8
2024-09-19 15:55:26.364000,420.41073906656726,6
2024-09-19 15:55:26.390000,420.3622717836577,1001
2024-09-19 15:55:26.431000,420.3955369161348,999
2024-09-19 15:55:26.456000,420.3640995215352,996
2024-09-19 15:55:26.495000,420.34696812179055,103
2024-09-19 15:55:26.525000,420.3957555106167,14
2024-09-19 15:55:26.584000,420.3869127648435,99
2024-09-19 15:55:26.651000,420.3802387216721,105
2024-09-19 15:55:26.679000,420.3333757963854,100
2024-09-19 15:55:26.777000,420.41064346503714,995
2024-09-19 15:55:26.860000,420.32153579816577,13
2024-09-19 15:55:26.864000,420.3368046696646,10
2024-09-19 15:55:26.890000,420.3521711722453,11
2024-09-19 15:55:26.995000,420.3499170179915,1002
2024-09-19 15:55:27.070000,420.3946585865472,100
2024-09-19 15:55:27.080000,420.41848776448944,1001
2024-09-19 15:55:27.117000,420.3911822348124,97
2024-09-19 15:55:27.122000,420.3878278140769,98
2024-09-19 15:55:27.161000,420.38841522611216,6
2024-09-19 15:55:27.262000,420.37573129144783,14
2024-09-19 15:55:27.379000,420.37576670624,105
2024-09-19 15:55:27.400000,420.3883765161426,1000
2024-09-19 15:55:27.437000,420.397089652066,997
2024-09-19 15:55:27.668000,420.3960338781818,11
2024-09-19 15:55:27.805000,420.39036657202377,1005
2024-09-19 15:55:27.810000,420.3867695626868,104
2024-09-19 15:55:27.896000,420.3912642528837,9
2024-09-19 15:55:28.242000,420.4694394070338,995
2024-09-19 15:55:28.355000,420.48419475417353,995
2024-09-19 15:55:28.364000,420.4271783994123,104
2024-09-19 15:55:28.378000,420.472280086082,1003
2024-09-19 15:55:28.392000,420.46838944543,9
2024-09-19 15:55:28.402000,420.4725139697093,100
2024-09-19 15:55:28.490000,420.4898927528087,1002
2024-09-19 15:55:28.537000,420.4609300912297,14
2024-09-19 15:55:28.617000,420.4646372493191,5
2024-09-19 15:55:28.683000,420.4579473286345,1004
2024-09-19 15:55:28.733000,420.4662463823088,105
2024-09-19 15:55:28.779000,420.47956959073946,99
2024-09-19 15:55:28.937000,420.45771801006697,100
2024-09-19 15:55:28.961000,420.4746829840252,1001
2024-09-19 15:55:30.011000,420.4916488963514,10
2024-09-19 15:55:30.138000,420.47007942982617,996
2024-09-19 15:55:30.150000,420.4548239602416,7
2024-09-19 15:55:30.280000,420.52217809281575,7
2024-09-19 15:55:30.326000,420.48769400054994,1003
2024-09-19 15:55:30.354000,420.4772861510722,101
2024-09-19 15:55:30.509000,420.50610173711794,999
2024-09-19 15:55:30.515000,420.4906032264208,5
2024-09-19 15:55:30.610000,420.4502725051868,12
2024-09-19 15:55:30.627000,420.5203549607919,997
2024-09-19 15:55:30.649000,420.4717449776833,1000
2024-09-19 15:55:30.650000,420.4729283033509,98
2024-09-19 15:55:30.740000,420.5308725381111,7
2024-09-19 15:55:30.742000,420.47582761338185,13
2024-09-19 15:55:30.798000,420.4927717529329,9
2024-09-19 15:55:30.949000,420.4701332090789,7
2024-09-19 15:55:30.989000,420.5274208956067,105
2024-09-19 15:55:31.068000,420.5608005304472,8
2024-09-19 15:55:31.148000,420.5472163905279,11
2024-09-19 15:55:31.175000,420.5743307891889,11
2024-09-19 15:55:31.236000,420.5632291319959,102
2024-09-19 15:55:31.245000,420.562113959626,998
2024-09-19 15:55:31.279000,420.5297808092004,104
2024-09-19 15:55:31.313000,420.54928467961486,105
2024-09-19 15:55:31.378000,420.5614320197718,102
2024-09-19 15:55:31.392000,420.51483306364014,1004
2024-09-19 15:55:31.394000,420.5778871816567,1000
2024-09-19 15:55:31.413000,420.5748727041434,1003
2024-09-19 15:55:31.468000,420.5384403323322,6
2024-09-19 15:55:31.499000,420.5524573675849,101
2024-09-19 15:55:31.499000,420.5383090176002,1002
2024-09-19 15:55:31.536000,420.55653943305407,103
2024-09-19 15:55:31.581000,420.5732768569357,101
2024-09-19 15:55:31.642000,420.5588894001117,996
2024-09-19 15:55:31.693000,420.5713310180958,11
2024-09-19 15:55:31.706000,420.5349105228357,104
2024-09-19 15:55:31.717000,420.5481309836407,98
2024-09-19 15:55:31.753000,420.5554774076269,1003
2024-09-19 15:55:31.763000,420.5300993362517,7
2024-09-19 15:55:31.854000,420.5538499029668,9
2024-09-19 15:55:33.059000,420.5637434515027,14
2024-09-19 15:55:33.077000,420.554463512533,98
2024-09-19 15:55:33.123000,420.556104251112,1000
2024-09-19 15:55:33.352000,420.5650045762384,105
2024-09-19 15:55:33.871000,420.5457495451733,98
2024-09-19 15:55:34.154000,420.5586167179865,101
2024-09-19 15:55:34.228000,420.5443965767574,104
2024-09-19 15:55:34.354000,420.5464460284702,11
2024-09-19 15:55:34.587000,420.5398886231466,95
2024-09-19 15:55:34.638000,420.5482240012428,10
2024-09-19 15:55:34.729000,420.5576963081309,13
2024-09-19 15:55:34.988000,420.5388443090305,999
2024-09-19 15:55:35.355000,420.55829741285817,98
2024-09-19 15:55:35.615000,420.54967689409216,102
2024-09-19 15:55:35.841000,420.5625872794849,12
2024-09-19 15:55:36.119000,420.5659430258638,998
2024-09-19 15:55:36.206000,420.56159571678734,998
2024-09-19 15:55:36.365000,420.5743039381686,14
2024-09-19 15:55:36.402000,420.56624275781104,102
2024-09-19 15:55:36.449000,420.5652148610112,14
2024-09-19 15:55:36.534000,420.5484206140729,12
2024-09-19 15:55:36.603000,420.5628675118882,1001
2024-09-19 15:55:36.694000,420.5597931464545,11
2024-09-19 15:55:36.706000,420.56058668043096,104
2024-09-19 15:55:36.717000,420.5640375349794,5
2024-09-19 15:55:36.757000,420.5666107313476,9
2024-09-19 15:55:36.792000,420.5636090920423,105
2024-09-19 15:55:36.943000,420.5783097408552,5
2024-09-19 15:55:36.996000,420.575307619396,5
2024-09-19 15:55:36.999000,420.5546503856588,98
2024-09-19 15:55:37.183000,420.5376126840278,10
2024-09-19 15:55:37.191000,420.5381613046218,9
2024-09-19 15:55:37.224000,420.5340730077845,104
2024-09-19 15:55:37.309000,420.537231409109,1004
2024-09-19 15:55:37.369000,420.5323025536391,11
2024-09-19 15:55:37.489000,420.5399445811811,8
2024-09-19 15:55:37.489000,420.55690753200247,10
2024-09-19 15:55:37.765000,420.5381744802011,100
2024-09-19 15:55:37.789000,420.5407187036002,15
2024-09-19 15:55:37.975000,420.55693245730896,97
2024-09-19 15:55:38.201000,420.5507137940999,6
2024-09-19 15:55:38.250000,420.5450883680628,1002
2024-09-19 15:55:38.807000,420.5360985453993,999
2024-09-19 15:55:39.106000,420.5146564686303,1004
2024-09-19 15:55:39.158000,420.5047368469866,1005
2024-09-19 15:55:39.166000,420.5267162031274,104
2024-09-19 15:55:39.201000,420.5325742553256,99
2024-09-19 15:55:39.240000,419.25547673610953,1004
2024-09-19 15:55:39.388000,420.5354230585992,95
2024-09-19 15:55:39.472000,420.5378279384559,999
2024-09-19 15:55:39.606000,420.5200141479659,11
2024-09-19 15:55:39.678000,420.5381876092205,14
2024-09-19 15:55:39.696000,420.5222965375942,103
2024-09-19 15:55:39.991000,419.2961661477788,997
2024-09-19 15:55:40.028000,420.5351305992942,11
2024-09-19 15:55:40.069000,420.4857929336732,995
2024-09-19 15:55:40.103000,420.521618088137,996
2024-09-19 15:55:40.109000,420.4707818624212,1001
2024-09-19 15:55:40.144000,420.5221019597726,1004
2024-09-19 15:55:40.164000,420.5221818047225,95
2024-09-19 15:55:40.172000,420.5008728313657,103
2024-09-19 15:55:40.179000,420.48759316902186,5
2024-09-19 15:55:40.189000,420.5383407045998,14
2024-09-19 15:55:40.208000,420.5401571380717,11
2024-09-19 15:55:40.293000,420.489708470559,103
2024-09-19 15:55:40.325000,420.4711298399477,9
2024-09-19 15:55:40.332000,420.5245347304951,98
2024-09-19 15:55:40.332000,420.5127833792393,1003
2024-09-19 15:55:40.482000,420.52823348514784,98
2024-09-19 15:55:40.510000,420.51943368022125,998
2024-09-19 15:55:40.602000,420.5266833788391,7
2024-09-19 15:55:40.614000,420.5421018593368,14
2024-09-19 15:55:40.652000,420.49011039217663,1002
2024-09-19 15:55:40.669000,420.51325532719466,101
2024-09-19 15:55:40.670000,420.5030204516586,95
2024-09-19 15:55:40.688000,420.5003968518324,1002
2024-09-19 15:55:40.709000,420.51012249847145,6
2024-09-19 15:55:40.799000,420.5225195869647,102
2024-09-19 15:55:40.889000,420.5037663387692,1003
2024-09-19 15:55:40.904000,420.5257457233216,102
2024-09-19 15:55:40.975000,420.5241314569945,104
2024-09-19 15:55:40.994000,420.4929308307813,1000
2024-09-19 15:55:40.996000,420.5062414655359,14
2024-09-19 15:55:41.021000,420.5343161286364,10
2024-09-19 15:55:41.114000,420.4990283559727,101
2024-09-19 15:55:41.428000,420.55549949931697,5
2024-09-19 15:55:41.519000,420.5544577619032,6
2024-09-19 15:55:41.552000,420.5781299087196,103
2024-09-19 15:55:41.656000,420.5580191081555,8
2024-09-19 15:55:41.671000,420.5581737863512,7
2024-09-19 15:55:41.707000,420.5691631846013,1001
2024-09-19 15:55:41.954000,420.5311387306295,13
2024-09-19 15:55:42.012000,420.58812326516096,1004
2024-09-19 15:55:42.027000,420.545999318597,14
2024-09-19 15:55:42.060000,420.533332506381,5
2024-09-19 15:55:42.087000,420.571930115318,11
2024-09-19 15:55:42.153000,420.5378621164206,104
2024-09-19 15:55:42.215000,420.5883334389361,1001
2024-09-19 15:55:42.261000,420.58001606492616,11
2024-09-19 15:55:42.292000,420.5653817484493,1003
2024-09-19 15:55:42.301000,420.5730442648348,1000
2024-09-19 15:55:42.506000,420.5583693253225,1001
2024-09-19 15:55:42.661000,420.585949462057,10
2024-09-19 15:55:42.801000,420.52000578179474,101
2024-09-19 15:55:42.857000,420.5737840292412,5
2024-09-19 15:55:42.902000,420.5880504065857,96
2024-09-19 15:55:42.941000,420.5580195999465,1003
2024-09-19 15:55:43.028000,420.5767786757961,15
2024-09-19 15:55:43.074000,420.5741368919848,5
2024-09-19 15:55:43.136000,420.5844684379144,1002
2024-09-19 15:55:43.258000,420.5706155503077,1001
2024-09-19 15:55:43.284000,420.5927603773912,10
2024-09-19 15:55:43.491000,420.5832214097159,102
2024-09-19 15:55:43.512000,420.6055054232813,105
2024-09-19 15:55:43.590000,420.5718072359683,997
2024-09-19 15:55:44.083000,420.6060680267178,1003
2024-09-19 15:55:44.145000,420.644321318764,1002
2024-09-19 15:55:44.315000,420.62116964085794,98
2024-09-19 15:55:44.351000,420.6569195401526,98
2024-09-19 15:55:44.410000,420.6336581397106,98
2024-09-19 15:55:44.415000,420.6113321594629,10
2024-09-19 15:55:44.549000,420.6613128345125,97
2024-09-19 15:55:44.610000,420.6702345719612,105
2024-09-19 15:55:44.742000,420.5950567403279,1000
2024-09-19 15:55:45.004000,420.6440657673021,996
2024-09-19 15:55:45.009000,420.6761457504872,95
2024-09-19 15:55:45.461000,420.67962284477534,101
2024-09-19 15:55:45.544000,420.6422500330975,96
2024-09-19 15:55:45.611000,420.6819756291687,1004
2024-09-19 15:55:45.647000,420.6926274044696,996
2024-09-19 15:55:46.081000,420.6951340672377,11
2024-09-19 15:55:46.107000,420.6959329801279,100
2024-09-19 15:55:46.118000,420.6649439775777,1002
2024-09-19 15:55:46.130000,420.69091135548,1001
2024-09-19 15:55:46.134000,420.663483716153,8
2024-09-19 15:55:46.292000,420.63971615070346,101
2024-09-19 15:55:46.306000,420.64002502369374,997
2024-09-19 15:55:46.318000,420.7092487893072,102
2024-09-19 15:55:46.322000,420.6567208445025,105
2024-09-19 15:55:46.353000,420.667473721416,10
2024-09-19 15:55:46.390000,420.6595679495936,7
2024-09-19 15:55:46.418000,420.6763134887337,13
2024-09-19 15:55:46.420000,420.680126729907,103
2024-09-19 15:55:46.435000,420.7055712377922,13
2024-09-19 15:55:46.455000,420.64918584145227,1002
2024-09-19 15:55:46.479000,420.682444264639,97
2024-09-19 15:55:46.511000,420.7016090327024,997
2024-09-19 15:55:46.513000,420.6467406806356,8
2024-09-19 15:55:46.520000,420.6396487085795,12
2024-09-19 15:55:46.651000,420.6868242977666,96
2024-09-19 15:55:46.667000,420.66474235875137,99
2024-09-19 15:55:46.689000,420.6746797271763,96
2024-09-19 15:55:46.843000,420.67560721220326,1003
2024-09-19 15:55:46.857000,420.6642362073445,13
2024-09-19 15:55:46.925000,420.6663887644172,8
2024-09-19 15:55:46.937000,420.6904608877405,102
2024-09-19 15:55:46.997000,420.6839495272165,103
2024-09-19 15:55:47.087000,420.6930179838754,998
2024-09-19 15:55:47.132000,420.7172674646491,8
2024-09-19 15:55:47.154000,420.689833577497,1003
2024-09-19 15:55:47.201000,420.6982903539454,8
2024-09-19 15:55:47.211000,420.70211643755823,102
2024-09-19 15:55:47.256000,420.70594438100426,1000
2024-09-19 15:55:47.335000,420.6902421837783,96
2024-09-19 15:55:47.554000,420.6752312015888,101
2024-09-19 15:55:47.615000,420.70697594614194,102
2024-09-19 15:55:47.698000,420.67760285114855,97
2024-09-19 15:55:47.799000,420.6919359480724,995
2024-09-19 15:55:47.828000,420.69073410747154,100
2024-09-19 15:55:47.946000,420.6952198742607,101
2024-09-19 15:55:48.149000,420.63177470977087,105
2024-09-19 15:55:48.164000,420.6567659048784,100
2024-09-19 15:55:48.179000,420.66217009182094,100
2024-09-19 15:55:48.190000,420.6570622624952,1004
2024-09-19 15:55:48.226000,420.6702460422064,1000
2024-09-19 15:55:48.310000,420.69651901734767,8
2024-09-19 15:55:48.356000,420.639277242196,995
2024-09-19 15:55:48.385000,420.69023016790976,11
2024-09-19 15:55:48.607000,420.6834534260051,104
2024-09-19 15:55:48.758000,420.6881250475415,1002
2024-09-19 15:55:48.929000,420.6603164265415,1004
2024-09-19 15:55:49.368000,420.61694604036353,105
2024-09-19 15:55:49.688000,420.62696866058167,102
2024-09-19 15:55:50.071000,420.6003973854199,95
2024-09-19 15:55:50.259000,420.62313795616745,998
2024-09-19 15:55:50.308000,420.6032299132554,6
2024-09-19 15:55:50.355000,420.5915197103361,103
2024-09-19 15:55:50.461000,420.5768571487947,999
2024-09-19 15:55:50.476000,420.63161880239136,1004
2024-09-19 15:55:50.501000,420.6263162762608,13
2024-09-19 15:55:50.547000,420.5933896032584,999
2024-09-19 15:55:50.581000,420.61993754561536,1005
2024-09-19 15:55:50.740000,420.5983996890872,10
2024-09-19 15:55:50.746000,420.59581363116064,1000
2024-09-19 15:55:50.810000,420.5730331563082,1003
2024-09-19 15:55:50.865000,420.620022028665,104
2024-09-19 15:55:51.177000,420.6499313743458,7
2024-09-19 15:55:51.463000,420.6481661583171,97
2024-09-19 15:55:51.483000,420.63433572240257,998
2024-09-19 15:55:51.507000,420.6207389363743,12
2024-09-19 15:55:51.569000,420.6619724858665,997
2024-09-19 15:55:51.588000,420.619876213649,105
2024-09-19 15:55:51.594000,420.6129402467408,1003
2024-09-19 15:55:51.626000,420.6177130771507,96
2024-09-19 15:55:51.630000,420.6450414133144,995
2024-09-19 15:55:51.775000,420.6402661588793,1003
2024-09-19 15:55:51.917000,420.63725031436246,101
2024-09-19 15:55:51.996000,420.5962989299118,96
2024-09-19 15:55:52.261000,420.5994211792479,996
2024-09-19 15:55:52.483000,419.2840533101762,997
2024-09-19 15:55:52.502000,420.6065182479779,1003
2024-09-19 15:55:53.023000,420.58270902149735,100
2024-09-19 15:55:53.051000,420.648622299441,9
2024-09-19 15:55:53.113000,420.6601225813229,13
2024-09-19 15:55:53.128000,420.6374399622984,104
2024-09-19 15:55:53.166000,420.69685637607824,11
2024-09-19 15:55:53.272000,420.6617597868439,11
2024-09-19 15:55:53.438000,420.6451541820978,998
2024-09-19 15:55:53.470000,420.6035574959911,1003
2024-09-19 15:55:53.481000,420.622688435602,996
2024-09-19 15:55:53.486000,420.6602977297167,13
2024-09-19 15:55:53.505000,420.64963042783336,1001
2024-09-19 15:55:53.506000,420.66325729032985,7
2024-09-19 15:55:53.516000,420.63154225071975,996
2024-09-19 15:55:53.537000,420.6613761423402,96
2024-09-19 15:55:53.555000,420.5847613575745,10
2024-09-19 15:55:53.601000,420.6258472179823,14
2024-09-19 15:55:53.609000,420.6672154464644,97
2024-09-19 15:55:53.633000,420.6147088053413,96
2024-09-19 15:55:53.704000,420.62410706692646,997
2024-09-19 15:55:53.727000,420.63664500530666,105
2024-09-19 15:55:53.741000,420.6829758731585,101
2024-09-19 15:55:53.747000,420.6282890811782,8
2024-09-19 15:55:53.790000,420.6376904164132,1004
2024-09-19 15:55:53.915000,420.5924805213058,998
2024-09-19 15:55:53.930000,420.65904385493246,6
2024-09-19 15:55:53.944000,420.6478574877461,1002
2024-09-19 15:55:54.004000,420.6965863386689,14
2024-09-19 15:55:54.015000,420.6588562467779,995
2024-09-19 15:55:54.032000,420.6632701518551,995
2024-09-19 15:55:54.117000,420.6649469783093,8
2024-09-19 15:55:54.268000,420.680280845062,10
2024-09-19 15:55:54.278000,420.6502228057556,1003
2024-09-19 15:55:54.301000,420.6880027030243,1004
2024-09-19 15:55:54.342000,419.1404429318063,13
2024-09-19 15:55:54.345000,420.6807853705536,1001
2024-09-19 15:55:54.415000,420.702831390464,100
2024-09-19 15:55:54.489000,420.6724799892234,101
2024-09-19 15:55:54.532000,420.6495724404171,98
2024-09-19 15:55:54.545000,420.66384759838655,12
2024-09-19 15:55:54.548000,420.6853565806736,995
2024-09-19 15:55:54.845000,420.6728348097993,998
2024-09-19 15:55:54.967000,420.6623109338984,995
2024-09-19 15:55:55.166000,420.6772198016765,101
2024-09-19 15:55:55.220000,420.7035958720309,105
2024-09-19 15:55:55.225000,420.6819834518967,10
2024-09-19 15:55:55.467000,420.652282552138,996
2024-09-19 15:55:55.786000,420.69642564236347,995
2024-09-19 15:55:55.813000,420.70937151490426,998
2024-09-19 15:55:55.906000,420.6757568389471,1000
2024-09-19 15:55:55.938000,420.6950069512082,999
2024-09-19 15:55:56.538000,420.68857756208047,8
2024-09-19 15:55:56.906000,420.694184360618,102
2024-09-19 15:55:56.978000,420.6871774946584,99
2024-09-19 15:55:57.029000,420.7611691459136,9
2024-09-19 15:55:57.141000,420.7423071351283,97
2024-09-19 15:55:57.143000,420.72881087397286,97
2024-09-19 15:55:57.161000,420.6949280745556,1002
2024-09-19 15:55:57.207000,420.7694491570039,6
2024-09-19 15:55:57.212000,420.7709714646486,101
2024-09-19 15:55:57.230000,420.7190419974909,12
2024-09-19 15:55:57.240000,420.7560538216381,8
2024-09-19 15:55:57.342000,420.729603978715,995
2024-09-19 15:55:57.388000,420.7370906621676,11
2024-09-19 15:55:57.580000,420.7383753661189,96
2024-09-19 15:55:57.678000,420.7400418381547,9
2024-09-19 15:55:57.739000,418.9745147504305,104
2024-09-19 15:55:57.808000,420.73994889555576,1004
2024-09-19 15:55:57.897000,420.723145586848,101
2024-09-19 15:55:57.937000,420.7313622848348,15
2024-09-19 15:55:57.946000,420.7318015413861,1003
2024-09-19 15:55:57.969000,420.6850778347454,15
2024-09-19 15:55:57.983000,420.71573546729815,12
2024-09-19 15:55:57.999000,420.67113925242967,1005
2024-09-19 15:55:58.064000,420.76170851284246,102
2024-09-19 15:55:58.209000,420.6976428514559,1001
2024-09-19 15:55:58.213000,420.77756430324166,100
2024-09-19 15:55:58.240000,420.7639744627712,101
2024-09-19 15:55:58.265000,420.71569418483074,97
2024-09-19 15:55:58.277000,420.8037404075925,13
2024-09-19 15:55:58.390000,420.75671594412,96
2024-09-19 15:55:58.521000,420.7075757211003,1003
2024-09-19 15:55:58.601000,420.77409501841066,15
2024-09-19 15:55:58.605000,420.8073676468982,6
2024-09-19 15:55:58.648000,420.7808820526929,9
2024-09-19 15:55:58.720000,420.7540205953723,99
2024-09-19 15:55:58.785000,420.73782827985445,6
2024-09-19 15:55:58.830000,420.77524691582977,103
2024-09-19 15:55:58.878000,420.7070294118207,102
2024-09-19 15:55:58.921000,420.74673873889486,99
2024-09-19 15:55:59.073000,420.7048915466666,100
2024-09-19 15:55:59.546000,420.6943559734892,98
