Timestamp,Price,Size
2024-09-20 12:36:00.025000,428.4679844346205,998
2024-09-20 12:36:00.086000,428.42315543121697,9
2024-09-20 12:36:00.091000,428.461522410727,15
2024-09-20 12:36:00.139000,428.4226245907848,98
2024-09-20 12:36:00.214000,428.4373220410743,5
2024-09-20 12:36:00.237000,428.4693725290825,997
2024-09-20 12:36:00.240000,428.4279452559098,100
2024-09-20 12:36:00.281000,428.4632480692391,6
2024-09-20 12:36:00.293000,428.4335945082266,9
2024-09-20 12:36:00.393000,428.4783829077041,105
2024-09-20 12:36:00.400000,428.4670306789711,998
2024-09-20 12:36:00.428000,428.4568548736693,102
2024-09-20 12:36:00.471000,428.4348547466433,14
2024-09-20 12:36:00.488000,428.4124632199785,1004
2024-09-20 12:36:00.507000,428.4138432223448,97
2024-09-20 12:36:00.604000,428.4301148935986,97
2024-09-20 12:36:00.610000,428.4279997462347,1003
2024-09-20 12:36:00.663000,428.4675022393156,997
2024-09-20 12:36:00.681000,428.43846635899337,98
2024-09-20 12:36:00.683000,428.4269170093645,105
2024-09-20 12:36:00.688000,428.4400390266931,1002
2024-09-20 12:36:00.697000,428.44208205246696,10
2024-09-20 12:36:00.773000,428.4142522913987,999
2024-09-20 12:36:00.795000,428.4129648032078,13
2024-09-20 12:36:00.809000,428.4226807946416,1004
2024-09-20 12:36:00.915000,428.4491484279525,1000
2024-09-20 12:36:00.966000,428.4266640407493,7
2024-09-20 12:36:00.992000,428.3962440968714,95
2024-09-20 12:36:01.008000,428.3739929620287,101
2024-09-20 12:36:01.044000,428.3792930864043,997
2024-09-20 12:36:01.060000,428.37758452192594,999
2024-09-20 12:36:01.082000,428.3524694062832,100
2024-09-20 12:36:01.089000,428.3627658084467,12
2024-09-20 12:36:01.126000,428.3497386039124,95
2024-09-20 12:36:01.210000,428.39668826075945,95
2024-09-20 12:36:01.217000,428.39016303165306,15
2024-09-20 12:36:01.225000,428.34548778116607,1000
2024-09-20 12:36:01.556000,428.3808163896951,999
2024-09-20 12:36:01.603000,428.394744225944,1001
2024-09-20 12:36:01.608000,428.40592302549726,1005
2024-09-20 12:36:01.666000,428.3382418220039,6
2024-09-20 12:36:01.808000,428.3664865843438,104
2024-09-20 12:36:01.832000,428.3488541365549,103
2024-09-20 12:36:01.842000,428.32774408937775,105
2024-09-20 12:36:01.878000,428.3949738933906,1003
2024-09-20 12:36:01.928000,428.4092522736855,95
2024-09-20 12:36:01.961000,428.3241303320996,96
2024-09-20 12:36:02.035000,428.3617209678059,996
2024-09-20 12:36:02.088000,428.3576777395107,1001
2024-09-20 12:36:02.273000,428.3635375420552,5
2024-09-20 12:36:02.333000,428.3631932192952,98
2024-09-20 12:36:02.380000,428.355247075606,997
2024-09-20 12:36:02.467000,428.3577113973046,1000
2024-09-20 12:36:02.485000,428.3486810122018,104
2024-09-20 12:36:02.513000,428.3590639025684,999
2024-09-20 12:36:02.718000,428.3451318291024,997
2024-09-20 12:36:02.774000,428.3660410617748,11
2024-09-20 12:36:02.783000,428.3741618378445,996
2024-09-20 12:36:02.807000,428.3756608517728,102
2024-09-20 12:36:02.895000,428.3697919706683,9
2024-09-20 12:36:02.904000,428.322689667998,10
2024-09-20 12:36:02.997000,428.316273280771,14
2024-09-20 12:36:03.001000,428.3416226168728,1005
2024-09-20 12:36:03.012000,428.36047274356594,95
2024-09-20 12:36:03.035000,428.3419357077111,1002
2024-09-20 12:36:03.076000,428.3665319537987,999
2024-09-20 12:36:03.132000,428.3595628698467,14
2024-09-20 12:36:03.175000,428.3619995703541,997
2024-09-20 12:36:03.224000,428.3795596459658,14
2024-09-20 12:36:03.227000,428.3661957594571,101
2024-09-20 12:36:03.242000,428.37844327724025,102
2024-09-20 12:36:03.255000,428.33418739438366,15
2024-09-20 12:36:03.286000,428.379125734619,999
2024-09-20 12:36:03.343000,428.3618945586558,7
2024-09-20 12:36:03.345000,428.3303900515714,101
2024-09-20 12:36:03.349000,428.3215230740539,97
2024-09-20 12:36:03.378000,428.3782582800744,10
2024-09-20 12:36:03.479000,428.3796705983447,98
2024-09-20 12:36:03.544000,428.3593599633105,999
2024-09-20 12:36:03.573000,428.3520554899022,1001
2024-09-20 12:36:03.620000,428.3697928652199,998
2024-09-20 12:36:03.781000,428.3388145827979,10
2024-09-20 12:36:03.792000,428.3188833209553,996
2024-09-20 12:36:03.793000,428.34893142231687,105
2024-09-20 12:36:03.850000,428.3667815620776,95
2024-09-20 12:36:03.991000,428.3417966859266,1002
2024-09-20 12:36:04.161000,428.30566127788,96
2024-09-20 12:36:04.323000,428.3383686996447,8
2024-09-20 12:36:04.364000,428.3189035525771,105
2024-09-20 12:36:04.429000,428.3298945977205,1005
2024-09-20 12:36:04.485000,428.3113421814424,1000
2024-09-20 12:36:05.038000,428.2639012106745,101
2024-09-20 12:36:05.073000,428.2706091360311,11
2024-09-20 12:36:05.177000,428.2331957608391,1000
2024-09-20 12:36:05.216000,428.2795618774393,11
2024-09-20 12:36:05.247000,428.25872059482896,5
2024-09-20 12:36:05.327000,428.2615194670896,1002
2024-09-20 12:36:05.348000,428.27778506886943,8
2024-09-20 12:36:05.424000,428.2622892143477,95
2024-09-20 12:36:05.431000,428.3186353836677,100
2024-09-20 12:36:05.531000,428.2895463965871,998
2024-09-20 12:36:05.667000,428.2910434840929,96
2024-09-20 12:36:05.708000,428.28425511601546,104
2024-09-20 12:36:05.777000,428.3059537356954,998
2024-09-20 12:36:05.796000,428.2832118690055,104
2024-09-20 12:36:05.852000,428.2884120163885,13
2024-09-20 12:36:05.861000,428.2819579320158,15
2024-09-20 12:36:05.958000,428.2660995643056,102
2024-09-20 12:36:06.013000,428.21279960194585,1003
2024-09-20 12:36:06.064000,428.2188238497791,99
2024-09-20 12:36:06.173000,428.2015397124116,7
2024-09-20 12:36:06.206000,428.17927486298726,5
2024-09-20 12:36:06.209000,428.0964598159743,1004
2024-09-20 12:36:06.209000,428.22352163871176,98
2024-09-20 12:36:06.217000,428.21003429968766,999
2024-09-20 12:36:06.328000,428.1763168698516,101
2024-09-20 12:36:06.335000,428.23482276842105,12
2024-09-20 12:36:06.364000,428.2331592090647,95
2024-09-20 12:36:06.423000,428.0749647473836,7
2024-09-20 12:36:06.494000,428.1778090174206,11
2024-09-20 12:36:06.505000,428.2335755596781,996
2024-09-20 12:36:06.528000,428.2314096990395,13
2024-09-20 12:36:06.561000,428.2163041159739,6
2024-09-20 12:36:06.683000,428.159524584092,100
2024-09-20 12:36:06.683000,428.1538145299572,14
2024-09-20 12:36:06.775000,428.1288052319634,102
2024-09-20 12:36:06.815000,428.072615033656,996
2024-09-20 12:36:06.866000,428.2178670912432,102
2024-09-20 12:36:06.868000,428.1545403007095,14
2024-09-20 12:36:06.894000,428.2287230143341,102
2024-09-20 12:36:06.947000,428.1620084717418,105
2024-09-20 12:36:06.989000,428.1002512097807,99
2024-09-20 12:36:06.999000,428.1423370561112,100
2024-09-20 12:36:07.024000,428.05669023064416,9
2024-09-20 12:36:07.106000,428.03164185373214,95
2024-09-20 12:36:07.217000,428.0499212027402,104
2024-09-20 12:36:07.222000,428.06017445419,13
2024-09-20 12:36:07.239000,428.0586432259794,12
2024-09-20 12:36:07.246000,428.0539746953379,105
2024-09-20 12:36:07.254000,428.0761698223067,14
2024-09-20 12:36:07.289000,428.0464144336306,998
2024-09-20 12:36:07.366000,428.0513939259025,10
2024-09-20 12:36:07.470000,428.02784981242826,9
2024-09-20 12:36:07.509000,428.0139183569117,8
2024-09-20 12:36:07.517000,428.06831177016255,1004
2024-09-20 12:36:07.587000,428.0599638192946,8
2024-09-20 12:36:07.772000,428.0436721809722,6
2024-09-20 12:36:07.836000,428.0680267611463,1003
2024-09-20 12:36:07.843000,428.0380970833381,995
2024-09-20 12:36:07.959000,428.0771869591353,998
2024-09-20 12:36:08.013000,428.0819693970581,998
2024-09-20 12:36:08.017000,428.1662440712566,95
2024-09-20 12:36:08.048000,428.0724344770106,99
2024-09-20 12:36:08.057000,428.16296381299856,997
2024-09-20 12:36:08.067000,428.0770782598199,998
2024-09-20 12:36:08.084000,428.1607227786205,98
2024-09-20 12:36:08.098000,428.0805435399108,98
2024-09-20 12:36:08.136000,428.0804880773965,97
2024-09-20 12:36:08.145000,428.0616459675471,99
2024-09-20 12:36:08.165000,428.0782507259787,1005
2024-09-20 12:36:08.175000,428.0218494736354,995
2024-09-20 12:36:08.213000,428.0942123769997,14
2024-09-20 12:36:08.255000,428.12860610485217,97
2024-09-20 12:36:08.273000,428.1383113223356,12
2024-09-20 12:36:08.349000,428.02974341153134,6
2024-09-20 12:36:08.358000,428.1152321612686,9
2024-09-20 12:36:08.407000,428.16501345200913,104
2024-09-20 12:36:08.416000,428.0789765688568,101
2024-09-20 12:36:08.426000,428.0459348158689,995
2024-09-20 12:36:08.475000,428.1277449280425,96
2024-09-20 12:36:08.603000,428.16005980267136,995
2024-09-20 12:36:08.612000,428.1042209509458,101
2024-09-20 12:36:08.663000,428.0815027300833,13
2024-09-20 12:36:08.795000,428.1629079780133,97
2024-09-20 12:36:08.847000,428.0778651104697,101
2024-09-20 12:36:08.888000,428.15960683463584,9
2024-09-20 12:36:08.940000,428.1532409945028,7
2024-09-20 12:36:09.065000,428.1467559843073,995
2024-09-20 12:36:09.083000,428.1497101255221,1003
2024-09-20 12:36:09.108000,428.1525231129943,96
2024-09-20 12:36:09.173000,428.1529079898682,99
2024-09-20 12:36:09.230000,428.16097031040056,104
2024-09-20 12:36:09.273000,428.1474873251884,1005
2024-09-20 12:36:09.312000,428.1337312631544,5
2024-09-20 12:36:09.388000,428.12056821980747,1004
2024-09-20 12:36:09.453000,428.1475750867421,1000
2024-09-20 12:36:09.640000,428.1722036069896,99
2024-09-20 12:36:09.741000,428.1365067315994,104
2024-09-20 12:36:10.007000,428.12942449358303,10
2024-09-20 12:36:10.011000,428.1340851616765,1005
2024-09-20 12:36:10.054000,428.1266452041137,102
2024-09-20 12:36:10.089000,428.148208273892,102
2024-09-20 12:36:10.120000,428.1441108294384,6
2024-09-20 12:36:10.133000,428.1265539510164,995
2024-09-20 12:36:10.154000,428.15395690870486,13
2024-09-20 12:36:10.172000,428.1429000654288,102
2024-09-20 12:36:10.214000,428.151582204504,99
2024-09-20 12:36:10.246000,428.1116162209779,1004
2024-09-20 12:36:10.299000,428.11964562576674,998
2024-09-20 12:36:10.309000,428.117011469487,103
2024-09-20 12:36:10.364000,428.158707768537,99
2024-09-20 12:36:10.397000,428.1355334043658,95
2024-09-20 12:36:10.418000,428.1130471694672,10
2024-09-20 12:36:10.483000,428.1647832957569,103
2024-09-20 12:36:10.581000,428.1673390994607,12
2024-09-20 12:36:10.589000,428.1246655403467,999
2024-09-20 12:36:10.614000,428.1308347778482,998
2024-09-20 12:36:10.621000,428.1189769813342,8
2024-09-20 12:36:10.653000,428.1419259617832,103
2024-09-20 12:36:10.687000,428.1520373728645,1003
2024-09-20 12:36:10.698000,428.1574874815981,15
2024-09-20 12:36:10.767000,428.11844008309896,9
2024-09-20 12:36:10.797000,428.1542618316851,998
2024-09-20 12:36:10.843000,428.1192660087517,995
2024-09-20 12:36:10.934000,428.1631837944613,7
2024-09-20 12:36:11.105000,428.1666703762537,995
2024-09-20 12:36:11.194000,428.14787785589294,97
2024-09-20 12:36:11.262000,428.1671673896169,7
2024-09-20 12:36:11.458000,428.15214345037816,1001
2024-09-20 12:36:11.477000,428.1729479607072,98
2024-09-20 12:36:11.514000,428.1839578422116,99
2024-09-20 12:36:11.524000,428.1658127999639,1000
2024-09-20 12:36:11.603000,428.1472502072804,10
2024-09-20 12:36:11.614000,428.17282497912447,997
2024-09-20 12:36:11.654000,428.1586958691751,6
2024-09-20 12:36:11.661000,428.1466186718969,13
2024-09-20 12:36:11.768000,428.1832188056679,97
2024-09-20 12:36:11.783000,428.1877571234643,105
2024-09-20 12:36:11.828000,428.1697971223785,7
2024-09-20 12:36:11.854000,428.1786081880252,999
2024-09-20 12:36:11.855000,428.13587441375233,1004
2024-09-20 12:36:11.976000,428.16453192344335,1001
2024-09-20 12:36:11.985000,428.1853547163072,8
2024-09-20 12:36:12.003000,428.1477701608337,999
2024-09-20 12:36:12.099000,428.1486563487302,6
2024-09-20 12:36:12.157000,428.18429039936535,104
2024-09-20 12:36:12.343000,428.15726255326416,10
2024-09-20 12:36:12.347000,428.1506686046424,6
2024-09-20 12:36:12.463000,428.1642624097851,12
2024-09-20 12:36:12.816000,428.1562503388547,6
2024-09-20 12:36:12.870000,428.1727080702471,9
2024-09-20 12:36:12.890000,428.1543483953864,10
2024-09-20 12:36:12.938000,428.15030407072527,997
2024-09-20 12:36:13.006000,428.15818153021087,95
2024-09-20 12:36:13.157000,428.1601263019359,7
2024-09-20 12:36:13.186000,428.1619168022122,1005
2024-09-20 12:36:13.264000,428.1405015791341,15
2024-09-20 12:36:13.315000,428.1489379530156,103
2024-09-20 12:36:13.322000,428.1641239394496,995
2024-09-20 12:36:13.364000,428.1361311831472,1000
2024-09-20 12:36:13.431000,428.1371729046277,1004
2024-09-20 12:36:13.436000,428.1608731873929,96
2024-09-20 12:36:13.524000,428.1451384418272,1000
2024-09-20 12:36:13.543000,428.157906723753,100
2024-09-20 12:36:13.611000,428.1368402997117,5
2024-09-20 12:36:13.868000,428.16407654606064,995
2024-09-20 12:36:13.998000,428.1630052950079,9
2024-09-20 12:36:14.771000,428.1392097587956,1001
2024-09-20 12:36:14.944000,428.1505030717877,99
2024-09-20 12:36:15.126000,428.2081472050341,14
2024-09-20 12:36:15.179000,428.1958263812273,102
2024-09-20 12:36:15.466000,428.1901697445121,1001
2024-09-20 12:36:15.623000,428.2607611744925,6
2024-09-20 12:36:15.632000,428.21536685836014,12
2024-09-20 12:36:15.645000,428.1777502143792,102
2024-09-20 12:36:15.662000,428.1725183514287,13
2024-09-20 12:36:15.699000,428.22205590263343,11
2024-09-20 12:36:15.810000,428.1742117780116,8
2024-09-20 12:36:15.819000,428.1616905704427,101
2024-09-20 12:36:15.859000,428.2442472156193,997
2024-09-20 12:36:15.943000,428.1597818266937,10
2024-09-20 12:36:15.953000,428.1755647904131,95
2024-09-20 12:36:15.970000,428.186505359226,1000
2024-09-20 12:36:16.342000,428.2601379236655,99
2024-09-20 12:36:16.864000,428.2584366641027,104
2024-09-20 12:36:16.931000,428.2602979306977,10
2024-09-20 12:36:16.939000,428.2515956423542,98
2024-09-20 12:36:17.218000,428.2514527409285,1005
2024-09-20 12:36:17.759000,428.2487786514332,5
2024-09-20 12:36:17.809000,428.2445308294925,995
2024-09-20 12:36:18.046000,428.20681040867817,14
2024-09-20 12:36:18.062000,428.14825521982345,998
2024-09-20 12:36:18.082000,428.1795116005288,95
2024-09-20 12:36:18.208000,428.2257618449963,11
2024-09-20 12:36:18.227000,428.1954325094388,999
2024-09-20 12:36:18.250000,428.22314889461455,8
2024-09-20 12:36:18.318000,428.1569880401056,7
2024-09-20 12:36:18.323000,428.2312941549332,1005
2024-09-20 12:36:18.384000,428.2326781175322,1003
2024-09-20 12:36:18.386000,428.22438542277,100
2024-09-20 12:36:18.399000,428.1818260566319,10
2024-09-20 12:36:18.425000,428.2244433712338,8
2024-09-20 12:36:18.439000,428.2272767285341,1003
2024-09-20 12:36:18.469000,428.2333159708692,15
2024-09-20 12:36:18.513000,428.2151962657597,6
2024-09-20 12:36:18.521000,428.2372035733693,12
2024-09-20 12:36:18.625000,428.1732728455439,12
2024-09-20 12:36:18.713000,428.2337413045353,1001
2024-09-20 12:36:18.897000,428.1280286593213,97
2024-09-20 12:36:18.901000,428.1978733506204,104
2024-09-20 12:36:18.951000,428.1447339460888,95
2024-09-20 12:36:18.963000,428.1877074964671,6
2024-09-20 12:36:20.158000,428.1012022679464,101
2024-09-20 12:36:20.205000,428.1095513030729,1005
2024-09-20 12:36:20.262000,428.1291136197421,1000
2024-09-20 12:36:20.269000,428.10485287289873,14
2024-09-20 12:36:20.287000,428.0824441857269,1003
2024-09-20 12:36:20.438000,428.08616367371184,98
2024-09-20 12:36:20.442000,428.1044476999111,996
2024-09-20 12:36:20.447000,428.0979757210607,104
2024-09-20 12:36:20.471000,428.07627014347713,104
2024-09-20 12:36:20.495000,428.11129826619646,996
2024-09-20 12:36:20.538000,428.1298173302089,97
2024-09-20 12:36:20.565000,428.0939008677499,15
2024-09-20 12:36:20.608000,428.07671158953343,9
2024-09-20 12:36:20.632000,428.0927395920303,97
2024-09-20 12:36:20.714000,428.0976144001779,5
2024-09-20 12:36:20.842000,428.09271574906194,98
2024-09-20 12:36:20.885000,428.1431654685242,96
2024-09-20 12:36:20.900000,428.0689142392836,5
2024-09-20 12:36:20.977000,428.0703689199349,97
2024-09-20 12:36:20.982000,428.0875821531971,1005
2024-09-20 12:36:21.118000,428.0728549419683,1000
2024-09-20 12:36:21.570000,428.0729963112936,96
2024-09-20 12:36:22.107000,428.07925872593614,1001
2024-09-20 12:36:22.236000,428.10589783899655,5
2024-09-20 12:36:22.251000,428.0824823792774,15
2024-09-20 12:36:22.268000,428.100265338363,98
2024-09-20 12:36:22.360000,428.08437314439294,995
2024-09-20 12:36:22.441000,428.0978551036004,997
2024-09-20 12:36:22.555000,428.088587548702,10
2024-09-20 12:36:22.567000,428.08358596514586,1002
2024-09-20 12:36:22.960000,428.0826116177354,8
2024-09-20 12:36:23.079000,428.1397580159662,103
2024-09-20 12:36:23.093000,428.1213462552921,10
2024-09-20 12:36:23.110000,428.1115052335437,14
2024-09-20 12:36:23.149000,428.1406925159205,996
2024-09-20 12:36:23.153000,428.1460408737863,9
2024-09-20 12:36:23.199000,428.13272751291504,9
2024-09-20 12:36:23.402000,428.1318574626912,95
2024-09-20 12:36:23.446000,428.1253728694676,6
2024-09-20 12:36:23.491000,428.1562063878584,103
2024-09-20 12:36:23.499000,428.15642231206857,105
2024-09-20 12:36:23.505000,428.1165616623595,14
2024-09-20 12:36:23.508000,428.160823905645,1005
2024-09-20 12:36:23.521000,428.1411045756578,1002
2024-09-20 12:36:23.633000,428.1343658898116,996
2024-09-20 12:36:23.641000,428.1053013311264,95
2024-09-20 12:36:23.665000,428.1243305345381,15
2024-09-20 12:36:23.707000,428.1083754446064,1002
2024-09-20 12:36:23.801000,428.1292106945515,1005
2024-09-20 12:36:23.818000,428.12141308891233,15
2024-09-20 12:36:23.818000,428.1398889800483,996
2024-09-20 12:36:23.851000,428.10973620366354,13
2024-09-20 12:36:23.854000,428.1163116661475,1001
2024-09-20 12:36:23.895000,428.1455075278072,5
2024-09-20 12:36:23.916000,428.12486821562334,996
2024-09-20 12:36:23.935000,428.1464202431778,95
2024-09-20 12:36:23.944000,428.1529601897518,1005
2024-09-20 12:36:24.036000,428.0094538903108,996
2024-09-20 12:36:24.066000,428.0392330037132,8
2024-09-20 12:36:24.086000,428.0213947581945,1005
2024-09-20 12:36:24.171000,428.0347529645357,5
2024-09-20 12:36:24.182000,428.0333888967984,1000
2024-09-20 12:36:24.207000,428.0234945546322,15
2024-09-20 12:36:24.221000,428.0113240271887,6
2024-09-20 12:36:24.246000,428.1267719870638,1003
2024-09-20 12:36:24.260000,428.0280455172119,8
2024-09-20 12:36:24.293000,428.0535864181005,6
2024-09-20 12:36:24.443000,428.1415953328277,995
2024-09-20 12:36:24.475000,428.01778138967336,9
2024-09-20 12:36:24.494000,428.01704043701,103
2024-09-20 12:36:24.517000,428.0874659073388,13
2024-09-20 12:36:24.527000,428.1239172673927,104
2024-09-20 12:36:24.535000,428.05984988649647,101
2024-09-20 12:36:24.636000,428.04686155176006,99
2024-09-20 12:36:24.649000,428.0460641908757,8
2024-09-20 12:36:24.665000,428.10786911771305,11
2024-09-20 12:36:24.669000,428.05042996792776,103
2024-09-20 12:36:24.701000,428.1333363503916,1000
2024-09-20 12:36:24.753000,428.0401395325638,1005
2024-09-20 12:36:24.760000,428.00721270739285,1000
2024-09-20 12:36:24.785000,428.04442232599536,104
2024-09-20 12:36:24.864000,428.0787732398979,103
2024-09-20 12:36:24.869000,428.0609157635963,103
2024-09-20 12:36:24.877000,428.04322211291833,5
2024-09-20 12:36:24.903000,428.0223827894346,7
2024-09-20 12:36:24.907000,428.0398778150944,13
2024-09-20 12:36:25.005000,428.0814408019012,9
2024-09-20 12:36:25.038000,428.0325791924912,997
2024-09-20 12:36:25.204000,428.0745459845847,13
2024-09-20 12:36:25.245000,428.0806174819044,105
2024-09-20 12:36:25.376000,428.0900461803559,998
2024-09-20 12:36:25.436000,428.08529066365895,96
2024-09-20 12:36:25.529000,428.068927253311,97
2024-09-20 12:36:25.689000,428.0728766166307,103
2024-09-20 12:36:25.703000,428.0539861915302,96
2024-09-20 12:36:25.821000,428.0789391549204,6
2024-09-20 12:36:25.929000,428.0693697106125,6
2024-09-20 12:36:25.975000,428.08136288302654,998
2024-09-20 12:36:26.079000,428.0524219997779,11
2024-09-20 12:36:26.101000,428.1265196032672,8
2024-09-20 12:36:26.118000,428.0695403945225,103
2024-09-20 12:36:26.129000,428.0659940646448,1000
2024-09-20 12:36:26.161000,428.0930835846242,100
2024-09-20 12:36:26.167000,428.069206459271,8
2024-09-20 12:36:26.194000,428.08481142478223,98
2024-09-20 12:36:26.196000,428.03876388486646,99
2024-09-20 12:36:26.249000,428.05334061570926,15
2024-09-20 12:36:26.270000,428.09117858710215,6
2024-09-20 12:36:26.321000,428.1024392146473,995
2024-09-20 12:36:26.348000,428.1135379525823,99
2024-09-20 12:36:26.393000,428.1351859209876,1003
2024-09-20 12:36:26.407000,428.09888702834286,1003
2024-09-20 12:36:26.447000,428.1124589081628,12
2024-09-20 12:36:26.535000,428.046002150234,100
2024-09-20 12:36:26.663000,428.0708424500875,13
2024-09-20 12:36:26.694000,428.1015337959551,1004
2024-09-20 12:36:26.726000,428.0917793253354,13
2024-09-20 12:36:26.752000,428.07083756669664,103
2024-09-20 12:36:26.848000,428.0933280415617,102
2024-09-20 12:36:26.862000,428.0641302949473,11
2024-09-20 12:36:26.893000,428.1019816728565,1003
2024-09-20 12:36:26.893000,428.0575884051688,105
2024-09-20 12:36:26.914000,428.1114686654821,97
2024-09-20 12:36:26.920000,428.0767632898814,997
2024-09-20 12:36:26.920000,428.10604915139936,10
2024-09-20 12:36:26.938000,428.0612825207709,996
2024-09-20 12:36:26.955000,428.0502236391744,1005
2024-09-20 12:36:27.213000,428.08924194405256,14
2024-09-20 12:36:27.404000,428.0970200909679,104
2024-09-20 12:36:27.521000,428.1188277530884,1005
2024-09-20 12:36:27.616000,428.1001160053672,9
2024-09-20 12:36:27.800000,428.0941020898516,1005
2024-09-20 12:36:27.954000,428.0977522730541,12
2024-09-20 12:36:28.003000,428.10669604339313,7
2024-09-20 12:36:28.043000,428.1362943051792,11
2024-09-20 12:36:28.166000,428.17628889463606,12
2024-09-20 12:36:28.247000,428.1658000810424,6
2024-09-20 12:36:28.330000,428.1516596719793,999
2024-09-20 12:36:28.406000,428.1229090961632,97
2024-09-20 12:36:28.420000,428.1151373462792,98
2024-09-20 12:36:28.500000,428.1557757616574,104
2024-09-20 12:36:28.538000,428.1727783802406,15
2024-09-20 12:36:28.660000,428.1614328944557,95
2024-09-20 12:36:28.721000,428.1331775700645,14
2024-09-20 12:36:28.734000,428.1340578924521,1000
2024-09-20 12:36:28.981000,428.1025885098629,1003
2024-09-20 12:36:29.035000,428.15684760723263,1005
2024-09-20 12:36:29.076000,428.1763634797797,12
2024-09-20 12:36:29.078000,428.14785294704814,11
2024-09-20 12:36:29.208000,428.15625493260967,998
2024-09-20 12:36:29.212000,428.1478631787787,102
2024-09-20 12:36:29.256000,428.1538968521984,996
2024-09-20 12:36:29.258000,428.1683285658443,9
2024-09-20 12:36:29.276000,428.1884003661791,1001
2024-09-20 12:36:29.299000,428.1347376985197,101
2024-09-20 12:36:29.326000,428.21111541190936,101
2024-09-20 12:36:29.369000,428.14510321841175,1004
2024-09-20 12:36:29.385000,428.1578428829388,96
2024-09-20 12:36:29.428000,428.1895510056485,999
2024-09-20 12:36:29.430000,428.1542547963236,103
2024-09-20 12:36:29.521000,428.14939441439753,14
2024-09-20 12:36:29.569000,428.1578194654429,1001
2024-09-20 12:36:29.583000,428.148798334892,13
2024-09-20 12:36:29.759000,428.1499693490187,97
2024-09-20 12:36:29.782000,428.1462010455012,100
2024-09-20 12:36:29.839000,428.1916537621095,7
2024-09-20 12:36:29.844000,428.1493017782356,97
2024-09-20 12:36:29.923000,428.1859086474064,1001
2024-09-20 12:36:29.936000,428.1574854549416,1001
2024-09-20 12:36:29.951000,428.195038603705,11
2024-09-20 12:36:30.030000,428.13762260873,14
2024-09-20 12:36:30.044000,428.1988280221366,105
2024-09-20 12:36:30.089000,428.2059159096429,11
2024-09-20 12:36:30.123000,428.18131497088126,5
2024-09-20 12:36:30.170000,428.1880042788644,997
2024-09-20 12:36:30.198000,428.17603459968575,8
2024-09-20 12:36:30.270000,428.11017535975145,102
2024-09-20 12:36:30.273000,428.1423937077621,5
2024-09-20 12:36:30.286000,428.15020876538665,1004
2024-09-20 12:36:30.319000,428.1763353504119,14
2024-09-20 12:36:30.451000,428.17588329574136,8
2024-09-20 12:36:30.454000,428.18530849855233,13
2024-09-20 12:36:30.526000,428.1759255007789,95
2024-09-20 12:36:30.578000,428.1476194477371,10
2024-09-20 12:36:30.597000,428.134302552342,1001
2024-09-20 12:36:30.701000,428.1916940146156,1005
2024-09-20 12:36:30.708000,428.1516600091607,1005
2024-09-20 12:36:30.727000,428.1825635721258,7
2024-09-20 12:36:30.758000,428.1920667536031,1003
2024-09-20 12:36:30.775000,428.20421909781726,1005
2024-09-20 12:36:30.776000,428.171618576572,12
2024-09-20 12:36:30.786000,428.18641404154727,99
2024-09-20 12:36:30.825000,428.1272445663282,103
2024-09-20 12:36:30.843000,428.21060906006295,5
2024-09-20 12:36:30.914000,428.14334291031895,96
2024-09-20 12:36:30.934000,428.1524015127298,101
2024-09-20 12:36:30.935000,428.1952003755425,103
2024-09-20 12:36:30.937000,428.1921379720544,95
2024-09-20 12:36:30.975000,428.18520464845454,5
2024-09-20 12:36:31.001000,428.0515529192037,995
2024-09-20 12:36:31.015000,428.0577406183435,98
2024-09-20 12:36:31.016000,428.1369567580644,1005
2024-09-20 12:36:31.034000,428.05624882716114,1000
2024-09-20 12:36:31.075000,428.04954667184256,99
2024-09-20 12:36:31.093000,428.1786299525053,101
2024-09-20 12:36:31.127000,428.14512813029097,9
2024-09-20 12:36:31.130000,428.1172489807082,97
2024-09-20 12:36:31.187000,428.0569932260232,15
2024-09-20 12:36:31.191000,428.1152297595004,100
2024-09-20 12:36:31.281000,428.14077538287,99
2024-09-20 12:36:31.323000,428.13029908992326,997
2024-09-20 12:36:31.343000,428.14656392451406,1005
2024-09-20 12:36:31.347000,428.1296899366369,7
2024-09-20 12:36:31.368000,428.0485589188143,14
2024-09-20 12:36:31.404000,428.0451313944498,9
2024-09-20 12:36:31.582000,428.14418097385743,1000
2024-09-20 12:36:31.682000,428.1406130312696,96
2024-09-20 12:36:31.692000,428.086991142604,97
2024-09-20 12:36:31.756000,428.0619396899542,97
2024-09-20 12:36:31.784000,428.10998326000936,98
2024-09-20 12:36:31.791000,428.15286547367634,104
2024-09-20 12:36:31.905000,428.1493421873504,5
2024-09-20 12:36:31.949000,428.1113241590553,1003
2024-09-20 12:36:31.966000,428.1590695192198,103
2024-09-20 12:36:32.042000,428.06707152899344,96
2024-09-20 12:36:32.091000,428.0075173018541,100
2024-09-20 12:36:32.297000,428.0338635992968,97
2024-09-20 12:36:32.528000,428.0498181122623,95
2024-09-20 12:36:32.573000,428.0419947198553,97
2024-09-20 12:36:32.704000,428.01942064298873,996
2024-09-20 12:36:32.714000,428.0558608670881,95
2024-09-20 12:36:32.731000,428.04705100507545,100
2024-09-20 12:36:32.804000,428.0403355357011,998
2024-09-20 12:36:32.848000,428.0632953490801,11
2024-09-20 12:36:32.958000,428.04344034316057,1004
2024-09-20 12:36:32.981000,428.0506474658501,104
2024-09-20 12:36:33.096000,428.0134692561724,95
2024-09-20 12:36:33.107000,428.00297611665934,99
2024-09-20 12:36:33.134000,428.0273959140475,103
2024-09-20 12:36:33.151000,428.0145654556508,98
2024-09-20 12:36:33.316000,428.0250645154516,997
2024-09-20 12:36:33.323000,427.9323427506934,15
2024-09-20 12:36:33.334000,427.9401162918614,102
2024-09-20 12:36:33.391000,427.92654477040713,8
2024-09-20 12:36:33.523000,427.9415155117785,995
2024-09-20 12:36:33.523000,427.9681813125087,999
2024-09-20 12:36:33.586000,427.9512918847215,95
2024-09-20 12:36:33.595000,428.035756121032,998
2024-09-20 12:36:33.613000,427.9350377533435,12
2024-09-20 12:36:33.637000,428.0252228492645,8
2024-09-20 12:36:33.694000,427.9512706418107,100
2024-09-20 12:36:33.731000,427.96541868030994,6
2024-09-20 12:36:33.781000,428.0079252220235,102
2024-09-20 12:36:33.786000,427.9912392955997,8
2024-09-20 12:36:33.794000,428.0408587931036,1003
2024-09-20 12:36:33.873000,427.9458223164319,15
2024-09-20 12:36:33.944000,428.0318846578904,105
2024-09-20 12:36:33.980000,428.0337478621093,10
2024-09-20 12:36:34.100000,427.9887217440569,1000
2024-09-20 12:36:34.141000,428.067999304859,13
2024-09-20 12:36:34.182000,427.9801455623568,1003
2024-09-20 12:36:34.298000,427.9759484930012,1001
2024-09-20 12:36:34.323000,428.06050907918495,13
2024-09-20 12:36:34.328000,428.05909387933553,6
2024-09-20 12:36:34.408000,428.06130879448574,14
2024-09-20 12:36:34.437000,428.048640807184,95
2024-09-20 12:36:34.483000,428.0571035846653,1001
2024-09-20 12:36:34.532000,428.037770272161,1000
2024-09-20 12:36:34.556000,428.0578080328832,996
2024-09-20 12:36:34.628000,428.0129892717814,14
2024-09-20 12:36:34.677000,428.0235764449389,99
2024-09-20 12:36:34.716000,428.03220075215467,1004
2024-09-20 12:36:34.718000,427.9548531465701,1005
2024-09-20 12:36:34.820000,428.02621742409934,15
2024-09-20 12:36:34.832000,428.0264488755944,104
2024-09-20 12:36:34.937000,427.9682462242924,13
2024-09-20 12:36:34.937000,428.0407069938896,6
2024-09-20 12:36:35.005000,428.0502202301436,11
2024-09-20 12:36:35.057000,428.0467282050061,6
2024-09-20 12:36:35.210000,428.0983598323221,997
2024-09-20 12:36:35.211000,428.0706463981784,95
2024-09-20 12:36:35.305000,428.0482349200833,1005
2024-09-20 12:36:35.314000,428.0523598602911,1005
2024-09-20 12:36:35.317000,427.98712744810575,12
2024-09-20 12:36:35.342000,428.04517707079054,99
2024-09-20 12:36:35.401000,427.9793442121405,995
2024-09-20 12:36:35.431000,428.0904721430285,998
2024-09-20 12:36:35.518000,428.0652618896565,997
2024-09-20 12:36:35.539000,428.0240361849326,13
2024-09-20 12:36:35.580000,428.07203864328,14
2024-09-20 12:36:35.596000,428.0874804752449,1005
2024-09-20 12:36:35.613000,428.1082392068583,104
2024-09-20 12:36:35.627000,428.06607518599554,8
2024-09-20 12:36:35.657000,428.0022998700941,99
2024-09-20 12:36:35.657000,428.0568365304267,6
2024-09-20 12:36:35.757000,428.061695610225,998
2024-09-20 12:36:35.762000,428.0882878926169,1003
2024-09-20 12:36:35.809000,428.0518099147481,997
2024-09-20 12:36:35.945000,428.0740286602784,997
2024-09-20 12:36:35.960000,428.0832219076126,15
2024-09-20 12:36:35.969000,428.06649035106176,999
2024-09-20 12:36:36.024000,427.9186040031111,9
2024-09-20 12:36:36.045000,427.9878873982274,10
2024-09-20 12:36:36.047000,427.9562849184285,101
2024-09-20 12:36:36.047000,427.9602658268708,1002
2024-09-20 12:36:36.061000,427.9133482818735,8
2024-09-20 12:36:36.079000,427.9466869510973,102
2024-09-20 12:36:36.084000,427.9658848927372,1000
2024-09-20 12:36:36.104000,427.9574634934421,13
2024-09-20 12:36:36.126000,427.91151618764815,97
2024-09-20 12:36:36.167000,427.9638160992674,1001
2024-09-20 12:36:36.203000,427.9796994993493,997
2024-09-20 12:36:36.233000,427.93318150725736,100
2024-09-20 12:36:36.348000,427.9202081702389,10
2024-09-20 12:36:36.383000,427.92976950169367,96
2024-09-20 12:36:36.453000,427.9803293845368,11
2024-09-20 12:36:36.470000,427.9908489036337,14
2024-09-20 12:36:36.479000,427.9559809183386,995
2024-09-20 12:36:36.507000,427.922012958505,1002
2024-09-20 12:36:36.519000,427.9179447206748,995
2024-09-20 12:36:36.549000,427.99505693324295,1002
2024-09-20 12:36:36.603000,427.9726083259261,997
2024-09-20 12:36:36.834000,427.9706153402393,1004
2024-09-20 12:36:36.927000,427.94158122526704,1000
2024-09-20 12:36:37.090000,428.0147123571903,12
2024-09-20 12:36:37.111000,428.0062509986693,5
2024-09-20 12:36:37.128000,428.0203932215149,998
2024-09-20 12:36:37.138000,428.00814227523136,10
2024-09-20 12:36:37.230000,428.0286580035253,6
2024-09-20 12:36:37.237000,428.0233717983711,6
2024-09-20 12:36:37.286000,427.9823327985007,995
2024-09-20 12:36:37.287000,428.0202471321204,101
2024-09-20 12:36:37.379000,428.0120403160543,100
2024-09-20 12:36:37.452000,428.0247184847845,97
2024-09-20 12:36:37.473000,428.0317897244221,101
2024-09-20 12:36:37.508000,427.9876889510295,999
2024-09-20 12:36:37.550000,428.022279812366,5
2024-09-20 12:36:37.610000,427.9793233837855,11
2024-09-20 12:36:37.621000,428.0097936927661,104
2024-09-20 12:36:37.636000,427.9727502317996,6
2024-09-20 12:36:37.649000,428.0184423358205,97
2024-09-20 12:36:37.750000,428.0119966963063,104
2024-09-20 12:36:37.837000,427.9973360930349,1000
2024-09-20 12:36:37.914000,428.0273611432162,1002
2024-09-20 12:36:37.934000,428.0351660666929,14
2024-09-20 12:36:38.057000,428.0479229521521,997
2024-09-20 12:36:38.085000,428.0565522265895,5
2024-09-20 12:36:38.104000,428.0592247123432,100
2024-09-20 12:36:38.181000,428.06650441650544,995
2024-09-20 12:36:38.282000,428.0601243482952,14
2024-09-20 12:36:38.306000,428.0443597734956,10
2024-09-20 12:36:38.317000,428.0547205813732,1005
2024-09-20 12:36:38.359000,428.05302517547625,12
2024-09-20 12:36:38.363000,428.0276738035708,1003
2024-09-20 12:36:38.441000,428.0208200841491,1000
2024-09-20 12:36:38.442000,428.047701741198,7
2024-09-20 12:36:38.490000,428.0220813736821,100
2024-09-20 12:36:38.538000,428.04872116201216,996
2024-09-20 12:36:38.565000,428.03274946092506,10
2024-09-20 12:36:38.580000,428.0613064305235,14
2024-09-20 12:36:38.582000,428.0561268056165,998
2024-09-20 12:36:38.721000,428.0415718032247,6
2024-09-20 12:36:38.755000,428.0890808427255,1003
2024-09-20 12:36:38.771000,428.0589786316888,99
2024-09-20 12:36:38.878000,428.070232204717,997
2024-09-20 12:36:38.996000,428.0687840643228,1004
2024-09-20 12:36:39.313000,428.0247616912102,96
2024-09-20 12:36:39.527000,428.0219636448994,105
2024-09-20 12:36:39.952000,428.0049404081357,1001
2024-09-20 12:36:39.954000,428.02410776908414,996
2024-09-20 12:36:40.364000,428.0239447552484,100
2024-09-20 12:36:40.372000,427.9929788185267,102
2024-09-20 12:36:40.540000,427.9983621723178,1004
2024-09-20 12:36:40.590000,427.9956561346358,96
2024-09-20 12:36:40.688000,427.9997543732773,996
2024-09-20 12:36:40.737000,427.9948475421223,96
2024-09-20 12:36:40.776000,428.0153987515546,1003
2024-09-20 12:36:40.777000,427.9973415034319,101
2024-09-20 12:36:40.821000,427.9966550108033,103
2024-09-20 12:36:41.022000,427.9352405276632,996
2024-09-20 12:36:41.113000,427.9341413879393,998
2024-09-20 12:36:41.116000,427.9965010702849,1003
2024-09-20 12:36:41.140000,427.92134180524806,7
2024-09-20 12:36:41.166000,427.9724164190562,1001
2024-09-20 12:36:41.191000,427.9418321550973,999
2024-09-20 12:36:41.204000,427.9101597976696,1002
2024-09-20 12:36:41.239000,427.9450968268713,995
2024-09-20 12:36:41.525000,427.9519282196389,5
2024-09-20 12:36:41.560000,427.9354770396154,13
2024-09-20 12:36:41.565000,427.944022100171,13
2024-09-20 12:36:41.570000,427.8960234592357,13
2024-09-20 12:36:41.648000,427.939448257156,1001
2024-09-20 12:36:41.725000,427.99233155920416,105
2024-09-20 12:36:41.748000,427.9438595829364,996
2024-09-20 12:36:41.751000,427.95174158854246,14
2024-09-20 12:36:41.758000,427.9719036102172,1002
2024-09-20 12:36:41.772000,427.894202315722,1001
2024-09-20 12:36:41.857000,427.93474476394425,97
2024-09-20 12:36:41.885000,427.9146817036877,1004
2024-09-20 12:36:41.888000,427.9873291329645,1001
2024-09-20 12:36:41.924000,427.9362042564247,97
2024-09-20 12:36:41.940000,427.9877302283178,15
2024-09-20 12:36:41.944000,427.9492285157412,1000
2024-09-20 12:36:41.956000,427.9932501289311,15
2024-09-20 12:36:42.070000,427.94147966462106,1004
2024-09-20 12:36:42.184000,427.8859975337169,105
2024-09-20 12:36:42.246000,427.9087066507618,996
2024-09-20 12:36:42.340000,427.8610825503906,1005
2024-09-20 12:36:42.414000,427.8907570798062,99
2024-09-20 12:36:42.415000,427.88139231536377,5
2024-09-20 12:36:42.424000,427.89677089472445,996
2024-09-20 12:36:42.511000,427.8963347732634,998
2024-09-20 12:36:42.533000,427.92864699813913,5
2024-09-20 12:36:42.612000,427.87623328427054,6
2024-09-20 12:36:42.634000,427.9056425052126,1001
2024-09-20 12:36:42.656000,427.91469952687584,1002
2024-09-20 12:36:42.690000,427.90804751463,13
2024-09-20 12:36:42.757000,427.8496995147386,7
2024-09-20 12:36:42.787000,427.8530625856338,7
2024-09-20 12:36:42.801000,427.871752711855,15
2024-09-20 12:36:42.905000,427.9032671522075,1003
2024-09-20 12:36:42.923000,427.912697949444,8
2024-09-20 12:36:42.930000,427.8736567229971,7
2024-09-20 12:36:42.947000,427.9111466600464,13
2024-09-20 12:36:43.011000,427.89194072827934,1001
2024-09-20 12:36:43.037000,427.9684623549977,5
2024-09-20 12:36:43.095000,427.90648793337095,13
2024-09-20 12:36:43.313000,427.95764686002286,996
2024-09-20 12:36:43.321000,427.9107086441968,98
2024-09-20 12:36:43.332000,427.9037771623112,14
2024-09-20 12:36:43.484000,427.9835791200916,102
2024-09-20 12:36:43.486000,427.96875300835126,1000
2024-09-20 12:36:43.549000,427.911818639638,15
2024-09-20 12:36:43.620000,427.9184215358459,1001
2024-09-20 12:36:43.866000,427.92991983430665,1001
2024-09-20 12:36:43.942000,427.9108352583318,995
2024-09-20 12:36:43.961000,427.950648951074,5
2024-09-20 12:36:45.028000,427.9988616974456,1001
2024-09-20 12:36:45.101000,428.00545122254425,1001
2024-09-20 12:36:45.159000,428.042389779869,998
2024-09-20 12:36:45.187000,428.0097203607412,9
2024-09-20 12:36:45.220000,428.0210219929496,998
2024-09-20 12:36:45.233000,427.9726140285856,11
2024-09-20 12:36:45.243000,427.98856328449926,103
2024-09-20 12:36:45.264000,427.9703056743552,995
2024-09-20 12:36:45.270000,427.9607463936358,1003
2024-09-20 12:36:45.341000,428.00596613171695,1005
2024-09-20 12:36:45.354000,428.03508165138857,1005
2024-09-20 12:36:45.431000,428.0509485165604,998
2024-09-20 12:36:45.560000,427.9906251150176,10
2024-09-20 12:36:45.572000,428.00769704013175,7
2024-09-20 12:36:45.599000,428.0110319351352,13
2024-09-20 12:36:45.734000,427.996016018444,5
2024-09-20 12:36:45.754000,428.0446330847564,99
2024-09-20 12:36:45.755000,428.0084336973417,11
2024-09-20 12:36:45.774000,428.0029861891818,14
2024-09-20 12:36:45.830000,428.01607733065833,6
2024-09-20 12:36:45.851000,428.0111185093858,1004
2024-09-20 12:36:45.893000,428.0161637398772,10
2024-09-20 12:36:46.531000,428.0337803092693,996
2024-09-20 12:36:46.565000,428.03957870649936,95
2024-09-20 12:36:46.722000,428.0480840643724,8
2024-09-20 12:36:47.065000,428.0311399434586,11
2024-09-20 12:36:47.276000,427.9873005912385,97
2024-09-20 12:36:47.348000,427.9349079240757,6
2024-09-20 12:36:47.407000,427.8807996572703,995
2024-09-20 12:36:47.494000,427.9350192558573,15
2024-09-20 12:36:47.509000,427.9311499646091,998
2024-09-20 12:36:47.527000,427.9262354163437,99
2024-09-20 12:36:47.602000,427.96183591589744,9
2024-09-20 12:36:47.622000,427.9428743725813,12
2024-09-20 12:36:47.668000,427.92948862894974,9
2024-09-20 12:36:47.680000,428.0180272805108,1005
2024-09-20 12:36:47.694000,428.00470291337086,95
2024-09-20 12:36:47.698000,427.903633975703,95
2024-09-20 12:36:47.702000,427.9354796994539,12
2024-09-20 12:36:47.794000,427.9515803687477,1002
2024-09-20 12:36:47.797000,427.9355422161904,997
2024-09-20 12:36:47.824000,427.9019742185928,99
2024-09-20 12:36:47.838000,427.9433410212154,5
2024-09-20 12:36:47.870000,427.9279122865663,103
2024-09-20 12:36:47.902000,428.0006375361687,14
2024-09-20 12:36:47.917000,427.948432397719,1003
2024-09-20 12:36:47.968000,427.9446944211756,96
2024-09-20 12:36:47.971000,427.8846116247144,998
2024-09-20 12:36:48.034000,427.9002826614191,13
2024-09-20 12:36:48.297000,427.8917277843749,11
2024-09-20 12:36:49.008000,427.9012163443994,5
2024-09-20 12:36:49.055000,427.8841099493026,10
2024-09-20 12:36:49.058000,427.9245682400626,15
2024-09-20 12:36:49.070000,427.9139678435957,103
2024-09-20 12:36:49.127000,427.897193802474,14
2024-09-20 12:36:49.132000,427.8996869830591,10
2024-09-20 12:36:49.153000,427.91885540579744,98
2024-09-20 12:36:49.219000,427.8917260244539,6
2024-09-20 12:36:49.250000,427.8948875839253,1004
2024-09-20 12:36:49.305000,427.8705675275474,6
2024-09-20 12:36:49.323000,427.907158718944,100
2024-09-20 12:36:49.449000,427.9006278528143,1002
2024-09-20 12:36:49.481000,427.9294038332318,1005
2024-09-20 12:36:49.514000,427.9235730797112,999
2024-09-20 12:36:49.517000,427.9006772066022,1004
2024-09-20 12:36:49.522000,427.88006603153246,105
2024-09-20 12:36:49.621000,427.9119193021678,1000
2024-09-20 12:36:49.655000,427.9111638301628,9
2024-09-20 12:36:49.676000,427.8937930463049,1005
2024-09-20 12:36:49.691000,427.9017942471037,995
2024-09-20 12:36:49.708000,427.88409913281305,13
2024-09-20 12:36:49.840000,427.8920528883157,99
2024-09-20 12:36:49.968000,427.89215277643217,15
2024-09-20 12:36:49.994000,427.9131319702708,12
2024-09-20 12:36:50.005000,427.9296042812021,10
2024-09-20 12:36:50.040000,427.9182622482999,105
2024-09-20 12:36:50.178000,427.9092639906858,997
2024-09-20 12:36:50.186000,427.8966330111908,97
2024-09-20 12:36:50.253000,427.91817089807137,97
2024-09-20 12:36:50.255000,427.9302044201429,102
2024-09-20 12:36:50.286000,427.9044107266683,102
2024-09-20 12:36:50.314000,427.9034424071959,99
2024-09-20 12:36:50.336000,427.9105280828156,1000
2024-09-20 12:36:50.389000,427.922635393634,1001
2024-09-20 12:36:50.433000,427.8698533951316,13
2024-09-20 12:36:50.600000,427.91955346466654,997
2024-09-20 12:36:50.621000,427.8989103395188,7
2024-09-20 12:36:50.706000,427.9158113432224,104
2024-09-20 12:36:50.714000,427.9051533691604,103
2024-09-20 12:36:50.740000,427.8960696733964,96
2024-09-20 12:36:50.756000,427.9183901961928,105
2024-09-20 12:36:50.770000,427.87518312714496,1001
2024-09-20 12:36:50.774000,427.9017624034152,98
2024-09-20 12:36:50.814000,427.8965969672744,102
2024-09-20 12:36:50.976000,427.91079524688456,99
2024-09-20 12:36:52.153000,427.90937540946703,99
2024-09-20 12:36:52.215000,427.8896599582724,103
2024-09-20 12:36:52.255000,427.9216317930919,1001
2024-09-20 12:36:52.285000,427.9102163177291,1004
2024-09-20 12:36:52.298000,427.8844981037906,999
2024-09-20 12:36:52.310000,427.92145183435287,12
2024-09-20 12:36:52.383000,427.8678013277551,10
2024-09-20 12:36:52.396000,427.9265111555711,998
2024-09-20 12:36:52.614000,427.9233048525492,1005
2024-09-20 12:36:52.657000,427.86514372039017,15
2024-09-20 12:36:52.688000,427.9204339075852,1001
2024-09-20 12:36:52.703000,427.92024410108814,104
2024-09-20 12:36:52.827000,427.8924599426775,996
2024-09-20 12:36:52.954000,427.8861092766733,7
2024-09-20 12:36:52.966000,427.86854522297085,1002
2024-09-20 12:36:52.982000,427.8835699925653,104
2024-09-20 12:36:53.068000,427.8695608901872,15
2024-09-20 12:36:53.182000,427.90433199340765,1002
2024-09-20 12:36:53.214000,427.9117699803618,105
2024-09-20 12:36:53.224000,427.8852840883857,1004
2024-09-20 12:36:53.316000,427.92325156580114,96
2024-09-20 12:36:53.327000,427.8942711912875,1003
2024-09-20 12:36:53.365000,427.8932051596302,997
2024-09-20 12:36:53.382000,427.9220379961396,98
2024-09-20 12:36:53.557000,427.90785281198976,996
2024-09-20 12:36:53.621000,427.8867124129897,7
2024-09-20 12:36:53.711000,427.8890628868064,6
2024-09-20 12:36:53.718000,427.9186602308501,6
2024-09-20 12:36:53.726000,427.9343755373434,10
2024-09-20 12:36:53.737000,427.9054571826448,104
2024-09-20 12:36:53.744000,427.87858656381854,97
2024-09-20 12:36:53.954000,427.91052719364814,98
2024-09-20 12:36:53.996000,427.90477804267664,7
2024-09-20 12:36:54.033000,427.9778391589922,1001
2024-09-20 12:36:54.068000,428.033094020355,997
2024-09-20 12:36:54.103000,427.9963196263738,1004
2024-09-20 12:36:54.148000,428.0595146463407,12
2024-09-20 12:36:54.152000,428.05218832549343,97
2024-09-20 12:36:54.185000,428.0569520484141,96
2024-09-20 12:36:54.242000,428.06198420572247,6
2024-09-20 12:36:54.267000,428.0577819960848,999
2024-09-20 12:36:54.269000,428.0502968550218,1004
2024-09-20 12:36:54.318000,428.05394349543775,95
2024-09-20 12:36:54.359000,427.9865151184388,12
2024-09-20 12:36:54.366000,428.06498776896296,102
2024-09-20 12:36:54.395000,427.9504347753784,9
2024-09-20 12:36:54.451000,428.047071420822,1000
2024-09-20 12:36:54.461000,428.0612241889193,996
2024-09-20 12:36:54.466000,427.9964085220614,1003
2024-09-20 12:36:54.476000,427.9958596832337,1005
2024-09-20 12:36:54.566000,428.05847614638657,7
2024-09-20 12:36:54.583000,428.04798012917774,7
2024-09-20 12:36:54.646000,428.0583893795701,11
2024-09-20 12:36:54.654000,428.0067551339474,1001
2024-09-20 12:36:54.671000,428.0579766646405,997
2024-09-20 12:36:54.775000,427.9722908531893,1005
2024-09-20 12:36:54.831000,428.00529814588623,1004
2024-09-20 12:36:54.840000,428.04296926146986,1002
2024-09-20 12:36:54.858000,427.9778913310457,95
2024-09-20 12:36:54.895000,427.98489381578537,999
2024-09-20 12:36:55.025000,428.0214488649205,7
2024-09-20 12:36:55.237000,427.9850461986571,996
2024-09-20 12:36:55.360000,427.9778688408014,999
2024-09-20 12:36:55.551000,427.9904890597426,98
2024-09-20 12:36:55.700000,428.00839534713305,14
2024-09-20 12:36:55.839000,427.997316781095,6
2024-09-20 12:36:55.846000,428.0283743963156,14
2024-09-20 12:36:55.927000,427.9849112476056,998
2024-09-20 12:36:55.990000,428.0051657126832,100
2024-09-20 12:36:56.013000,428.0421044925475,13
2024-09-20 12:36:56.013000,428.0441111867211,998
2024-09-20 12:36:56.067000,427.9975360966815,8
2024-09-20 12:36:56.068000,428.03065714628855,6
2024-09-20 12:36:56.091000,428.0312155462683,10
2024-09-20 12:36:56.127000,428.0109797780839,103
2024-09-20 12:36:56.214000,428.019151768456,10
2024-09-20 12:36:56.260000,428.040995777975,95
2024-09-20 12:36:56.349000,428.0371190103812,997
2024-09-20 12:36:56.401000,428.0324790966531,11
2024-09-20 12:36:56.449000,428.0235956513656,97
2024-09-20 12:36:56.450000,428.02405649666485,98
2024-09-20 12:36:56.459000,428.03566192174895,7
2024-09-20 12:36:56.541000,427.9722099421588,15
2024-09-20 12:36:56.574000,427.9939561974487,1002
2024-09-20 12:36:56.608000,428.0099509738658,96
2024-09-20 12:36:56.642000,428.0728043315141,15
2024-09-20 12:36:56.644000,427.9971515221882,97
2024-09-20 12:36:56.704000,428.0652734420086,99
2024-09-20 12:36:56.717000,428.0098713378373,1002
2024-09-20 12:36:56.726000,428.0168405859419,103
2024-09-20 12:36:56.736000,428.0216059439394,996
2024-09-20 12:36:56.746000,427.9843296970649,105
2024-09-20 12:36:56.749000,427.9711387969186,995
2024-09-20 12:36:56.781000,427.9887232940506,9
2024-09-20 12:36:56.819000,428.0183312309812,1003
2024-09-20 12:36:56.862000,428.0336267621077,998
2024-09-20 12:36:56.877000,428.031489480892,1000
2024-09-20 12:36:56.896000,428.0117760712951,11
2024-09-20 12:36:57.131000,428.0363844203305,15
2024-09-20 12:36:57.137000,428.0880120957296,101
2024-09-20 12:36:57.151000,428.0754898033401,11
2024-09-20 12:36:57.205000,428.0454981975371,997
2024-09-20 12:36:57.260000,428.1006702634811,15
2024-09-20 12:36:57.277000,428.0598681812507,15
2024-09-20 12:36:57.365000,428.1011817562548,95
2024-09-20 12:36:57.382000,428.1117918743946,5
2024-09-20 12:36:57.382000,428.0703308592422,103
2024-09-20 12:36:57.403000,428.1074815279881,1002
2024-09-20 12:36:57.419000,428.1169057959286,96
2024-09-20 12:36:57.466000,428.0660641984336,9
2024-09-20 12:36:57.470000,428.0530591509488,105
2024-09-20 12:36:57.509000,428.0554576320348,15
2024-09-20 12:36:57.635000,428.0573702626572,1005
2024-09-20 12:36:57.641000,428.0658206847148,8
2024-09-20 12:36:57.694000,428.1162266259781,15
2024-09-20 12:36:57.712000,428.0908369002132,97
2024-09-20 12:36:57.742000,428.06741812196327,9
2024-09-20 12:36:57.747000,428.0976101838008,997
2024-09-20 12:36:57.748000,428.0790483389126,95
2024-09-20 12:36:57.857000,428.1114684270899,6
2024-09-20 12:36:57.897000,428.1133098670754,1000
2024-09-20 12:36:57.961000,428.0777942153813,102
2024-09-20 12:36:57.973000,428.06695891479086,1005
2024-09-20 12:36:58,428.0576115898775,1004
2024-09-20 12:36:58.016000,428.02287402520295,1000
2024-09-20 12:36:58.126000,428.0462357699122,7
2024-09-20 12:36:58.253000,428.0538976619664,997
2024-09-20 12:36:58.492000,428.03295600874776,1000
2024-09-20 12:36:58.612000,428.0432924855859,102
2024-09-20 12:36:58.660000,428.0444891212493,98
2024-09-20 12:36:58.691000,428.0441229087436,101
2024-09-20 12:36:58.698000,428.0346301440268,996
2024-09-20 12:36:58.705000,428.05192172529,100
2024-09-20 12:36:58.790000,428.04938394916337,8
2024-09-20 12:36:58.838000,428.0611812873266,95
2024-09-20 12:36:59.062000,428.0232980287834,1005
2024-09-20 12:36:59.196000,428.0025638497857,1001
2024-09-20 12:36:59.407000,428.0270548523868,102
2024-09-20 12:36:59.614000,428.02352165955097,1002
2024-09-20 12:36:59.688000,427.9914579429169,998
