Timestamp,Price,Size
2024-09-18 14:51:00.040000,414.7448727883343,1004
2024-09-18 14:51:00.070000,414.7182041790628,100
2024-09-18 14:51:00.096000,407.18241411383394,98
2024-09-18 14:51:00.129000,414.7507387794489,95
2024-09-18 14:51:00.138000,414.7510298373504,15
2024-09-18 14:51:00.169000,414.7170276349522,98
2024-09-18 14:51:00.208000,414.702088133082,104
2024-09-18 14:51:00.227000,414.6842265590952,12
2024-09-18 14:51:00.283000,414.7673763445339,102
2024-09-18 14:51:00.313000,414.7369453207,15
2024-09-18 14:51:00.334000,414.6843980709341,97
2024-09-18 14:51:00.369000,414.7002441025696,997
2024-09-18 14:51:00.445000,414.7782580747489,1002
2024-09-18 14:51:00.476000,414.72300463463097,13
2024-09-18 14:51:00.496000,414.771234794018,10
2024-09-18 14:51:00.573000,414.6818753978976,96
2024-09-18 14:51:00.667000,414.709846616913,11
2024-09-18 14:51:00.697000,414.738425109182,99
2024-09-18 14:51:00.712000,414.7106440646038,997
2024-09-18 14:51:00.718000,414.67664994626,11
2024-09-18 14:51:00.822000,414.7109626202154,8
2024-09-18 14:51:00.872000,414.67665310829096,15
2024-09-18 14:51:00.921000,414.7322948712821,11
2024-09-18 14:51:00.933000,414.68377349530095,8
2024-09-18 14:51:00.934000,414.77255630183737,97
2024-09-18 14:51:00.963000,414.6934279979792,998
2024-09-18 14:51:01.294000,414.8141876963816,95
2024-09-18 14:51:01.433000,414.7861752905299,103
2024-09-18 14:51:01.552000,414.7193238152059,1000
2024-09-18 14:51:01.578000,414.7601248201684,97
2024-09-18 14:51:01.662000,414.7577776741649,1005
2024-09-18 14:51:01.665000,414.7581714004609,1002
2024-09-18 14:51:01.690000,414.7443529422392,6
2024-09-18 14:51:01.850000,414.8310189943309,8
2024-09-18 14:51:01.943000,414.8037500309841,1005
2024-09-18 14:51:01.944000,414.8046813253746,95
2024-09-18 14:51:01.965000,414.7370799703857,99
2024-09-18 14:51:01.999000,414.7689845716298,998
2024-09-18 14:51:02.263000,414.8014474070543,5
2024-09-18 14:51:02.389000,414.810040646813,13
2024-09-18 14:51:02.608000,414.82116358047904,995
2024-09-18 14:51:03.020000,414.82247826024457,95
2024-09-18 14:51:03.030000,414.80009877450334,98
2024-09-18 14:51:03.096000,414.82736899293786,12
2024-09-18 14:51:03.161000,414.8138502773255,998
2024-09-18 14:51:03.173000,414.8219999105584,8
2024-09-18 14:51:03.248000,414.809169773175,105
2024-09-18 14:51:03.351000,414.8043389019551,101
2024-09-18 14:51:03.352000,414.8215384456478,1005
2024-09-18 14:51:03.443000,414.81742192604446,101
2024-09-18 14:51:03.462000,414.7970604843122,1002
2024-09-18 14:51:03.566000,414.7960840866828,103
2024-09-18 14:51:03.569000,414.81327740849713,8
2024-09-18 14:51:03.881000,414.81552718362354,995
2024-09-18 14:51:03.896000,414.8165023183501,1002
2024-09-18 14:51:03.951000,414.783940710902,98
2024-09-18 14:51:04.214000,414.7476674690716,7
2024-09-18 14:51:04.261000,414.7620967602586,12
2024-09-18 14:51:04.274000,414.8281192886337,15
2024-09-18 14:51:04.376000,414.75200220839616,101
2024-09-18 14:51:04.442000,414.8256170563671,1002
2024-09-18 14:51:04.476000,414.8144862970823,95
2024-09-18 14:51:04.498000,414.7609183862917,98
2024-09-18 14:51:04.574000,414.7764661269725,996
2024-09-18 14:51:04.585000,414.75934100575023,15
2024-09-18 14:51:04.678000,414.79674627840177,100
2024-09-18 14:51:04.695000,414.8021871468841,997
2024-09-18 14:51:04.735000,414.7443303036286,12
2024-09-18 14:51:04.812000,414.7682216854263,102
2024-09-18 14:51:04.827000,414.7864709943477,13
2024-09-18 14:51:04.864000,414.74543044459807,99
2024-09-18 14:51:04.922000,414.80865452458136,8
2024-09-18 14:51:04.930000,414.8225151724314,12
2024-09-18 14:51:05.094000,414.7287640770622,95
2024-09-18 14:51:05.285000,414.7290271632716,9
2024-09-18 14:51:05.566000,414.74407659722726,11
2024-09-18 14:51:05.825000,414.7411590639356,6
2024-09-18 14:51:05.833000,414.72895552220695,12
2024-09-18 14:51:05.948000,414.7431597848242,1001
2024-09-18 14:51:06.308000,407.2323818547696,999
2024-09-18 14:51:07.039000,414.7324439083326,13
2024-09-18 14:51:07.117000,414.75735494536855,11
2024-09-18 14:51:07.172000,414.7681895140253,102
2024-09-18 14:51:07.388000,414.74536477113935,999
2024-09-18 14:51:07.437000,414.7866372469998,1002
2024-09-18 14:51:07.467000,414.7535404073944,1002
2024-09-18 14:51:07.487000,414.7568760252828,97
2024-09-18 14:51:07.490000,414.7635137385717,15
2024-09-18 14:51:07.557000,414.7649662752239,14
2024-09-18 14:51:07.631000,414.75975874747314,995
2024-09-18 14:51:07.692000,414.7567173499871,97
2024-09-18 14:51:07.741000,414.7310228511497,15
2024-09-18 14:51:07.936000,414.7325955526033,1004
2024-09-18 14:51:07.962000,414.7466452448117,104
2024-09-18 14:51:08.104000,414.7480623201583,999
2024-09-18 14:51:09.815000,407.38760224256697,999
2024-09-18 14:51:10.103000,414.77045463445495,995
2024-09-18 14:51:10.111000,414.7370099620767,997
2024-09-18 14:51:10.251000,407.3789838290112,14
2024-09-18 14:51:10.266000,414.756162885087,102
2024-09-18 14:51:10.298000,414.7416000428553,13
2024-09-18 14:51:10.457000,414.7388127176674,97
2024-09-18 14:51:10.555000,414.7304572212681,11
2024-09-18 14:51:10.650000,414.7612632662411,102
2024-09-18 14:51:10.776000,414.7528418320981,12
2024-09-18 14:51:10.841000,414.7491082497264,105
2024-09-18 14:51:10.869000,414.7531983457413,13
2024-09-18 14:51:10.881000,414.7317331460584,1005
2024-09-18 14:51:10.982000,414.7450739450866,101
2024-09-18 14:51:11.020000,414.6438126793396,6
2024-09-18 14:51:11.106000,414.69885179162793,1000
2024-09-18 14:51:11.147000,414.6441799805335,103
2024-09-18 14:51:11.163000,414.642881179402,11
2024-09-18 14:51:11.259000,414.6366724260986,1002
2024-09-18 14:51:11.275000,414.6376086690456,9
2024-09-18 14:51:11.310000,414.719510734418,102
2024-09-18 14:51:11.423000,414.6800726732922,15
2024-09-18 14:51:11.458000,414.6619610648869,13
2024-09-18 14:51:11.493000,414.7167030339304,98
2024-09-18 14:51:11.540000,414.7278471395142,12
2024-09-18 14:51:11.680000,414.73752468930826,1002
2024-09-18 14:51:11.729000,414.6454731570002,102
2024-09-18 14:51:11.824000,414.7048298397266,1000
2024-09-18 14:51:11.845000,414.7088585686071,999
2024-09-18 14:51:11.857000,414.642374833126,95
2024-09-18 14:51:11.927000,414.7020026801291,105
2024-09-18 14:51:11.991000,414.6611549822206,997
2024-09-18 14:51:12.300000,414.6547403378445,105
2024-09-18 14:51:12.447000,414.6401072117934,14
2024-09-18 14:51:12.944000,414.6471226178197,999
2024-09-18 14:51:13.010000,414.6683391407452,102
2024-09-18 14:51:13.071000,414.6717900479253,104
2024-09-18 14:51:13.077000,414.6381098462229,999
2024-09-18 14:51:13.141000,414.6665387013248,1003
2024-09-18 14:51:13.154000,414.6454866860624,104
2024-09-18 14:51:13.251000,414.7073606509708,12
2024-09-18 14:51:13.256000,414.6581342630984,997
2024-09-18 14:51:13.283000,414.68651163974897,102
2024-09-18 14:51:13.388000,414.6693476362179,101
2024-09-18 14:51:13.413000,414.6637867660973,99
2024-09-18 14:51:13.449000,414.64066044331065,100
2024-09-18 14:51:13.449000,414.65912571929925,9
2024-09-18 14:51:13.462000,414.642165649688,1001
2024-09-18 14:51:13.489000,414.6834990207698,1003
2024-09-18 14:51:13.561000,414.6439104737415,105
2024-09-18 14:51:13.589000,414.64865261848496,98
2024-09-18 14:51:13.601000,414.6849794211855,8
2024-09-18 14:51:13.633000,414.6604462494649,997
2024-09-18 14:51:13.643000,414.6972797677768,999
2024-09-18 14:51:13.737000,414.6485742300216,5
2024-09-18 14:51:13.870000,414.7081042523537,998
2024-09-18 14:51:13.900000,414.6827961934477,1001
2024-09-18 14:51:13.941000,414.6801907143861,99
2024-09-18 14:51:13.974000,414.6741280064043,105
2024-09-18 14:51:13.976000,414.6685795725172,1002
2024-09-18 14:51:14.117000,414.67236178930926,12
2024-09-18 14:51:14.253000,414.7152500416269,7
2024-09-18 14:51:14.260000,414.6900171879525,996
2024-09-18 14:51:14.296000,414.72848796911495,14
2024-09-18 14:51:14.644000,414.6736352722157,14
2024-09-18 14:51:14.704000,414.6913346198531,15
2024-09-18 14:51:14.781000,414.7133568406006,8
2024-09-18 14:51:14.808000,414.675926283637,99
2024-09-18 14:51:14.834000,414.7101225555462,1001
2024-09-18 14:51:14.909000,414.7141002875034,997
2024-09-18 14:51:14.919000,414.6901432641582,1001
2024-09-18 14:51:14.939000,414.6649453298195,998
2024-09-18 14:51:14.939000,414.6446169456792,97
2024-09-18 14:51:14.955000,414.6937533426418,10
2024-09-18 14:51:15.064000,414.7141013078991,1000
2024-09-18 14:51:15.096000,414.7199911543061,97
2024-09-18 14:51:15.373000,414.7468160664693,97
2024-09-18 14:51:15.486000,414.7547321544421,1004
2024-09-18 14:51:15.610000,414.7453150116465,5
2024-09-18 14:51:15.726000,414.6985799478184,995
2024-09-18 14:51:15.907000,414.7193437419119,101
2024-09-18 14:51:15.908000,414.69679000694,1000
2024-09-18 14:51:16.032000,414.7075774596124,11
2024-09-18 14:51:16.200000,414.7550700514489,9
2024-09-18 14:51:16.296000,414.7026740458372,12
2024-09-18 14:51:16.310000,414.707981052704,104
2024-09-18 14:51:16.390000,414.7694347342156,5
2024-09-18 14:51:16.440000,414.7099184981499,1000
2024-09-18 14:51:16.453000,414.7397154700116,1003
2024-09-18 14:51:16.460000,414.7069003458363,1005
2024-09-18 14:51:16.513000,414.7696033140084,101
2024-09-18 14:51:16.607000,414.72811323474406,7
2024-09-18 14:51:16.635000,414.7513447436903,14
2024-09-18 14:51:16.673000,414.7072150055431,996
2024-09-18 14:51:16.685000,414.7241965545524,96
2024-09-18 14:51:16.698000,414.6949923899896,100
2024-09-18 14:51:16.709000,414.7378189458344,15
2024-09-18 14:51:16.750000,414.74728232290187,7
2024-09-18 14:51:16.840000,414.7357180574724,98
2024-09-18 14:51:16.850000,414.731263181606,98
2024-09-18 14:51:16.927000,414.7696810128731,99
2024-09-18 14:51:16.970000,414.7155241650015,102
2024-09-18 14:51:17.656000,414.7453367531951,103
2024-09-18 14:51:18.013000,414.8086424945316,1002
2024-09-18 14:51:18.098000,414.7793758004167,1005
2024-09-18 14:51:18.139000,414.8172755996886,103
2024-09-18 14:51:18.257000,407.3115524027133,104
2024-09-18 14:51:18.400000,414.7801776075598,9
2024-09-18 14:51:18.616000,414.7708647171217,95
2024-09-18 14:51:18.644000,414.818723686431,104
2024-09-18 14:51:18.826000,414.76446591830967,10
2024-09-18 14:51:18.885000,414.7680862762606,103
2024-09-18 14:51:18.927000,414.8158062740278,999
2024-09-18 14:51:19.230000,414.7704798809688,12
2024-09-18 14:51:19.307000,414.7621061932103,99
2024-09-18 14:51:19.385000,414.7832001342669,101
2024-09-18 14:51:19.427000,414.7488877242972,997
2024-09-18 14:51:19.494000,414.7625725633358,5
2024-09-18 14:51:19.579000,414.7647076757148,100
2024-09-18 14:51:19.597000,414.7738067290289,9
2024-09-18 14:51:19.629000,414.7752224369552,103
2024-09-18 14:51:19.710000,414.7761860586597,103
2024-09-18 14:51:19.741000,414.77289550748935,998
2024-09-18 14:51:19.780000,414.7638893754669,100
2024-09-18 14:51:19.828000,414.7871347290976,8
2024-09-18 14:51:19.890000,414.7821260227529,99
2024-09-18 14:51:19.935000,414.7712605420525,1004
2024-09-18 14:51:19.963000,414.7419997503952,1001
2024-09-18 14:51:20.067000,414.7651678877273,100
2024-09-18 14:51:20.088000,414.7873489576783,9
2024-09-18 14:51:20.101000,414.8081661779556,99
2024-09-18 14:51:20.170000,414.7824080668488,14
2024-09-18 14:51:20.210000,414.7694934962772,98
2024-09-18 14:51:20.216000,414.7680094938351,6
2024-09-18 14:51:20.385000,414.8145695926221,13
2024-09-18 14:51:20.404000,407.28718743555294,10
2024-09-18 14:51:20.418000,414.8152464193777,13
2024-09-18 14:51:20.565000,414.8218540958486,13
2024-09-18 14:51:20.679000,414.7711761028448,98
2024-09-18 14:51:20.698000,414.8153018083024,14
2024-09-18 14:51:20.702000,414.7971602734699,6
2024-09-18 14:51:20.787000,414.8115584711358,13
2024-09-18 14:51:20.810000,414.82394534946025,101
2024-09-18 14:51:20.829000,414.7944588195455,1002
2024-09-18 14:51:20.878000,414.7663117724788,105
2024-09-18 14:51:20.895000,414.7694750022204,997
2024-09-18 14:51:20.897000,414.7921545722568,15
2024-09-18 14:51:21.664000,414.75776621783285,995
2024-09-18 14:51:21.843000,414.741874967518,12
2024-09-18 14:51:22.122000,414.75283835967474,996
2024-09-18 14:51:22.153000,414.7613753740157,5
2024-09-18 14:51:22.488000,414.7639198531984,99
2024-09-18 14:51:22.555000,414.7370354676807,12
2024-09-18 14:51:22.578000,414.7467145934269,12
2024-09-18 14:51:22.688000,414.7502732659504,105
2024-09-18 14:51:22.764000,414.7228699188309,1000
2024-09-18 14:51:22.945000,414.7373777735897,96
2024-09-18 14:51:22.954000,414.756015340034,101
2024-09-18 14:51:23.015000,414.70384256275497,8
2024-09-18 14:51:23.017000,414.7193202440004,1004
2024-09-18 14:51:23.021000,414.6982883317759,102
2024-09-18 14:51:23.138000,414.72016552732623,10
2024-09-18 14:51:23.267000,414.68749817918,1004
2024-09-18 14:51:23.271000,414.7090522467656,12
2024-09-18 14:51:23.288000,414.7055591811812,102
2024-09-18 14:51:23.291000,414.7104837328521,100
2024-09-18 14:51:23.291000,414.6827058913197,998
2024-09-18 14:51:23.350000,414.7063702899294,95
2024-09-18 14:51:23.382000,414.7114420882806,9
2024-09-18 14:51:23.416000,414.71008153120806,99
2024-09-18 14:51:23.441000,414.70957739812496,14
2024-09-18 14:51:23.505000,414.7074069459173,1001
2024-09-18 14:51:23.545000,414.708277169812,98
2024-09-18 14:51:23.620000,414.708314348357,98
2024-09-18 14:51:23.636000,414.7066860539962,1000
2024-09-18 14:51:23.741000,414.7128781575512,95
2024-09-18 14:51:23.779000,414.7389193911519,103
2024-09-18 14:51:23.962000,414.6993520053447,1005
2024-09-18 14:51:23.976000,414.70559543243934,11
2024-09-18 14:51:24.046000,414.6341017601856,11
2024-09-18 14:51:24.087000,414.6140445046488,104
2024-09-18 14:51:24.178000,414.687850802689,12
2024-09-18 14:51:24.241000,414.66604470659775,105
2024-09-18 14:51:24.241000,414.6275612368733,995
2024-09-18 14:51:24.271000,414.675779413263,8
2024-09-18 14:51:24.315000,414.741229888716,105
2024-09-18 14:51:24.318000,414.6657706170787,6
2024-09-18 14:51:24.373000,414.6803827507296,101
2024-09-18 14:51:24.478000,414.6619943171015,7
2024-09-18 14:51:24.506000,414.64790480012255,10
2024-09-18 14:51:24.546000,414.64612780311353,997
2024-09-18 14:51:24.564000,414.6377779723727,1000
2024-09-18 14:51:24.634000,414.616556800891,14
2024-09-18 14:51:24.679000,414.6685040992148,8
2024-09-18 14:51:24.688000,414.5688516038755,997
2024-09-18 14:51:24.715000,414.6982782023381,5
2024-09-18 14:51:24.729000,414.6777849942281,15
2024-09-18 14:51:24.755000,414.62971483497967,999
2024-09-18 14:51:24.879000,414.6781377920967,1005
2024-09-18 14:51:25.318000,414.6313207573933,1002
2024-09-18 14:51:25.335000,414.599580420983,104
2024-09-18 14:51:25.387000,414.5950691634396,96
2024-09-18 14:51:25.422000,414.6057664084998,1000
2024-09-18 14:51:25.458000,414.5836229568741,101
2024-09-18 14:51:25.499000,414.6482983031737,998
2024-09-18 14:51:25.695000,414.6499577388872,14
2024-09-18 14:51:25.821000,414.5709143047736,14
2024-09-18 14:51:25.875000,414.6499647979996,995
2024-09-18 14:51:25.946000,414.5776214475982,9
2024-09-18 14:51:25.962000,414.6673954439605,14
2024-09-18 14:51:26.140000,414.6572932211761,1003
2024-09-18 14:51:27.431000,414.6631154045003,7
2024-09-18 14:51:28.095000,414.6722797053846,1004
2024-09-18 14:51:28.237000,414.6610493370569,13
2024-09-18 14:51:28.302000,414.64667554964905,996
2024-09-18 14:51:28.354000,407.21250405809,995
2024-09-18 14:51:28.355000,414.6541095193542,97
2024-09-18 14:51:28.367000,414.6726403001553,1003
2024-09-18 14:51:28.477000,414.6639267858855,1004
2024-09-18 14:51:28.519000,414.648167660183,103
2024-09-18 14:51:28.646000,407.3053519797362,995
2024-09-18 14:51:28.883000,414.6720290637684,13
2024-09-18 14:51:29.030000,414.65369123572617,998
2024-09-18 14:51:29.086000,414.6670298681789,11
2024-09-18 14:51:29.294000,414.6856234062436,12
2024-09-18 14:51:29.515000,414.6697433815587,14
2024-09-18 14:51:29.522000,414.6559691979157,98
2024-09-18 14:51:29.677000,414.67630698288775,15
2024-09-18 14:51:29.831000,414.64264025308535,7
2024-09-18 14:51:29.853000,414.6818942764018,15
2024-09-18 14:51:29.953000,414.6615188977031,9
2024-09-18 14:51:29.979000,414.67381823538335,103
2024-09-18 14:51:30.805000,414.6430651448068,15
2024-09-18 14:51:31.197000,414.63027263941495,104
2024-09-18 14:51:31.324000,414.65125614468826,98
2024-09-18 14:51:31.338000,414.6289393568424,996
2024-09-18 14:51:31.346000,414.6530574879631,95
2024-09-18 14:51:31.420000,414.6489325533603,98
2024-09-18 14:51:31.572000,414.61270049385297,8
2024-09-18 14:51:31.595000,414.64532673573166,97
2024-09-18 14:51:31.676000,414.6375481609919,104
2024-09-18 14:51:31.766000,414.6085602074312,8
2024-09-18 14:51:31.772000,414.6137040385908,99
2024-09-18 14:51:31.794000,414.628896819318,998
2024-09-18 14:51:31.798000,414.6350169559572,1001
2024-09-18 14:51:31.820000,414.6132726470137,99
2024-09-18 14:51:31.877000,414.6554110713742,1004
2024-09-18 14:51:31.900000,414.64656443606793,995
2024-09-18 14:51:31.951000,414.6244587003061,13
2024-09-18 14:51:31.961000,414.62814470204034,96
2024-09-18 14:51:32.050000,414.6142112325683,10
2024-09-18 14:51:32.066000,414.589327238501,5
2024-09-18 14:51:32.073000,414.6184472066535,104
2024-09-18 14:51:32.201000,414.6064736932119,6
2024-09-18 14:51:32.237000,414.6308266082386,99
2024-09-18 14:51:32.256000,414.6380900151174,1002
2024-09-18 14:51:32.292000,414.60478301869387,12
2024-09-18 14:51:32.317000,414.609518646535,997
2024-09-18 14:51:32.353000,414.5772412523809,13
2024-09-18 14:51:32.397000,414.6387166039695,10
2024-09-18 14:51:32.433000,414.6314581016931,5
2024-09-18 14:51:32.469000,414.5976397613292,6
2024-09-18 14:51:32.783000,414.6245448642484,99
2024-09-18 14:51:32.827000,414.6061327241202,103
2024-09-18 14:51:32.845000,414.6198670675387,14
2024-09-18 14:51:33.084000,414.5465095941026,8
2024-09-18 14:51:33.089000,414.5659159703261,102
2024-09-18 14:51:33.152000,414.5270274343205,13
2024-09-18 14:51:33.162000,414.5351824634948,1005
2024-09-18 14:51:33.343000,414.5709631643324,9
2024-09-18 14:51:33.346000,414.5542846878746,15
2024-09-18 14:51:33.500000,414.5644676862198,998
2024-09-18 14:51:33.509000,414.5579954934143,1000
2024-09-18 14:51:33.525000,414.582078512414,996
2024-09-18 14:51:33.536000,414.5673576817082,100
2024-09-18 14:51:33.622000,414.5287942156593,995
2024-09-18 14:51:33.731000,414.5601736912377,1005
2024-09-18 14:51:33.758000,414.5892389483932,13
2024-09-18 14:51:33.875000,414.5592560367565,996
2024-09-18 14:51:33.936000,414.5875393798042,997
2024-09-18 14:51:33.953000,414.53498950216544,996
2024-09-18 14:51:33.983000,414.544842245309,998
2024-09-18 14:51:33.993000,414.5644191418312,13
2024-09-18 14:51:34.105000,414.558362110473,999
2024-09-18 14:51:34.219000,414.5643965861616,10
2024-09-18 14:51:34.246000,414.5559501333543,7
2024-09-18 14:51:34.263000,414.57383118286384,7
2024-09-18 14:51:34.278000,414.5756121032737,996
2024-09-18 14:51:34.354000,414.5607805208797,100
2024-09-18 14:51:34.374000,414.5473333558311,1000
2024-09-18 14:51:34.536000,414.5683629453511,99
2024-09-18 14:51:34.880000,414.5775677784792,13
2024-09-18 14:51:34.906000,414.53269797516094,6
2024-09-18 14:51:34.921000,414.53652744082046,995
2024-09-18 14:51:34.926000,414.5488885559568,15
2024-09-18 14:51:34.932000,414.5821594081108,98
2024-09-18 14:51:34.991000,414.5806677157432,95
2024-09-18 14:51:35.034000,414.54317047808553,999
2024-09-18 14:51:35.042000,414.4980653186848,14
2024-09-18 14:51:35.043000,414.4086252965294,10
2024-09-18 14:51:35.077000,414.46434876143377,98
2024-09-18 14:51:35.115000,414.42758261057054,1005
2024-09-18 14:51:35.122000,414.5113222809936,1005
2024-09-18 14:51:35.135000,414.41084543265606,5
2024-09-18 14:51:35.138000,414.4776665580577,101
2024-09-18 14:51:35.191000,414.5787271438807,1001
2024-09-18 14:51:35.197000,414.4345864381952,10
2024-09-18 14:51:35.219000,414.47602083349017,12
2024-09-18 14:51:35.309000,414.417376877829,12
2024-09-18 14:51:35.424000,414.4784325073526,101
2024-09-18 14:51:35.471000,414.5669182118992,96
2024-09-18 14:51:35.632000,414.5698746659949,97
2024-09-18 14:51:35.658000,414.416787260533,7
2024-09-18 14:51:35.678000,414.4320451986464,104
2024-09-18 14:51:35.693000,414.5705296734101,10
2024-09-18 14:51:35.707000,414.4769268678068,1003
2024-09-18 14:51:35.760000,414.5720396610954,95
2024-09-18 14:51:35.819000,414.41657491555054,6
2024-09-18 14:51:35.906000,414.4177651613832,998
2024-09-18 14:51:35.911000,414.5709669014655,6
2024-09-18 14:51:36.037000,414.42161759490097,997
2024-09-18 14:51:36.061000,414.413564256909,997
2024-09-18 14:51:36.103000,414.4239307605611,1005
2024-09-18 14:51:36.122000,414.4205227920313,998
2024-09-18 14:51:36.152000,414.4563189828564,103
2024-09-18 14:51:36.226000,414.4465082688623,1002
2024-09-18 14:51:36.247000,414.4297175522446,1003
2024-09-18 14:51:36.266000,414.4240834808514,10
2024-09-18 14:51:36.273000,414.4707457774791,95
2024-09-18 14:51:36.303000,414.4301531721085,13
2024-09-18 14:51:36.376000,414.5024034887951,14
2024-09-18 14:51:36.384000,414.4634674900715,7
2024-09-18 14:51:36.387000,414.45379487170766,6
2024-09-18 14:51:36.397000,414.4553215558494,1000
2024-09-18 14:51:36.407000,414.47176459490015,10
2024-09-18 14:51:36.414000,414.4577793870047,101
2024-09-18 14:51:36.451000,414.4342411431981,1003
2024-09-18 14:51:36.462000,414.47296209713386,95
2024-09-18 14:51:36.493000,414.44076407215294,1000
2024-09-18 14:51:36.613000,414.4563863136861,7
2024-09-18 14:51:36.623000,414.4622841253936,999
2024-09-18 14:51:36.626000,414.4270327349389,6
2024-09-18 14:51:36.647000,414.4898829957021,102
2024-09-18 14:51:36.649000,414.4839616722766,15
2024-09-18 14:51:36.649000,414.5037667221172,5
2024-09-18 14:51:36.741000,414.429898921439,11
2024-09-18 14:51:36.762000,414.4823388966077,98
2024-09-18 14:51:36.765000,414.4309732578941,101
2024-09-18 14:51:36.807000,414.4680353155605,12
2024-09-18 14:51:37.038000,414.3662929367536,101
2024-09-18 14:51:37.050000,414.3745701705446,6
2024-09-18 14:51:37.137000,414.3844740976068,9
2024-09-18 14:51:37.140000,414.365395702411,14
2024-09-18 14:51:37.194000,414.418420425895,12
2024-09-18 14:51:37.244000,407.4270425994012,1004
2024-09-18 14:51:37.293000,414.4465057945546,10
2024-09-18 14:51:37.571000,414.38188623352863,997
2024-09-18 14:51:37.578000,414.3644233174009,103
2024-09-18 14:51:37.623000,414.3839220907639,1005
2024-09-18 14:51:37.747000,414.40007967227,7
2024-09-18 14:51:37.782000,414.3658673690513,15
2024-09-18 14:51:37.783000,414.3606507681828,103
2024-09-18 14:51:37.821000,414.4331154822953,995
2024-09-18 14:51:37.874000,414.3651366035492,999
2024-09-18 14:51:37.902000,414.3715007962635,99
2024-09-18 14:51:38.175000,414.3919819404748,8
2024-09-18 14:51:38.217000,414.3796788181836,998
2024-09-18 14:51:38.220000,414.3874140763664,103
2024-09-18 14:51:38.352000,414.3973075929477,99
2024-09-18 14:51:38.688000,414.3854593796359,101
2024-09-18 14:51:39.085000,407.3787675378928,103
2024-09-18 14:51:39.123000,414.3760917645217,8
2024-09-18 14:51:39.165000,414.4366975089898,1003
2024-09-18 14:51:39.167000,414.3682446477808,999
2024-09-18 14:51:39.251000,414.4065572975577,102
2024-09-18 14:51:39.261000,414.3702267356204,98
2024-09-18 14:51:39.311000,414.38996291665546,13
2024-09-18 14:51:39.348000,414.35742544670967,105
2024-09-18 14:51:39.442000,414.3683846948412,1004
2024-09-18 14:51:39.456000,414.4159968976444,15
2024-09-18 14:51:39.526000,414.37000526816206,14
2024-09-18 14:51:39.535000,414.3591065871428,999
2024-09-18 14:51:39.584000,414.360009250943,11
2024-09-18 14:51:39.653000,414.4010121887721,1000
2024-09-18 14:51:39.681000,414.3745515761696,999
2024-09-18 14:51:39.723000,414.3714202231937,999
2024-09-18 14:51:39.764000,414.36303843456375,103
2024-09-18 14:51:39.769000,414.3949878686482,100
2024-09-18 14:51:39.778000,414.364034672181,95
2024-09-18 14:51:39.790000,414.37086890477553,1004
2024-09-18 14:51:39.824000,414.3816137346757,1001
2024-09-18 14:51:39.849000,414.3604714972675,996
2024-09-18 14:51:39.860000,414.36770529677005,105
2024-09-18 14:51:39.904000,414.3951964712165,103
2024-09-18 14:51:39.937000,414.415382524522,104
2024-09-18 14:51:39.961000,414.42050384752895,102
2024-09-18 14:51:40.132000,414.3936088060351,10
2024-09-18 14:51:40.174000,414.401511311,1000
2024-09-18 14:51:40.217000,407.4228074902591,103
2024-09-18 14:51:40.223000,414.41314111896895,101
2024-09-18 14:51:40.299000,414.3804275199465,995
2024-09-18 14:51:40.553000,414.3926164008942,99
2024-09-18 14:51:40.555000,414.3915325636901,99
2024-09-18 14:51:40.596000,414.3989385774692,1003
2024-09-18 14:51:40.668000,414.38151781894027,99
2024-09-18 14:51:40.721000,414.41548884836897,100
2024-09-18 14:51:40.748000,414.399231865226,995
2024-09-18 14:51:40.844000,414.3946279470523,998
2024-09-18 14:51:40.936000,414.4031415772101,999
2024-09-18 14:51:40.996000,414.380046490847,104
2024-09-18 14:51:41.061000,414.294857309034,5
2024-09-18 14:51:41.089000,414.36299778037335,15
2024-09-18 14:51:41.129000,414.2945657616523,1003
2024-09-18 14:51:41.159000,414.2923594137326,1002
2024-09-18 14:51:41.184000,414.3208465992686,103
2024-09-18 14:51:41.224000,414.29587218499904,99
2024-09-18 14:51:41.244000,414.3553768497112,104
2024-09-18 14:51:41.261000,414.3440094450196,999
2024-09-18 14:51:41.312000,414.3117409098048,97
2024-09-18 14:51:41.336000,414.33040041612,11
2024-09-18 14:51:41.363000,414.2945990747976,96
2024-09-18 14:51:41.446000,414.2846087033326,13
2024-09-18 14:51:41.459000,414.2923201520378,10
2024-09-18 14:51:41.461000,414.285546863297,1003
2024-09-18 14:51:41.559000,414.30045499043246,8
2024-09-18 14:51:41.643000,414.30496940151767,9
2024-09-18 14:51:41.658000,414.36142304398953,997
2024-09-18 14:51:41.711000,414.2734979516082,1004
2024-09-18 14:51:41.715000,414.3533741120496,14
2024-09-18 14:51:41.811000,414.3101239720775,996
2024-09-18 14:51:41.829000,414.3036453198702,98
2024-09-18 14:51:41.857000,414.27554009927496,95
2024-09-18 14:51:41.865000,414.3624532915907,1000
2024-09-18 14:51:41.869000,414.3349400496037,5
2024-09-18 14:51:41.869000,414.3259879244421,99
2024-09-18 14:51:41.899000,414.30107535567066,995
2024-09-18 14:51:41.916000,414.3076685336402,8
2024-09-18 14:51:41.928000,414.33206593941225,6
2024-09-18 14:51:41.973000,414.2918323961672,97
2024-09-18 14:51:41.994000,414.3730046063717,101
2024-09-18 14:51:42.003000,414.2331293175801,1005
2024-09-18 14:51:42.253000,414.2502655485864,1000
2024-09-18 14:51:42.320000,414.2427964119683,5
2024-09-18 14:51:42.421000,414.2447851710304,1005
2024-09-18 14:51:42.426000,414.2439625118497,101
2024-09-18 14:51:42.472000,414.23232821952143,14
2024-09-18 14:51:42.585000,414.2492434001382,998
2024-09-18 14:51:42.641000,414.266689762891,100
2024-09-18 14:51:42.646000,414.23293796170987,95
2024-09-18 14:51:42.817000,414.2459189014572,996
2024-09-18 14:51:42.827000,414.233359853801,1002
2024-09-18 14:51:43.167000,414.2235748860011,995
2024-09-18 14:51:43.269000,414.2030711366175,10
2024-09-18 14:51:43.275000,414.19385661037165,6
2024-09-18 14:51:43.307000,414.2053368697344,6
2024-09-18 14:51:43.336000,414.2198143022253,11
2024-09-18 14:51:43.410000,414.2070738456967,99
2024-09-18 14:51:43.435000,414.1889537099476,105
2024-09-18 14:51:43.456000,414.213017430728,1004
2024-09-18 14:51:43.605000,414.1885367199842,95
2024-09-18 14:51:43.606000,414.2026089340042,1005
2024-09-18 14:51:43.683000,414.2099603841042,1004
2024-09-18 14:51:43.705000,414.2261674125951,95
2024-09-18 14:51:43.742000,414.2143401644873,9
2024-09-18 14:51:43.786000,414.2164002129379,995
2024-09-18 14:51:43.786000,414.19576894551926,102
2024-09-18 14:51:43.834000,414.22658049426434,96
2024-09-18 14:51:43.893000,414.2141734560847,98
2024-09-18 14:51:43.921000,414.2169589670707,10
2024-09-18 14:51:43.938000,414.1895637916668,14
2024-09-18 14:51:43.957000,414.2117374648475,100
2024-09-18 14:51:43.993000,414.22194870833175,5
2024-09-18 14:51:44.181000,414.232202151694,104
2024-09-18 14:51:44.450000,414.2455721410489,99
2024-09-18 14:51:44.487000,414.2344275402284,101
2024-09-18 14:51:44.562000,414.21194474395423,7
2024-09-18 14:51:44.571000,414.23788986874274,98
2024-09-18 14:51:44.606000,414.2300627372736,104
2024-09-18 14:51:44.610000,414.2227215675929,104
2024-09-18 14:51:44.692000,414.2433666095825,1005
2024-09-18 14:51:44.736000,414.2512172159478,99
2024-09-18 14:51:44.782000,414.23117815284,1001
2024-09-18 14:51:44.956000,414.2237223132612,95
2024-09-18 14:51:45.220000,414.237990373504,104
2024-09-18 14:51:45.312000,414.2300748105862,13
2024-09-18 14:51:45.329000,407.1959861057773,1003
2024-09-18 14:51:45.468000,414.257401096835,14
2024-09-18 14:51:45.501000,414.2200920240098,1002
2024-09-18 14:51:45.501000,414.23603512050096,95
2024-09-18 14:51:45.658000,414.25289670505634,105
2024-09-18 14:51:45.744000,414.2471231943528,97
2024-09-18 14:51:45.801000,414.2427924794807,1003
2024-09-18 14:51:45.974000,414.2432861716236,102
2024-09-18 14:51:46.128000,414.3078369360948,101
2024-09-18 14:51:46.224000,414.2807307615727,7
2024-09-18 14:51:46.377000,414.2433744044981,101
2024-09-18 14:51:46.413000,414.28944351550086,1001
2024-09-18 14:51:46.437000,414.3122460684028,1002
2024-09-18 14:51:46.442000,414.2245395525249,102
2024-09-18 14:51:46.459000,414.2983677375669,104
2024-09-18 14:51:46.463000,414.2296020065959,100
2024-09-18 14:51:46.557000,414.2314458411121,13
2024-09-18 14:51:46.633000,414.290336950493,100
2024-09-18 14:51:46.646000,414.2433771604244,5
2024-09-18 14:51:46.726000,414.2290833892073,12
2024-09-18 14:51:46.737000,414.219130701122,104
2024-09-18 14:51:46.753000,414.2528179627242,95
2024-09-18 14:51:46.776000,414.25938400221054,1004
2024-09-18 14:51:46.838000,414.31006322232366,12
2024-09-18 14:51:46.938000,414.28663318790456,997
2024-09-18 14:51:46.958000,414.31001288352553,100
2024-09-18 14:51:46.991000,414.2970644056113,1003
2024-09-18 14:51:46.996000,414.2777733044843,9
2024-09-18 14:51:47.024000,414.2122338007395,995
2024-09-18 14:51:47.042000,414.2381709482541,10
2024-09-18 14:51:47.055000,414.261108265397,997
2024-09-18 14:51:47.135000,414.2471854802443,12
2024-09-18 14:51:47.346000,414.2789096884928,105
2024-09-18 14:51:47.367000,414.2366837173031,8
2024-09-18 14:51:47.379000,414.2819815531212,98
2024-09-18 14:51:47.447000,414.24995565054695,8
2024-09-18 14:51:47.454000,414.2444969245016,105
2024-09-18 14:51:47.626000,414.2390048146984,8
2024-09-18 14:51:47.710000,414.2455027004163,998
2024-09-18 14:51:47.774000,414.2205198596573,999
2024-09-18 14:51:47.818000,414.2272121393406,1003
2024-09-18 14:51:47.987000,414.2546165552271,103
2024-09-18 14:51:48.009000,414.2941969884777,96
2024-09-18 14:51:48.029000,414.2261357960751,13
2024-09-18 14:51:48.083000,414.2645743328943,14
2024-09-18 14:51:48.092000,414.26483241466025,10
2024-09-18 14:51:48.116000,414.2450190446633,1005
2024-09-18 14:51:48.116000,414.28000752882656,5
2024-09-18 14:51:48.226000,414.2736001480827,101
2024-09-18 14:51:48.254000,414.2540219036583,1003
2024-09-18 14:51:48.420000,414.27389771594426,11
2024-09-18 14:51:48.479000,414.2935354099571,95
2024-09-18 14:51:48.532000,414.2354242626537,1005
2024-09-18 14:51:48.586000,414.2290749960104,104
2024-09-18 14:51:48.606000,414.2939609231959,996
2024-09-18 14:51:48.639000,414.3040052754947,8
2024-09-18 14:51:48.653000,414.2458077871789,104
2024-09-18 14:51:48.655000,414.2402636637631,1001
2024-09-18 14:51:48.690000,414.2575360553448,1004
2024-09-18 14:51:48.726000,414.24797659926514,997
2024-09-18 14:51:48.761000,414.2779661924391,999
2024-09-18 14:51:48.817000,407.2116714879625,14
2024-09-18 14:51:48.847000,414.2614185583033,995
2024-09-18 14:51:48.881000,414.2440771398205,1002
2024-09-18 14:51:48.917000,414.2154342797638,95
2024-09-18 14:51:49.002000,414.27981407659416,98
2024-09-18 14:51:49.009000,414.3197835522585,6
2024-09-18 14:51:49.035000,414.3369390223055,998
2024-09-18 14:51:49.249000,414.3138034266445,95
2024-09-18 14:51:49.333000,414.2631367567558,1000
2024-09-18 14:51:49.374000,414.3240869127934,13
2024-09-18 14:51:49.381000,414.3650261723534,5
2024-09-18 14:51:49.383000,414.2348774798064,1002
2024-09-18 14:51:49.388000,414.3352254994028,14
2024-09-18 14:51:49.398000,414.3388491322211,997
2024-09-18 14:51:49.483000,414.2613044364655,99
2024-09-18 14:51:49.551000,414.3367955573398,1004
2024-09-18 14:51:49.569000,414.27046535341645,1000
2024-09-18 14:51:49.595000,414.3434461388897,1001
2024-09-18 14:51:49.610000,414.3396457564634,5
2024-09-18 14:51:49.615000,414.36020060311193,100
2024-09-18 14:51:49.662000,414.33719027794615,102
2024-09-18 14:51:49.668000,414.26085046227945,996
2024-09-18 14:51:49.733000,414.25645430298,10
2024-09-18 14:51:49.834000,414.31811375801016,995
2024-09-18 14:51:49.848000,414.3386112685519,102
2024-09-18 14:51:49.905000,414.3445871182368,14
2024-09-18 14:51:49.915000,414.33138180939295,1001
2024-09-18 14:51:49.948000,414.3134248746451,997
2024-09-18 14:51:49.980000,414.343955676861,15
2024-09-18 14:51:50.022000,414.3385734891921,1002
2024-09-18 14:51:50.060000,414.325298451485,14
2024-09-18 14:51:50.066000,414.3607470587064,7
2024-09-18 14:51:50.103000,414.334540588751,105
2024-09-18 14:51:50.142000,414.3202353628975,9
2024-09-18 14:51:50.146000,414.320483657042,103
2024-09-18 14:51:50.216000,414.3340901340919,105
2024-09-18 14:51:50.267000,414.34089284257976,1000
2024-09-18 14:51:50.327000,414.3418923789569,95
2024-09-18 14:51:50.379000,414.3455661647199,13
2024-09-18 14:51:50.390000,414.3720330380336,10
2024-09-18 14:51:50.422000,414.34044842611615,99
2024-09-18 14:51:50.445000,414.3473528094596,103
2024-09-18 14:51:50.509000,414.3431645850186,1002
2024-09-18 14:51:50.535000,414.3349950536619,104
2024-09-18 14:51:50.537000,414.3332382339922,1003
2024-09-18 14:51:50.718000,414.3570921208242,1005
2024-09-18 14:51:50.723000,414.32872873617424,105
2024-09-18 14:51:50.754000,414.3279852520077,1002
2024-09-18 14:51:50.781000,414.32613879344257,995
2024-09-18 14:51:50.784000,414.3304830929789,96
2024-09-18 14:51:50.800000,414.3189775818151,101
2024-09-18 14:51:50.800000,414.3632258716743,8
2024-09-18 14:51:50.823000,414.3437202596392,1000
2024-09-18 14:51:50.839000,414.3653419398968,8
2024-09-18 14:51:50.858000,414.33405705037126,5
2024-09-18 14:51:50.879000,414.3219812892816,1003
2024-09-18 14:51:50.946000,414.3362709096981,995
2024-09-18 14:51:51.129000,414.3460885030335,13
2024-09-18 14:51:51.742000,414.3482610542329,105
2024-09-18 14:51:51.877000,414.3363045497968,103
2024-09-18 14:51:52.010000,414.3237720004064,99
2024-09-18 14:51:52.024000,414.3337083050778,5
2024-09-18 14:51:52.068000,414.3189777554662,7
2024-09-18 14:51:52.077000,414.3140330961584,14
2024-09-18 14:51:52.157000,414.335137305788,6
2024-09-18 14:51:52.164000,414.31388025591787,6
2024-09-18 14:51:52.256000,414.3293477674199,98
2024-09-18 14:51:52.315000,414.30805993844655,1002
2024-09-18 14:51:52.382000,414.32140338079074,11
2024-09-18 14:51:52.389000,414.3489596721133,13
2024-09-18 14:51:52.468000,414.3126604913604,102
2024-09-18 14:51:52.480000,414.3216953173927,12
2024-09-18 14:51:52.527000,414.3286544865794,1005
2024-09-18 14:51:52.566000,414.34867398803976,1004
2024-09-18 14:51:52.570000,414.3377012402701,15
2024-09-18 14:51:52.589000,414.3278472355342,99
2024-09-18 14:51:52.610000,414.3397867652526,9
2024-09-18 14:51:52.651000,414.32057068768665,5
2024-09-18 14:51:52.696000,414.3145997448559,102
2024-09-18 14:51:52.713000,414.3315459493456,995
2024-09-18 14:51:52.734000,414.3453603822504,1005
2024-09-18 14:51:52.808000,414.3376179939657,102
2024-09-18 14:51:52.815000,414.3294413488061,9
2024-09-18 14:51:52.881000,407.3175278961267,10
2024-09-18 14:51:52.883000,414.3179865759922,1000
2024-09-18 14:51:52.889000,414.3347765108165,95
2024-09-18 14:51:52.908000,414.3272326640615,996
2024-09-18 14:51:52.925000,414.28680021883866,95
2024-09-18 14:51:53.072000,414.3175203963732,14
2024-09-18 14:51:53.192000,414.3212238507565,105
2024-09-18 14:51:53.193000,414.31347547394375,998
2024-09-18 14:51:53.398000,414.3032979306743,1000
2024-09-18 14:51:53.705000,414.3273803941905,1005
2024-09-18 14:51:53.717000,414.3201136017984,101
2024-09-18 14:51:53.787000,414.3202394736656,1004
2024-09-18 14:51:53.806000,414.33411671246006,15
2024-09-18 14:51:53.830000,414.3364584470407,8
2024-09-18 14:51:54.101000,414.3093238441276,1001
2024-09-18 14:51:54.101000,414.3257869152969,101
2024-09-18 14:51:54.142000,414.3475518017767,5
2024-09-18 14:51:54.209000,414.3434113010148,13
2024-09-18 14:51:54.301000,414.36279306120286,101
2024-09-18 14:51:54.326000,414.3608641452018,997
2024-09-18 14:51:54.356000,414.318624623762,97
2024-09-18 14:51:54.375000,414.3096974238721,105
2024-09-18 14:51:54.397000,414.3150025371807,105
2024-09-18 14:51:54.411000,414.3526933872084,10
2024-09-18 14:51:54.414000,414.3446062847241,995
2024-09-18 14:51:54.481000,414.3060265225952,999
2024-09-18 14:51:54.618000,414.3545290311801,999
2024-09-18 14:51:54.665000,414.3675525933014,996
2024-09-18 14:51:54.679000,414.33040332551,12
2024-09-18 14:51:54.723000,414.319097374297,6
2024-09-18 14:51:54.729000,414.3460677673541,13
2024-09-18 14:51:54.731000,414.33153475741,997
2024-09-18 14:51:54.760000,414.31256693626943,1002
2024-09-18 14:51:54.852000,414.3602815265483,1000
2024-09-18 14:51:54.928000,414.3100031895284,998
2024-09-18 14:51:54.957000,414.3008416645425,999
2024-09-18 14:51:54.970000,414.3553023539403,12
2024-09-18 14:51:54.996000,414.3621469123922,14
2024-09-18 14:51:55.056000,414.32630544283097,95
2024-09-18 14:51:55.078000,414.30325998476286,7
2024-09-18 14:51:55.107000,414.3529563118877,996
2024-09-18 14:51:55.166000,414.3447879824888,999
2024-09-18 14:51:55.231000,414.3879119543422,997
2024-09-18 14:51:55.254000,414.3491294877069,1001
2024-09-18 14:51:55.265000,414.3495212546024,1005
2024-09-18 14:51:55.385000,414.3760387770251,103
2024-09-18 14:51:55.465000,414.3759539222286,101
2024-09-18 14:51:55.548000,414.351144458393,996
2024-09-18 14:51:55.573000,414.3646386390176,15
2024-09-18 14:51:55.592000,414.3399718589876,95
2024-09-18 14:51:55.599000,414.3782233777,1004
2024-09-18 14:51:55.846000,414.29587909212864,999
2024-09-18 14:51:55.924000,414.304537247515,12
2024-09-18 14:51:55.963000,414.2944308934745,102
2024-09-18 14:51:55.996000,414.33604939186193,996
2024-09-18 14:51:56.050000,414.3312478008915,7
2024-09-18 14:51:56.085000,414.2545678469304,100
2024-09-18 14:51:56.194000,414.2637541481066,5
2024-09-18 14:51:56.220000,414.2718872331294,13
2024-09-18 14:51:56.273000,414.2679129193509,105
2024-09-18 14:51:56.315000,414.2993435245159,7
2024-09-18 14:51:56.421000,414.3137941207022,1005
2024-09-18 14:51:56.459000,414.2665437261065,1000
2024-09-18 14:51:56.477000,414.30134625479695,11
2024-09-18 14:51:56.481000,414.3196165450876,1002
2024-09-18 14:51:56.594000,414.3273956774847,1005
2024-09-18 14:51:56.651000,414.3098181079344,7
2024-09-18 14:51:56.715000,414.3179373673548,14
2024-09-18 14:51:56.740000,414.3285986071229,97
2024-09-18 14:51:56.760000,414.3120589766663,99
2024-09-18 14:51:56.780000,414.2784154627258,103
2024-09-18 14:51:56.823000,414.2775232792984,102
2024-09-18 14:51:56.833000,414.33245333224414,5
2024-09-18 14:51:56.912000,414.3041779760033,1001
2024-09-18 14:51:56.978000,414.3332920450504,998
2024-09-18 14:51:56.984000,414.2605089611752,5
2024-09-18 14:51:56.990000,414.3056048529499,98
2024-09-18 14:51:57.047000,414.2763518751012,13
2024-09-18 14:51:57.065000,414.27612943576906,101
2024-09-18 14:51:57.095000,407.352813574433,102
2024-09-18 14:51:57.153000,414.2744506099582,95
2024-09-18 14:51:57.268000,414.2811208912633,1005
2024-09-18 14:51:57.385000,414.2689075648473,6
2024-09-18 14:51:57.401000,414.28481797467776,102
2024-09-18 14:51:57.428000,414.29152538324416,1002
2024-09-18 14:51:57.507000,414.2806908894469,10
2024-09-18 14:51:57.509000,414.2737176979052,1001
2024-09-18 14:51:57.563000,407.3246961829568,1001
2024-09-18 14:51:57.587000,414.2866204623749,999
2024-09-18 14:51:57.661000,414.28471654827626,11
2024-09-18 14:51:57.694000,414.2869961092211,998
2024-09-18 14:51:57.893000,414.2742846020767,7
2024-09-18 14:51:58.099000,414.1958863337159,995
2024-09-18 14:51:58.377000,414.2416974691892,100
2024-09-18 14:51:58.584000,414.2628151653187,8
2024-09-18 14:51:58.640000,414.2361643086156,100
2024-09-18 14:51:58.647000,414.2101416630089,102
2024-09-18 14:51:58.783000,414.2520167448456,102
2024-09-18 14:51:58.870000,414.17863082926,1005
2024-09-18 14:51:58.919000,414.2316672335933,97
2024-09-18 14:51:58.927000,414.2608468493269,999
2024-09-18 14:51:59.084000,414.1948026415165,998
2024-09-18 14:51:59.088000,414.1903688024688,99
2024-09-18 14:51:59.129000,414.200814334995,103
2024-09-18 14:51:59.137000,414.1806098545232,98
2024-09-18 14:51:59.242000,414.19250940815016,998
2024-09-18 14:51:59.345000,414.21645168518654,999
2024-09-18 14:51:59.364000,414.205977605469,6
2024-09-18 14:51:59.365000,414.1825463434738,995
2024-09-18 14:51:59.430000,414.1957540474369,6
2024-09-18 14:51:59.501000,414.1783614706828,96
2024-09-18 14:51:59.610000,414.1966922125417,9
2024-09-18 14:51:59.641000,414.1935298666668,98
2024-09-18 14:51:59.792000,414.1785957619991,1002
2024-09-18 14:51:59.827000,414.1887709989694,1002
2024-09-18 14:51:59.950000,414.2042074307479,9
2024-09-18 14:51:59.970000,414.1902211644338,1003
