Timestamp,Price,Size
2024-09-20 11:38:00.087000,427.66916421240165,102
2024-09-20 11:38:00.165000,427.68124153613087,97
2024-09-20 11:38:00.262000,427.6735943907335,7
2024-09-20 11:38:00.507000,427.6871448655706,14
2024-09-20 11:38:00.689000,427.67115549594047,104
2024-09-20 11:38:00.725000,427.677773775474,12
2024-09-20 11:38:00.896000,427.65898255285504,95
2024-09-20 11:38:00.959000,427.6873867963131,1003
2024-09-20 11:38:01.436000,427.6505305195004,12
2024-09-20 11:38:02.406000,427.6382854584998,1000
2024-09-20 11:38:02.826000,427.64009210540456,15
2024-09-20 11:38:02.937000,427.6428446822827,100
2024-09-20 11:38:03.030000,427.7106531129695,103
2024-09-20 11:38:03.152000,427.6881481140136,105
2024-09-20 11:38:03.169000,427.7217073365979,9
2024-09-20 11:38:03.233000,427.6765977461026,101
2024-09-20 11:38:03.348000,427.731996823608,15
2024-09-20 11:38:03.522000,427.7058373264837,99
2024-09-20 11:38:03.585000,427.7017970913498,14
2024-09-20 11:38:03.620000,427.7040864655475,13
2024-09-20 11:38:03.625000,427.723137449961,99
2024-09-20 11:38:03.692000,427.71942478421687,97
2024-09-20 11:38:03.844000,427.6955831978032,9
2024-09-20 11:38:03.906000,427.6541081181148,96
2024-09-20 11:38:03.959000,427.7236638087822,999
2024-09-20 11:38:04.052000,427.67257597004686,1000
2024-09-20 11:38:04.060000,427.6704568704041,8
2024-09-20 11:38:04.192000,427.6940839178295,995
2024-09-20 11:38:04.240000,427.7127391680082,99
2024-09-20 11:38:04.276000,427.7377809985664,1003
2024-09-20 11:38:04.284000,427.7089598680252,11
2024-09-20 11:38:04.504000,427.69950281859707,997
2024-09-20 11:38:04.572000,427.691374566582,1002
2024-09-20 11:38:04.613000,427.6674462651581,997
2024-09-20 11:38:04.626000,427.70124561746775,996
2024-09-20 11:38:04.665000,427.71664360047146,996
2024-09-20 11:38:04.766000,427.7272291661165,96
2024-09-20 11:38:04.903000,427.6963279583031,97
2024-09-20 11:38:04.923000,427.71639511180535,1003
2024-09-20 11:38:04.955000,427.6677115432996,5
2024-09-20 11:38:04.995000,427.70904243907466,9
2024-09-20 11:38:06.850000,427.6692194852993,11
2024-09-20 11:38:06.930000,427.6701540383646,999
2024-09-20 11:38:08.105000,427.72724915510753,6
2024-09-20 11:38:08.117000,427.6852941002391,1004
2024-09-20 11:38:08.160000,427.66430506213146,1004
2024-09-20 11:38:08.216000,427.6940631277118,105
2024-09-20 11:38:08.260000,427.6583549168925,1000
2024-09-20 11:38:08.327000,427.7315492747254,98
2024-09-20 11:38:08.366000,427.6666598674981,7
2024-09-20 11:38:08.408000,427.6603843283155,96
2024-09-20 11:38:08.433000,427.72759427992526,1005
2024-09-20 11:38:08.518000,427.7185838958295,103
2024-09-20 11:38:08.717000,427.64975369531487,12
2024-09-20 11:38:08.735000,427.7016533993857,105
2024-09-20 11:38:08.755000,427.7125845595316,1002
2024-09-20 11:38:08.758000,427.73508674118034,1003
2024-09-20 11:38:08.807000,427.7428214083831,103
2024-09-20 11:38:08.824000,427.6462690132669,100
2024-09-20 11:38:08.883000,427.6607741427102,15
2024-09-20 11:38:08.977000,427.6844939968887,6
2024-09-20 11:38:08.998000,427.729703230215,11
2024-09-20 11:38:09.237000,427.75587425343736,10
2024-09-20 11:38:09.241000,427.81833887663686,100
2024-09-20 11:38:09.266000,427.7407057584027,101
2024-09-20 11:38:09.321000,427.73935814677407,1003
2024-09-20 11:38:09.333000,427.73206692776506,105
2024-09-20 11:38:09.358000,427.7429074452875,1002
2024-09-20 11:38:09.392000,427.7158368392208,98
2024-09-20 11:38:09.466000,427.7228211615656,105
2024-09-20 11:38:09.489000,427.7512193163389,6
2024-09-20 11:38:09.516000,427.79735118915454,13
2024-09-20 11:38:09.525000,427.7454998546125,1001
2024-09-20 11:38:09.536000,427.7385956115064,1004
2024-09-20 11:38:09.551000,427.772061269318,1001
2024-09-20 11:38:09.600000,427.79309489462383,95
2024-09-20 11:38:09.669000,427.7765819874214,13
2024-09-20 11:38:09.697000,427.7518235093034,1000
2024-09-20 11:38:09.729000,427.7662229815965,8
2024-09-20 11:38:09.748000,427.755591711652,104
2024-09-20 11:38:09.752000,427.7300854876432,99
2024-09-20 11:38:09.759000,427.7380261201536,96
2024-09-20 11:38:09.768000,427.8168882296646,1000
2024-09-20 11:38:09.780000,427.7605664941729,14
2024-09-20 11:38:09.802000,427.7814508542203,1003
2024-09-20 11:38:09.865000,427.7140794391572,13
2024-09-20 11:38:09.873000,427.78207811177526,10
2024-09-20 11:38:09.949000,427.7122506193981,13
2024-09-20 11:38:09.961000,427.7870411803922,6
2024-09-20 11:38:10.007000,427.7824391651058,103
2024-09-20 11:38:10.018000,427.8101933346699,15
2024-09-20 11:38:10.148000,427.81664300270376,102
2024-09-20 11:38:10.188000,427.812975208228,98
2024-09-20 11:38:10.223000,427.8314215320399,103
2024-09-20 11:38:10.273000,427.8177425914839,14
2024-09-20 11:38:10.292000,427.7899486181441,1000
2024-09-20 11:38:10.306000,427.79948242283535,99
2024-09-20 11:38:10.391000,427.757689666876,1003
2024-09-20 11:38:10.403000,427.81750938339593,1001
2024-09-20 11:38:10.429000,427.8427815261985,9
2024-09-20 11:38:10.433000,427.8254998549611,104
2024-09-20 11:38:10.435000,427.8067876947312,13
2024-09-20 11:38:10.644000,427.8267808332287,1004
2024-09-20 11:38:10.739000,427.754888496896,13
2024-09-20 11:38:10.766000,427.7657555225065,97
2024-09-20 11:38:10.801000,427.7917136508957,100
2024-09-20 11:38:10.841000,427.81972593513314,995
2024-09-20 11:38:10.868000,427.83686880029046,15
2024-09-20 11:38:10.891000,427.8254440701688,9
2024-09-20 11:38:10.993000,427.81704238529903,11
2024-09-20 11:38:11.044000,427.74836515465614,12
2024-09-20 11:38:11.095000,427.7527701355736,15
2024-09-20 11:38:11.150000,427.727180453486,15
2024-09-20 11:38:11.186000,427.7500910655261,996
2024-09-20 11:38:11.225000,427.7301668778387,995
2024-09-20 11:38:11.249000,427.734020601103,101
2024-09-20 11:38:11.260000,427.7429683982083,1002
2024-09-20 11:38:11.297000,427.7568970265276,1001
2024-09-20 11:38:11.303000,427.766939920688,1001
2024-09-20 11:38:11.309000,427.7329839845319,6
2024-09-20 11:38:11.336000,427.7204798467811,999
2024-09-20 11:38:11.389000,427.7322481608164,14
2024-09-20 11:38:11.412000,427.76655906396087,1000
2024-09-20 11:38:11.418000,427.7255767148191,103
2024-09-20 11:38:11.567000,427.73351479983,999
2024-09-20 11:38:11.659000,427.7746043880156,97
2024-09-20 11:38:11.667000,427.75482143852616,11
2024-09-20 11:38:11.682000,427.7337438760614,103
2024-09-20 11:38:11.690000,427.75526160478177,997
2024-09-20 11:38:11.717000,427.7661886069977,105
2024-09-20 11:38:11.732000,427.7457724258302,8
2024-09-20 11:38:11.767000,427.74724774559513,100
2024-09-20 11:38:11.772000,427.7092349967786,999
2024-09-20 11:38:11.858000,427.7289624276253,97
2024-09-20 11:38:11.891000,427.7520518092222,95
2024-09-20 11:38:11.905000,427.7617432438534,1003
2024-09-20 11:38:11.908000,427.73808731642544,1003
2024-09-20 11:38:11.948000,427.71604703721306,96
2024-09-20 11:38:12.020000,427.7372098590885,6
2024-09-20 11:38:12.033000,427.754949591218,7
2024-09-20 11:38:12.079000,427.72815330805673,9
2024-09-20 11:38:12.103000,427.74292115636086,1001
2024-09-20 11:38:12.250000,427.7338591022584,1002
2024-09-20 11:38:12.282000,427.7319561717452,99
2024-09-20 11:38:12.325000,427.7279333002616,995
2024-09-20 11:38:12.373000,427.7426486109139,996
2024-09-20 11:38:12.385000,427.7439996502297,97
2024-09-20 11:38:12.393000,427.7400917792575,10
2024-09-20 11:38:12.509000,427.75034865814695,1000
2024-09-20 11:38:12.536000,427.7377516779491,995
2024-09-20 11:38:12.578000,427.7583125702834,101
2024-09-20 11:38:12.582000,427.723474105883,8
2024-09-20 11:38:12.591000,427.750377493271,105
2024-09-20 11:38:12.689000,427.7425289757716,10
2024-09-20 11:38:12.765000,427.74856347066,97
2024-09-20 11:38:12.890000,427.7500106271473,8
2024-09-20 11:38:12.942000,427.7395799532858,1003
2024-09-20 11:38:12.996000,427.7488309766454,100
2024-09-20 11:38:13.008000,427.7451703722805,9
2024-09-20 11:38:13.016000,427.8784791356574,97
2024-09-20 11:38:13.130000,427.7928522715607,1004
2024-09-20 11:38:13.151000,427.79352418684033,996
2024-09-20 11:38:13.257000,427.91935081882735,6
2024-09-20 11:38:13.275000,427.8985754285249,11
2024-09-20 11:38:13.282000,427.9075732116645,12
2024-09-20 11:38:13.302000,427.8434417584818,104
2024-09-20 11:38:13.372000,427.7792107712846,98
2024-09-20 11:38:13.485000,427.825889871498,11
2024-09-20 11:38:13.620000,427.7694739145823,8
2024-09-20 11:38:13.654000,427.9144257370245,98
2024-09-20 11:38:13.655000,427.7864334730127,97
2024-09-20 11:38:13.709000,427.92314150367065,102
2024-09-20 11:38:13.713000,427.8564560511128,999
2024-09-20 11:38:13.737000,427.9007973821308,995
2024-09-20 11:38:13.761000,427.9203331484592,1002
2024-09-20 11:38:13.773000,427.89530680017873,99
2024-09-20 11:38:13.795000,427.92213772644266,1001
2024-09-20 11:38:13.821000,427.811701279912,1000
2024-09-20 11:38:13.827000,427.74783309454,8
2024-09-20 11:38:13.880000,427.8498326413503,5
2024-09-20 11:38:13.892000,427.805232681114,98
2024-09-20 11:38:13.941000,427.911738511668,101
2024-09-20 11:38:14.124000,427.9437796564554,11
2024-09-20 11:38:14.151000,427.9158151151709,102
2024-09-20 11:38:14.262000,427.9425217972943,1004
2024-09-20 11:38:14.336000,427.9463781207376,996
2024-09-20 11:38:14.518000,427.94297143967816,103
2024-09-20 11:38:14.664000,427.9371096209188,1002
2024-09-20 11:38:14.701000,427.9284804281616,97
2024-09-20 11:38:14.778000,427.9052368521065,10
2024-09-20 11:38:14.823000,427.9435038700444,14
2024-09-20 11:38:14.852000,427.9231456634003,7
2024-09-20 11:38:14.908000,427.9229579354586,997
2024-09-20 11:38:14.960000,427.9365572608137,8
2024-09-20 11:38:15.015000,427.88423710759065,12
2024-09-20 11:38:15.088000,427.9295055617031,15
2024-09-20 11:38:15.270000,427.8686891521078,105
2024-09-20 11:38:15.327000,427.9069133111637,8
2024-09-20 11:38:15.485000,427.8864324043276,103
2024-09-20 11:38:15.540000,427.8761378250372,102
2024-09-20 11:38:15.605000,427.91093057282336,7
2024-09-20 11:38:15.706000,427.9348576204879,104
2024-09-20 11:38:15.753000,427.8731242583714,9
2024-09-20 11:38:15.794000,427.8826024379373,102
2024-09-20 11:38:15.834000,427.8916218346165,995
2024-09-20 11:38:15.995000,427.9123698179496,105
2024-09-20 11:38:16.035000,427.8886687312286,98
2024-09-20 11:38:16.115000,427.8946186387301,105
2024-09-20 11:38:16.207000,427.8841270525406,99
2024-09-20 11:38:16.420000,427.9034896345952,12
2024-09-20 11:38:16.439000,427.902482142729,1002
2024-09-20 11:38:16.451000,427.8812762523425,10
2024-09-20 11:38:16.473000,427.9036657587036,100
2024-09-20 11:38:16.593000,427.9122313239447,1005
2024-09-20 11:38:16.819000,427.9013411559139,1004
2024-09-20 11:38:16.855000,427.8819301655941,95
2024-09-20 11:38:16.973000,427.9041736576394,1005
2024-09-20 11:38:17.090000,427.845677034894,14
2024-09-20 11:38:17.191000,427.8660062873346,101
2024-09-20 11:38:17.210000,427.9033973235989,14
2024-09-20 11:38:17.241000,427.8712359178773,1004
2024-09-20 11:38:17.413000,427.86863208334654,15
2024-09-20 11:38:17.472000,427.869352610684,997
2024-09-20 11:38:17.528000,427.8673571461671,5
2024-09-20 11:38:17.648000,427.8568835464274,997
2024-09-20 11:38:17.922000,427.89680633468174,1003
2024-09-20 11:38:18.002000,427.90083720985,1000
2024-09-20 11:38:18.017000,427.89358826740767,1003
2024-09-20 11:38:18.061000,427.8845432646348,98
2024-09-20 11:38:18.068000,427.8633835105368,1004
2024-09-20 11:38:18.105000,427.8975103458928,1000
2024-09-20 11:38:18.115000,427.8870365956759,104
2024-09-20 11:38:18.125000,427.8577098978253,13
2024-09-20 11:38:18.185000,427.8800316020473,1004
2024-09-20 11:38:18.355000,427.87550329469184,7
2024-09-20 11:38:18.411000,427.8947305577857,103
2024-09-20 11:38:18.604000,427.8992148198684,995
2024-09-20 11:38:18.607000,427.85206216160566,9
2024-09-20 11:38:18.649000,427.8860860507529,101
2024-09-20 11:38:18.658000,427.8866757996095,1002
2024-09-20 11:38:18.762000,427.864780908565,997
2024-09-20 11:38:18.812000,427.8628236471958,99
2024-09-20 11:38:19.559000,427.86338524983313,14
2024-09-20 11:38:20.060000,427.8182372978024,96
2024-09-20 11:38:20.068000,427.8038952266088,996
2024-09-20 11:38:20.089000,427.8238203848681,9
2024-09-20 11:38:20.104000,427.8244313404913,10
2024-09-20 11:38:20.184000,427.8594089165355,1004
2024-09-20 11:38:20.243000,427.8495425390504,100
2024-09-20 11:38:20.264000,427.8173977562401,9
2024-09-20 11:38:20.310000,427.7832913576718,8
2024-09-20 11:38:20.332000,427.8090561118197,15
2024-09-20 11:38:20.336000,427.8130815345706,8
2024-09-20 11:38:20.356000,427.7913487218944,98
2024-09-20 11:38:20.397000,427.8538121001573,5
2024-09-20 11:38:20.416000,427.827362254758,1001
2024-09-20 11:38:20.434000,427.8453813889403,101
2024-09-20 11:38:20.478000,427.8160274977212,11
2024-09-20 11:38:20.500000,427.80997969991176,105
2024-09-20 11:38:20.531000,427.83057180397947,11
2024-09-20 11:38:20.538000,427.8480815452334,15
2024-09-20 11:38:20.583000,427.83297527022535,998
2024-09-20 11:38:20.593000,427.8081219098613,1004
2024-09-20 11:38:20.597000,427.8203127738437,104
2024-09-20 11:38:20.621000,427.8216736012872,97
2024-09-20 11:38:20.644000,427.830430775868,999
2024-09-20 11:38:20.698000,427.7861938765568,9
2024-09-20 11:38:20.778000,427.83595268392446,11
2024-09-20 11:38:20.856000,427.7968268970701,97
2024-09-20 11:38:20.930000,427.8004979646532,6
2024-09-20 11:38:21.695000,427.847220644201,99
2024-09-20 11:38:21.721000,427.8509833332602,14
2024-09-20 11:38:22.021000,427.8366182568243,6
2024-09-20 11:38:22.695000,427.8661527600807,9
2024-09-20 11:38:22.976000,427.8529925379451,1000
2024-09-20 11:38:23.029000,427.8160981979893,100
2024-09-20 11:38:23.167000,427.8176813375432,105
2024-09-20 11:38:23.263000,427.8176109936074,1002
2024-09-20 11:38:23.273000,427.7900374828436,5
2024-09-20 11:38:23.560000,427.8675124001424,97
2024-09-20 11:38:23.725000,427.8717753660372,1001
2024-09-20 11:38:23.739000,427.82058660833934,97
2024-09-20 11:38:23.764000,427.8306956650218,7
2024-09-20 11:38:24.001000,427.8282789309197,100
2024-09-20 11:38:24.086000,427.8346404006887,1001
2024-09-20 11:38:24.122000,427.79812969522993,1004
2024-09-20 11:38:24.148000,427.8554406062901,100
2024-09-20 11:38:24.202000,427.82740565936905,996
2024-09-20 11:38:24.353000,427.8344559881151,999
2024-09-20 11:38:24.369000,427.814258545956,99
2024-09-20 11:38:24.470000,427.8185394758031,104
2024-09-20 11:38:24.586000,427.8403176591147,97
2024-09-20 11:38:24.792000,427.8222068101976,97
2024-09-20 11:38:25.086000,427.8173640820356,6
2024-09-20 11:38:25.137000,427.7866575538621,12
2024-09-20 11:38:25.142000,427.82164731984255,1004
2024-09-20 11:38:25.157000,427.8213321098963,11
2024-09-20 11:38:25.222000,427.8116726101099,99
2024-09-20 11:38:25.266000,427.8429379859574,998
2024-09-20 11:38:25.267000,427.8093626497984,1004
2024-09-20 11:38:25.304000,427.8432172671575,997
2024-09-20 11:38:25.306000,427.8211687936648,996
2024-09-20 11:38:25.539000,427.8159887550129,99
2024-09-20 11:38:25.637000,427.8617246607506,5
2024-09-20 11:38:25.660000,427.7929150471632,11
2024-09-20 11:38:25.685000,427.8453722368678,7
2024-09-20 11:38:25.731000,427.7941894472754,8
2024-09-20 11:38:25.747000,427.8460444353782,96
2024-09-20 11:38:25.770000,427.7925821424436,100
2024-09-20 11:38:25.789000,427.8070152405991,1000
2024-09-20 11:38:25.891000,427.8247352974769,104
2024-09-20 11:38:25.909000,427.8621832545633,96
2024-09-20 11:38:25.919000,427.8056193830191,103
2024-09-20 11:38:26.018000,427.8469792105452,7
2024-09-20 11:38:26.030000,427.8371246193965,996
2024-09-20 11:38:26.096000,427.8447923005737,996
2024-09-20 11:38:26.123000,427.8486747994271,10
2024-09-20 11:38:26.235000,427.8520413574517,999
2024-09-20 11:38:26.275000,427.87019367373534,11
2024-09-20 11:38:26.388000,427.85386772404337,98
2024-09-20 11:38:26.404000,427.8559731589849,96
2024-09-20 11:38:26.451000,427.8507699395436,1001
2024-09-20 11:38:26.466000,427.8639991879209,99
2024-09-20 11:38:26.468000,427.84869408242537,99
2024-09-20 11:38:26.538000,427.8724267634628,13
2024-09-20 11:38:26.544000,427.8630112879476,7
2024-09-20 11:38:26.624000,427.8759441564304,7
2024-09-20 11:38:26.634000,427.86694007173,11
2024-09-20 11:38:26.646000,427.8662837765912,12
2024-09-20 11:38:26.652000,427.8390971808661,98
2024-09-20 11:38:26.663000,427.8678251415709,999
2024-09-20 11:38:26.725000,427.8772045804649,103
2024-09-20 11:38:26.809000,427.8123048483282,13
2024-09-20 11:38:26.838000,427.8284070619789,10
2024-09-20 11:38:26.867000,427.8574383185477,8
2024-09-20 11:38:26.923000,427.8190381478954,15
2024-09-20 11:38:26.925000,427.8712151921192,15
2024-09-20 11:38:26.935000,427.84314627291513,1002
2024-09-20 11:38:26.938000,427.8404902827417,101
2024-09-20 11:38:26.958000,427.79567131859,8
2024-09-20 11:38:27.016000,427.73360539627055,15
2024-09-20 11:38:27.068000,427.6724730499204,1003
2024-09-20 11:38:27.101000,427.8329173753788,1005
2024-09-20 11:38:27.106000,427.82526784013936,995
2024-09-20 11:38:27.161000,427.7467051111807,103
2024-09-20 11:38:27.182000,427.73582947026085,997
2024-09-20 11:38:27.264000,427.8217134335313,95
2024-09-20 11:38:27.292000,427.8193945452064,105
2024-09-20 11:38:27.446000,427.7547823513193,105
2024-09-20 11:38:27.461000,427.809508953292,101
2024-09-20 11:38:27.466000,427.7212881577066,11
2024-09-20 11:38:27.502000,427.6688564597304,995
2024-09-20 11:38:27.581000,427.8415747401686,98
2024-09-20 11:38:27.600000,427.7685151256128,5
2024-09-20 11:38:27.639000,427.6718511278637,103
2024-09-20 11:38:27.657000,427.7364070466603,100
2024-09-20 11:38:27.738000,427.8048377227748,998
2024-09-20 11:38:27.848000,427.7007288415607,1003
2024-09-20 11:38:27.853000,427.8101250284861,1005
2024-09-20 11:38:27.877000,427.7107303227354,8
2024-09-20 11:38:27.907000,427.8201738096676,97
2024-09-20 11:38:27.924000,427.7791652476736,7
2024-09-20 11:38:27.951000,427.7024716103178,7
2024-09-20 11:38:28.001000,427.70114835094,98
2024-09-20 11:38:28.080000,427.6259044542712,998
2024-09-20 11:38:28.161000,427.6933097011378,15
2024-09-20 11:38:28.212000,427.6498519446109,10
2024-09-20 11:38:28.273000,427.6617172069269,1001
2024-09-20 11:38:28.281000,427.6378944847403,998
2024-09-20 11:38:28.287000,427.6639142775298,1004
2024-09-20 11:38:28.392000,427.6554167025559,995
2024-09-20 11:38:28.396000,427.6327003303176,998
2024-09-20 11:38:28.401000,427.6515705817819,10
2024-09-20 11:38:28.454000,427.67025163502825,996
2024-09-20 11:38:28.460000,427.6508431759037,1001
2024-09-20 11:38:28.460000,427.6598074766765,96
2024-09-20 11:38:28.475000,427.6754589062985,995
2024-09-20 11:38:28.583000,427.7027639032135,104
2024-09-20 11:38:28.598000,427.6955478961968,997
2024-09-20 11:38:28.779000,427.6886257351281,999
2024-09-20 11:38:28.878000,427.6777710599717,998
2024-09-20 11:38:28.983000,427.6780338582426,13
2024-09-20 11:38:28.986000,427.6589847473832,995
2024-09-20 11:38:29.025000,427.636959052158,99
2024-09-20 11:38:29.086000,427.57790153933,999
2024-09-20 11:38:29.145000,427.5890455983452,103
2024-09-20 11:38:29.218000,427.5977284735593,98
2024-09-20 11:38:29.355000,427.5807996382733,12
2024-09-20 11:38:29.373000,427.6561188557005,995
2024-09-20 11:38:29.423000,427.5916658364149,998
2024-09-20 11:38:29.462000,427.59220430778686,101
2024-09-20 11:38:29.488000,427.4954069514606,8
2024-09-20 11:38:29.542000,427.5492316146426,99
2024-09-20 11:38:29.561000,427.50513522961546,13
2024-09-20 11:38:29.586000,427.5355418140502,996
2024-09-20 11:38:29.611000,427.5972998784686,1005
2024-09-20 11:38:29.621000,427.644727414471,15
2024-09-20 11:38:29.725000,427.6258740513141,5
2024-09-20 11:38:29.726000,427.64509904485743,95
2024-09-20 11:38:29.775000,427.5873916525039,995
2024-09-20 11:38:29.797000,427.5897081089181,1001
2024-09-20 11:38:29.810000,427.5785911482789,14
2024-09-20 11:38:29.821000,427.51733373331,105
2024-09-20 11:38:29.944000,427.6416345609968,95
2024-09-20 11:38:29.951000,427.5779845739552,103
2024-09-20 11:38:29.961000,427.6314015740393,95
2024-09-20 11:38:30.053000,427.4724789167061,100
2024-09-20 11:38:30.119000,427.45887310132207,103
2024-09-20 11:38:30.345000,427.4769597469093,8
2024-09-20 11:38:30.346000,427.4708333268637,97
2024-09-20 11:38:30.453000,427.48041850799393,97
2024-09-20 11:38:30.532000,427.47503003617294,102
2024-09-20 11:38:30.859000,427.4711395680085,1001
2024-09-20 11:38:31.063000,427.4708834499834,14
2024-09-20 11:38:31.074000,427.45256976263136,1001
2024-09-20 11:38:31.109000,427.4520604033465,10
2024-09-20 11:38:31.140000,427.43668712259273,995
2024-09-20 11:38:31.148000,427.4279865664668,99
2024-09-20 11:38:31.398000,427.4742149045898,6
2024-09-20 11:38:31.414000,427.4291306287027,11
2024-09-20 11:38:31.463000,427.4342967058627,1001
2024-09-20 11:38:31.494000,427.4288159184756,13
2024-09-20 11:38:31.500000,427.4370610228216,14
2024-09-20 11:38:31.579000,427.4461359157924,996
2024-09-20 11:38:31.706000,427.44807690230135,98
2024-09-20 11:38:31.744000,427.4689083140775,97
2024-09-20 11:38:31.776000,427.4337682597871,12
2024-09-20 11:38:31.874000,427.4837568243321,999
2024-09-20 11:38:31.893000,427.4385463131168,98
2024-09-20 11:38:32.024000,427.4458611612608,1005
2024-09-20 11:38:32.043000,427.44668153001226,103
2024-09-20 11:38:32.160000,427.4702327112699,10
2024-09-20 11:38:32.175000,427.4526388404848,999
2024-09-20 11:38:32.266000,427.4299900779294,101
2024-09-20 11:38:32.313000,427.43211115585234,1001
2024-09-20 11:38:32.367000,427.4519121681972,100
2024-09-20 11:38:32.591000,427.4406379415987,10
2024-09-20 11:38:32.610000,427.4433867240582,95
2024-09-20 11:38:32.759000,427.4452569583494,1003
2024-09-20 11:38:32.828000,427.44940497302287,998
2024-09-20 11:38:32.830000,427.448762931446,10
2024-09-20 11:38:32.932000,427.4643735540222,100
2024-09-20 11:38:33.412000,427.3826025436489,998
2024-09-20 11:38:33.486000,427.425632160024,97
2024-09-20 11:38:33.493000,427.3734304619132,103
2024-09-20 11:38:33.544000,427.4311590103592,996
2024-09-20 11:38:33.564000,427.4190885458154,11
2024-09-20 11:38:33.702000,427.3700327810984,1001
2024-09-20 11:38:33.781000,427.4301692595525,996
2024-09-20 11:38:33.853000,427.3898821603926,96
2024-09-20 11:38:34.058000,427.35085051689606,995
2024-09-20 11:38:34.069000,427.3731585402271,103
2024-09-20 11:38:34.104000,427.38713378410193,1001
2024-09-20 11:38:34.624000,427.385934495243,1000
2024-09-20 11:38:34.681000,427.4012051721919,996
2024-09-20 11:38:34.704000,427.3352186534146,996
2024-09-20 11:38:35.162000,427.2637106245331,12
2024-09-20 11:38:35.257000,427.3278516744149,1004
2024-09-20 11:38:35.288000,427.26952799216974,103
2024-09-20 11:38:35.298000,427.3027013080858,9
2024-09-20 11:38:35.317000,427.3081406190117,101
2024-09-20 11:38:35.334000,427.2907953936514,996
2024-09-20 11:38:35.362000,427.2811423627209,1003
2024-09-20 11:38:35.440000,427.2803225144195,12
2024-09-20 11:38:35.518000,427.3159331566858,105
2024-09-20 11:38:35.566000,427.2868268566796,998
2024-09-20 11:38:35.581000,427.2758307052764,9
2024-09-20 11:38:35.589000,427.3063046261168,104
2024-09-20 11:38:35.599000,427.2908272326323,95
2024-09-20 11:38:35.641000,427.2965131087133,999
2024-09-20 11:38:35.681000,427.29944714991626,96
2024-09-20 11:38:35.683000,427.3089531229398,12
2024-09-20 11:38:35.701000,427.29805359944186,11
2024-09-20 11:38:35.714000,427.3242228516811,101
2024-09-20 11:38:35.716000,427.2722539861287,999
2024-09-20 11:38:35.732000,427.2882807396247,97
2024-09-20 11:38:35.765000,427.27000916431285,11
2024-09-20 11:38:35.782000,427.2758221621526,1001
2024-09-20 11:38:35.815000,427.2688345533179,9
2024-09-20 11:38:35.840000,427.2873929132957,96
2024-09-20 11:38:35.857000,427.2883264125985,13
2024-09-20 11:38:35.959000,427.31278222273545,1005
2024-09-20 11:38:36,427.3072066008268,996
2024-09-20 11:38:36.017000,427.2948682051572,104
2024-09-20 11:38:36.173000,427.2932017103588,99
2024-09-20 11:38:36.200000,427.3045577127568,101
2024-09-20 11:38:36.234000,427.3119785194755,11
2024-09-20 11:38:36.247000,427.3054346471857,995
2024-09-20 11:38:36.442000,427.3144397069765,8
2024-09-20 11:38:37.285000,427.2376428980828,98
2024-09-20 11:38:37.831000,427.2810493813853,1003
2024-09-20 11:38:39.645000,427.23853720735787,1004
2024-09-20 11:38:39.662000,427.2642992803256,105
2024-09-20 11:38:39.822000,427.2574245148322,1002
2024-09-20 11:38:40.007000,427.2525278311744,1001
2024-09-20 11:38:40.014000,427.203106046256,995
2024-09-20 11:38:40.027000,427.25028175107707,1005
2024-09-20 11:38:40.114000,427.2051787689911,5
2024-09-20 11:38:40.200000,427.2130032453993,96
2024-09-20 11:38:40.222000,427.2108269122069,100
2024-09-20 11:38:40.229000,427.2456629665281,10
2024-09-20 11:38:40.231000,427.19761330726806,1000
2024-09-20 11:38:40.620000,427.2261416435496,6
2024-09-20 11:38:40.645000,427.1940396236767,103
2024-09-20 11:38:40.648000,427.2275448132338,14
2024-09-20 11:38:40.770000,427.2110141704936,997
2024-09-20 11:38:40.847000,427.2196915986912,11
2024-09-20 11:38:40.848000,427.237820661548,9
2024-09-20 11:38:40.882000,427.2456760982629,104
2024-09-20 11:38:40.936000,427.24904920435495,11
2024-09-20 11:38:42.038000,427.20287351152297,101
2024-09-20 11:38:42.480000,427.20128085619,7
2024-09-20 11:38:42.749000,427.19547384886346,9
2024-09-20 11:38:43.102000,427.139421173968,13
2024-09-20 11:38:43.317000,427.1487022083477,7
2024-09-20 11:38:43.361000,427.125487351559,1002
2024-09-20 11:38:43.455000,427.1322660441805,14
2024-09-20 11:38:43.613000,427.2102713227522,999
2024-09-20 11:38:43.671000,427.16085997395294,1000
2024-09-20 11:38:43.719000,427.2081447948472,6
2024-09-20 11:38:44.041000,427.0901998071553,13
2024-09-20 11:38:44.086000,427.14528939644566,6
2024-09-20 11:38:44.151000,427.121623447372,998
2024-09-20 11:38:44.226000,427.08263561864703,95
2024-09-20 11:38:44.265000,427.1348930020314,100
2024-09-20 11:38:44.315000,427.0922508735627,96
2024-09-20 11:38:44.360000,427.0468517417681,10
2024-09-20 11:38:44.375000,427.0635156637428,103
2024-09-20 11:38:44.379000,427.0873858157166,98
2024-09-20 11:38:44.383000,427.1029211497225,11
2024-09-20 11:38:44.451000,427.1115218718023,101
2024-09-20 11:38:44.468000,427.1229200446536,105
2024-09-20 11:38:44.506000,427.1443933692285,15
2024-09-20 11:38:44.519000,427.0423682898182,9
2024-09-20 11:38:44.568000,427.1276639892007,1003
2024-09-20 11:38:44.591000,427.1239273095268,1004
2024-09-20 11:38:44.604000,427.0625632115959,995
2024-09-20 11:38:44.605000,427.13095805919073,9
2024-09-20 11:38:44.622000,427.0840917806376,6
2024-09-20 11:38:44.712000,427.0746988093284,11
2024-09-20 11:38:44.745000,427.0618487291343,1000
2024-09-20 11:38:44.853000,427.05914331471246,14
2024-09-20 11:38:44.885000,427.0705810060852,12
2024-09-20 11:38:44.894000,427.171958620195,99
2024-09-20 11:38:44.945000,427.0927664125275,9
2024-09-20 11:38:44.963000,427.0789119706117,1003
2024-09-20 11:38:45.023000,427.1001341757467,14
2024-09-20 11:38:45.182000,427.092143091976,15
2024-09-20 11:38:45.185000,427.099553869988,8
2024-09-20 11:38:45.353000,427.0955079384157,5
2024-09-20 11:38:45.423000,427.0967427208957,97
2024-09-20 11:38:45.429000,427.1113192621373,10
2024-09-20 11:38:45.436000,427.1093291897451,1004
2024-09-20 11:38:45.573000,427.1231058673732,97
2024-09-20 11:38:45.578000,427.105985535758,10
2024-09-20 11:38:45.642000,427.1051732829629,102
2024-09-20 11:38:45.643000,427.1033096178659,10
2024-09-20 11:38:45.775000,427.112959391984,7
2024-09-20 11:38:45.847000,427.1056651062586,10
2024-09-20 11:38:45.878000,427.0942174904882,10
2024-09-20 11:38:45.894000,427.101467283093,6
2024-09-20 11:38:46.050000,427.082654186528,95
2024-09-20 11:38:46.183000,427.081692279747,102
2024-09-20 11:38:46.194000,427.07671768111777,1005
2024-09-20 11:38:46.203000,427.09045562440633,100
2024-09-20 11:38:46.211000,427.0886357714493,99
2024-09-20 11:38:46.268000,427.0996974630912,13
2024-09-20 11:38:46.297000,427.0941997443216,101
2024-09-20 11:38:46.339000,427.092120130947,998
2024-09-20 11:38:46.377000,427.1017412328263,1004
2024-09-20 11:38:46.384000,427.0812235633168,15
2024-09-20 11:38:46.402000,427.0455547705631,10
2024-09-20 11:38:46.527000,427.0907241534648,1005
2024-09-20 11:38:46.543000,427.0899682674165,1001
2024-09-20 11:38:46.546000,427.0949751600568,5
2024-09-20 11:38:46.554000,427.0243366008957,8
2024-09-20 11:38:46.609000,427.089212424723,95
2024-09-20 11:38:46.618000,427.0480001056575,10
2024-09-20 11:38:46.647000,427.0723952092101,9
2024-09-20 11:38:46.648000,427.0782522765444,102
2024-09-20 11:38:46.685000,427.0270169195937,997
2024-09-20 11:38:46.720000,427.07032333850856,1000
2024-09-20 11:38:46.819000,427.08799717392833,103
2024-09-20 11:38:46.860000,427.07519733734006,104
2024-09-20 11:38:46.910000,427.04639952427993,1004
2024-09-20 11:38:46.942000,427.08784302858953,8
2024-09-20 11:38:47.022000,427.04503084130016,8
2024-09-20 11:38:47.026000,427.0840038725097,99
2024-09-20 11:38:47.053000,427.0238215692346,98
2024-09-20 11:38:47.087000,426.99642140903785,102
2024-09-20 11:38:47.109000,427.0393139604786,99
2024-09-20 11:38:47.109000,427.1124038974928,13
2024-09-20 11:38:47.194000,427.11217521168,98
2024-09-20 11:38:47.199000,427.1161008826386,98
2024-09-20 11:38:47.327000,426.9882054590112,101
2024-09-20 11:38:47.419000,427.10124329766353,999
2024-09-20 11:38:47.454000,427.0994898558287,15
2024-09-20 11:38:47.559000,427.0070231140967,1003
2024-09-20 11:38:47.601000,427.04368587873967,13
2024-09-20 11:38:47.606000,427.1165768512356,101
2024-09-20 11:38:47.618000,427.0858310039626,1004
2024-09-20 11:38:47.671000,427.0102503366296,100
2024-09-20 11:38:47.694000,427.0406728814669,97
2024-09-20 11:38:47.700000,427.09839913532096,11
2024-09-20 11:38:47.729000,426.9925549493349,8
2024-09-20 11:38:47.854000,427.09916666756527,1004
2024-09-20 11:38:47.859000,427.0908041830598,997
2024-09-20 11:38:47.959000,426.9985967608388,11
2024-09-20 11:38:47.985000,427.0572936211134,14
2024-09-20 11:38:48.033000,427.0772674667658,14
2024-09-20 11:38:48.202000,427.0579307258525,999
2024-09-20 11:38:48.382000,427.0507191362383,95
2024-09-20 11:38:48.497000,427.001771579881,998
2024-09-20 11:38:48.529000,427.0806133911011,9
2024-09-20 11:38:48.554000,427.0797301994728,14
2024-09-20 11:38:48.586000,427.0415787545817,6
2024-09-20 11:38:48.608000,427.0448375857442,102
2024-09-20 11:38:48.726000,427.0188244942238,103
2024-09-20 11:38:48.727000,427.0197119806128,12
2024-09-20 11:38:49.045000,427.03906944495,98
2024-09-20 11:38:49.070000,427.0357129220766,15
2024-09-20 11:38:49.098000,427.0446272396334,5
2024-09-20 11:38:49.109000,427.0055724967433,12
2024-09-20 11:38:49.237000,426.99399055485264,100
2024-09-20 11:38:49.243000,427.0234900595973,997
2024-09-20 11:38:49.362000,427.0406820673357,1005
2024-09-20 11:38:49.366000,427.01265411450254,8
2024-09-20 11:38:49.499000,426.9914727111066,13
2024-09-20 11:38:49.614000,427.013723336012,7
2024-09-20 11:38:49.627000,427.0350441005271,14
2024-09-20 11:38:49.631000,427.0165868260737,100
2024-09-20 11:38:49.706000,426.9783524753322,99
2024-09-20 11:38:49.710000,426.9870823156091,98
2024-09-20 11:38:49.722000,426.9981427902963,995
2024-09-20 11:38:49.748000,427.04670113018,102
2024-09-20 11:38:49.817000,426.9477554535978,1004
2024-09-20 11:38:49.843000,427.0244783501124,1005
2024-09-20 11:38:49.854000,427.01700143879,997
2024-09-20 11:38:49.866000,427.0203193737733,103
2024-09-20 11:38:49.907000,427.0223331156108,5
2024-09-20 11:38:49.989000,427.037801204649,998
2024-09-20 11:38:50.178000,427.00367899325073,104
2024-09-20 11:38:50.201000,427.0258494610923,102
2024-09-20 11:38:50.267000,426.99156401565017,1004
2024-09-20 11:38:50.301000,426.97862280152384,98
2024-09-20 11:38:50.316000,427.0054159386097,6
2024-09-20 11:38:50.334000,426.98143950102127,1004
2024-09-20 11:38:50.409000,426.9781279347366,13
2024-09-20 11:38:50.501000,426.9723244019349,100
2024-09-20 11:38:50.506000,426.962439459318,105
2024-09-20 11:38:50.539000,427.007919212016,1000
2024-09-20 11:38:50.615000,426.9806681969658,1005
2024-09-20 11:38:50.625000,426.9980713665053,1002
2024-09-20 11:38:50.627000,426.97501820354927,1005
2024-09-20 11:38:50.726000,427.00967068474233,105
2024-09-20 11:38:50.755000,427.0319326537702,101
2024-09-20 11:38:50.804000,426.9815918618138,9
2024-09-20 11:38:50.851000,427.04422161497416,13
2024-09-20 11:38:50.886000,427.0224251834177,996
2024-09-20 11:38:50.953000,426.9750010932858,101
2024-09-20 11:38:50.960000,426.99735023359926,97
2024-09-20 11:38:51.103000,426.95338938158426,6
2024-09-20 11:38:51.105000,426.965991626728,12
2024-09-20 11:38:51.117000,426.9721075874059,998
2024-09-20 11:38:51.174000,426.9574725021361,99
2024-09-20 11:38:51.179000,426.9712997122916,11
2024-09-20 11:38:51.213000,426.972748066271,100
2024-09-20 11:38:51.213000,426.92378982894894,103
2024-09-20 11:38:51.290000,426.9527962546592,15
2024-09-20 11:38:51.371000,426.9689642457184,13
2024-09-20 11:38:51.489000,426.9408157148337,104
2024-09-20 11:38:51.685000,426.94834956794415,98
2024-09-20 11:38:51.707000,426.948594721025,997
2024-09-20 11:38:51.741000,426.9574818190257,1004
2024-09-20 11:38:51.905000,426.9558636294407,995
2024-09-20 11:38:52.029000,426.96708727251627,1001
2024-09-20 11:38:52.070000,426.9550612543269,105
2024-09-20 11:38:52.093000,426.9598483703779,15
2024-09-20 11:38:52.108000,426.95043226866505,1004
2024-09-20 11:38:52.132000,426.939450784393,100
2024-09-20 11:38:52.152000,426.9590038325813,10
2024-09-20 11:38:52.214000,426.9532950955532,10
2024-09-20 11:38:52.304000,426.96690783523024,9
2024-09-20 11:38:52.362000,426.9585482946312,7
2024-09-20 11:38:52.392000,426.94858600809215,99
2024-09-20 11:38:52.395000,426.9584349662213,998
2024-09-20 11:38:52.400000,426.9401100731957,15
2024-09-20 11:38:52.425000,426.96777659752127,1005
2024-09-20 11:38:52.435000,426.9654352459072,10
2024-09-20 11:38:52.462000,426.9578783521048,10
2024-09-20 11:38:52.504000,426.9550280469428,998
2024-09-20 11:38:52.613000,426.9289401916612,5
2024-09-20 11:38:52.665000,426.9610171523832,15
2024-09-20 11:38:52.694000,426.9620611815535,100
2024-09-20 11:38:52.735000,426.9458455259967,12
2024-09-20 11:38:52.754000,426.9546520535324,1002
2024-09-20 11:38:52.800000,426.9456629859333,96
2024-09-20 11:38:52.847000,426.93196643303446,102
2024-09-20 11:38:52.893000,426.9383128972602,98
2024-09-20 11:38:52.966000,426.9655906388061,12
2024-09-20 11:38:52.977000,426.9504901430879,998
2024-09-20 11:38:52.997000,426.9610977681824,9
2024-09-20 11:38:53.033000,426.9395798086626,6
2024-09-20 11:38:53.333000,426.94638625992377,99
2024-09-20 11:38:53.350000,426.9567937020103,12
2024-09-20 11:38:53.400000,426.9480616229431,101
2024-09-20 11:38:54.067000,426.9197113511018,1005
2024-09-20 11:38:54.097000,426.9337263703301,96
2024-09-20 11:38:54.143000,426.9387832318176,95
2024-09-20 11:38:54.188000,426.9120346244383,7
2024-09-20 11:38:54.232000,426.931847711911,96
2024-09-20 11:38:54.261000,426.94951354915,97
2024-09-20 11:38:54.390000,426.89955841183047,6
2024-09-20 11:38:54.396000,426.9032983516168,1001
2024-09-20 11:38:54.408000,426.92881462799966,1005
2024-09-20 11:38:54.435000,426.9451994925572,9
2024-09-20 11:38:54.594000,426.9483191943253,997
2024-09-20 11:38:54.603000,426.9158338275304,99
2024-09-20 11:38:54.605000,426.9422423307516,1003
2024-09-20 11:38:54.610000,426.95902634889546,1004
2024-09-20 11:38:54.647000,426.96483946411513,8
2024-09-20 11:38:54.693000,426.9313939560304,1001
2024-09-20 11:38:54.714000,426.9522018467796,105
2024-09-20 11:38:54.764000,426.8976161316558,100
2024-09-20 11:38:54.848000,426.9268364643318,1005
2024-09-20 11:38:54.857000,426.88455856397735,10
2024-09-20 11:38:54.894000,426.9666164779648,105
2024-09-20 11:38:54.919000,426.9462338785653,11
2024-09-20 11:38:54.939000,426.96726910317136,1003
2024-09-20 11:38:55.070000,426.87746285648217,997
2024-09-20 11:38:55.210000,426.8882699866759,12
2024-09-20 11:38:55.212000,426.8760658829524,995
2024-09-20 11:38:55.214000,426.869698351962,105
2024-09-20 11:38:55.219000,426.8639673383825,8
2024-09-20 11:38:55.226000,426.88191449582337,999
2024-09-20 11:38:55.250000,426.8499699690581,96
2024-09-20 11:38:55.253000,426.8660867410361,12
2024-09-20 11:38:55.325000,426.85529104207376,999
2024-09-20 11:38:55.356000,426.877563676444,101
2024-09-20 11:38:55.378000,426.8685545787167,5
2024-09-20 11:38:55.403000,426.8505857085454,98
2024-09-20 11:38:55.470000,426.87567655192,996
2024-09-20 11:38:55.510000,426.8476000196644,10
2024-09-20 11:38:55.569000,426.85287972539305,97
2024-09-20 11:38:55.719000,426.8639956073991,14
2024-09-20 11:38:55.748000,426.8716581703108,102
2024-09-20 11:38:55.765000,426.8435425783038,96
2024-09-20 11:38:55.854000,426.879155251164,1001
2024-09-20 11:38:55.873000,426.86344545650576,95
2024-09-20 11:38:55.878000,426.8541822600928,103
2024-09-20 11:38:55.911000,426.8691959194248,99
2024-09-20 11:38:55.959000,426.8338590870417,999
2024-09-20 11:38:55.966000,426.8551690676902,98
2024-09-20 11:38:56.002000,426.82341360430377,13
2024-09-20 11:38:56.015000,426.8178676658636,10
2024-09-20 11:38:56.091000,426.85136987889393,15
2024-09-20 11:38:56.228000,426.83019517138473,100
2024-09-20 11:38:56.246000,426.8004039238304,8
2024-09-20 11:38:56.318000,426.85360735834246,104
2024-09-20 11:38:56.345000,426.8208780252597,101
2024-09-20 11:38:56.354000,426.81310977185206,1005
2024-09-20 11:38:56.444000,426.8557949390562,102
2024-09-20 11:38:56.517000,426.8186644526343,7
2024-09-20 11:38:56.538000,426.796116805476,1004
2024-09-20 11:38:56.546000,426.8172050760553,995
2024-09-20 11:38:56.554000,426.8343205700969,1003
2024-09-20 11:38:56.569000,426.8055154575998,999
2024-09-20 11:38:56.575000,426.8503953539797,104
2024-09-20 11:38:56.660000,426.84128914191774,9
2024-09-20 11:38:56.697000,426.8476999873479,8
2024-09-20 11:38:56.777000,426.7857804056976,998
2024-09-20 11:38:56.811000,426.8335533338395,97
2024-09-20 11:38:56.842000,426.841424805386,7
2024-09-20 11:38:56.902000,426.8494746004395,14
2024-09-20 11:38:56.947000,426.8372546370061,99
2024-09-20 11:38:57.288000,426.8028620202755,1003
2024-09-20 11:38:57.312000,426.8233759102605,13
2024-09-20 11:38:57.317000,426.8263310023751,11
2024-09-20 11:38:57.349000,426.7872489196977,99
2024-09-20 11:38:57.356000,426.8207628480849,96
2024-09-20 11:38:57.358000,426.80776764936553,1004
2024-09-20 11:38:57.396000,426.8140752128258,104
2024-09-20 11:38:57.500000,426.8345738949695,95
2024-09-20 11:38:57.585000,426.8119286187952,101
2024-09-20 11:38:57.865000,426.8121443315305,95
2024-09-20 11:38:57.894000,426.77937929385376,5
2024-09-20 11:38:57.938000,426.8340825264344,98
2024-09-20 11:38:58.115000,426.8089358263551,1000
2024-09-20 11:38:58.173000,426.8029692256157,1004
2024-09-20 11:38:58.243000,426.815745673264,1003
2024-09-20 11:38:58.261000,426.8013785785973,1000
2024-09-20 11:38:58.434000,426.799650886483,996
2024-09-20 11:38:58.461000,426.7952360421304,103
2024-09-20 11:38:58.479000,426.80170103388383,9
2024-09-20 11:38:58.575000,426.7980116765456,15
2024-09-20 11:38:58.657000,426.82561085136297,99
2024-09-20 11:38:58.698000,426.79589521623154,1004
2024-09-20 11:38:58.805000,426.8081416044994,1000
2024-09-20 11:38:58.879000,426.8049108526103,99
2024-09-20 11:38:59.134000,426.76278249366266,1001
2024-09-20 11:38:59.211000,426.7327958153816,104
2024-09-20 11:38:59.237000,426.7658159738743,13
2024-09-20 11:38:59.408000,426.7614303643639,105
2024-09-20 11:38:59.456000,426.7180283339473,95
2024-09-20 11:38:59.526000,426.7813102829763,13
2024-09-20 11:38:59.859000,426.7465471755834,99
2024-09-20 11:38:59.872000,426.7386460076018,105
