Timestamp,Price,Size
2024-09-19 15:51:00.003000,419.3883569683051,7
2024-09-19 15:51:00.271000,419.3998610822733,104
2024-09-19 15:51:00.428000,419.386229043648,104
2024-09-19 15:51:00.438000,419.413170857469,10
2024-09-19 15:51:00.785000,419.3873075940786,96
2024-09-19 15:51:00.830000,419.399394219448,101
2024-09-19 15:51:00.973000,419.39661515998665,14
2024-09-19 15:51:00.979000,419.3932341579148,999
2024-09-19 15:51:01.340000,419.4200031740655,102
2024-09-19 15:51:01.382000,419.4145027906749,996
2024-09-19 15:51:01.589000,419.4124040192904,99
2024-09-19 15:51:01.671000,419.1738547999262,99
2024-09-19 15:51:01.701000,419.423915842226,104
2024-09-19 15:51:02.093000,419.39959210582407,1000
2024-09-19 15:51:02.195000,419.3743074147044,97
2024-09-19 15:51:02.247000,419.3975715595301,103
2024-09-19 15:51:02.343000,419.3673229441769,8
2024-09-19 15:51:02.650000,419.3774005253336,1001
2024-09-19 15:51:02.996000,419.3795688704962,1005
2024-09-19 15:51:03.009000,419.40329299564735,99
2024-09-19 15:51:03.180000,419.4091156526768,997
2024-09-19 15:51:03.193000,419.401151205969,1002
2024-09-19 15:51:03.245000,419.3947372446479,997
2024-09-19 15:51:03.259000,419.434383792331,1002
2024-09-19 15:51:03.264000,419.4034936162175,15
2024-09-19 15:51:03.300000,419.4091861857727,1005
2024-09-19 15:51:03.347000,419.4162111930639,8
2024-09-19 15:51:03.366000,419.4069047263672,9
2024-09-19 15:51:03.558000,419.41129793553216,105
2024-09-19 15:51:03.881000,419.39931927217935,7
2024-09-19 15:51:03.931000,419.4126661285495,1001
2024-09-19 15:51:04.438000,419.164812862054,100
2024-09-19 15:51:05.073000,419.4426906052701,97
2024-09-19 15:51:05.077000,419.44451694513566,1005
2024-09-19 15:51:05.354000,419.4767174018612,95
2024-09-19 15:51:05.361000,419.4770750246079,1004
2024-09-19 15:51:05.370000,419.4302071175874,998
2024-09-19 15:51:05.371000,419.4660087773738,1005
2024-09-19 15:51:05.434000,419.4872493506489,999
2024-09-19 15:51:05.444000,419.4899555531202,12
2024-09-19 15:51:05.504000,419.4691794736729,1004
2024-09-19 15:51:05.515000,419.48578157334754,7
2024-09-19 15:51:05.542000,419.4387537871936,996
2024-09-19 15:51:05.558000,419.47846338557696,104
2024-09-19 15:51:05.565000,419.47752549668,97
2024-09-19 15:51:05.598000,419.4710324693291,1001
2024-09-19 15:51:05.624000,419.48405853497314,1005
2024-09-19 15:51:05.632000,419.46254511139614,101
2024-09-19 15:51:05.640000,419.4387375538261,11
2024-09-19 15:51:05.668000,419.4718494419048,102
2024-09-19 15:51:05.678000,419.455917272812,14
2024-09-19 15:51:05.686000,419.4683317039777,103
2024-09-19 15:51:05.694000,419.4547558132441,13
2024-09-19 15:51:05.791000,419.4661951333947,104
2024-09-19 15:51:05.850000,419.452026026649,1005
2024-09-19 15:51:06.210000,419.452380951433,6
2024-09-19 15:51:07.019000,419.4728979380108,102
2024-09-19 15:51:07.064000,419.47803900277046,97
2024-09-19 15:51:07.263000,419.5650803449392,7
2024-09-19 15:51:07.308000,419.6065912976815,13
2024-09-19 15:51:07.315000,419.5369881530254,8
2024-09-19 15:51:07.356000,419.5378456295152,998
2024-09-19 15:51:07.362000,419.5599354826842,102
2024-09-19 15:51:07.369000,419.54678925892495,105
2024-09-19 15:51:07.486000,419.55442516110367,999
2024-09-19 15:51:07.538000,419.5563136705837,998
2024-09-19 15:51:07.644000,419.5833028969412,995
2024-09-19 15:51:07.689000,419.4994875917948,102
2024-09-19 15:51:07.724000,419.5497584414522,102
2024-09-19 15:51:07.773000,419.5209555185425,1004
2024-09-19 15:51:07.818000,419.5485445550055,97
2024-09-19 15:51:07.909000,419.5226320645904,14
2024-09-19 15:51:07.958000,419.5444404298647,95
2024-09-19 15:51:07.962000,419.58410878525257,100
2024-09-19 15:51:07.991000,419.5063124605679,1003
2024-09-19 15:51:08.055000,419.5541515786521,13
2024-09-19 15:51:08.092000,419.5956921613293,1002
2024-09-19 15:51:08.209000,419.5412091763338,1000
2024-09-19 15:51:08.227000,419.6053242342017,7
2024-09-19 15:51:08.320000,419.5769416950076,98
2024-09-19 15:51:08.458000,419.53486768659263,96
2024-09-19 15:51:08.460000,419.61793880960033,99
2024-09-19 15:51:08.731000,419.6101403521888,10
2024-09-19 15:51:08.733000,419.5375726796552,13
2024-09-19 15:51:09.037000,419.5522305233336,1001
2024-09-19 15:51:09.090000,419.5275480594001,8
2024-09-19 15:51:09.163000,419.5657852471269,101
2024-09-19 15:51:09.168000,419.560435337081,105
2024-09-19 15:51:09.204000,419.5760000320934,6
2024-09-19 15:51:09.333000,419.5628164620341,10
2024-09-19 15:51:09.352000,419.5097794739656,101
2024-09-19 15:51:09.431000,419.5343552865904,14
2024-09-19 15:51:09.497000,419.523851734974,102
2024-09-19 15:51:09.572000,419.52931706995525,8
2024-09-19 15:51:09.619000,419.5503835514857,1000
2024-09-19 15:51:09.680000,419.5617129859433,998
2024-09-19 15:51:09.683000,419.5191075425953,8
2024-09-19 15:51:09.703000,419.5526831819588,1002
2024-09-19 15:51:09.720000,419.5315067187901,12
2024-09-19 15:51:09.721000,419.5560791803219,12
2024-09-19 15:51:09.755000,419.5372830361174,102
2024-09-19 15:51:09.896000,419.5308764179449,97
2024-09-19 15:51:09.905000,419.51956943424506,1005
2024-09-19 15:51:09.993000,419.58204086819774,105
2024-09-19 15:51:10.018000,419.4982939730043,95
2024-09-19 15:51:10.038000,419.45537028979527,996
2024-09-19 15:51:10.049000,419.418188422788,1000
2024-09-19 15:51:10.075000,419.4840163365071,998
2024-09-19 15:51:10.085000,419.4122463076236,100
2024-09-19 15:51:10.089000,419.4147581179574,10
2024-09-19 15:51:10.205000,419.4514057165535,999
2024-09-19 15:51:10.237000,419.4893664749485,1002
2024-09-19 15:51:10.254000,419.4205252631367,1004
2024-09-19 15:51:10.355000,419.4239773397144,11
2024-09-19 15:51:10.443000,419.4834926476575,1004
2024-09-19 15:51:10.472000,419.4798446700148,11
2024-09-19 15:51:10.534000,419.51732931685,99
2024-09-19 15:51:10.543000,419.4335764246746,1002
2024-09-19 15:51:10.606000,419.44927736351656,97
2024-09-19 15:51:10.613000,419.41973037445183,998
2024-09-19 15:51:10.618000,419.4821628455999,8
2024-09-19 15:51:10.677000,419.4878207413428,95
2024-09-19 15:51:10.699000,419.4766985351382,8
2024-09-19 15:51:10.725000,419.4349940246389,15
2024-09-19 15:51:10.776000,419.4976204375458,99
2024-09-19 15:51:10.792000,418.9869797138182,97
2024-09-19 15:51:10.878000,419.4478258405413,9
2024-09-19 15:51:10.909000,419.4727134009526,8
2024-09-19 15:51:10.916000,419.45339146235,104
2024-09-19 15:51:10.923000,419.4831170579917,103
2024-09-19 15:51:10.940000,419.4906663177524,95
2024-09-19 15:51:10.974000,419.4069908232988,998
2024-09-19 15:51:11.101000,419.456427158302,996
2024-09-19 15:51:11.397000,419.4281159722663,1001
2024-09-19 15:51:11.912000,419.4796577180135,7
2024-09-19 15:51:11.933000,419.4168451580451,997
2024-09-19 15:51:12.260000,419.4606896755536,1003
2024-09-19 15:51:12.513000,419.4577273563234,95
2024-09-19 15:51:12.624000,419.4817440375082,13
2024-09-19 15:51:13.005000,419.4659919918065,1003
2024-09-19 15:51:13.015000,419.4591988858937,98
2024-09-19 15:51:13.187000,419.4531633513974,1003
2024-09-19 15:51:13.266000,418.8646954636829,95
2024-09-19 15:51:13.341000,419.48490700075473,1001
2024-09-19 15:51:13.591000,419.4826851828416,13
2024-09-19 15:51:13.650000,419.4767253391664,13
2024-09-19 15:51:13.711000,419.4760843950924,1000
2024-09-19 15:51:14.083000,419.4789188852548,97
2024-09-19 15:51:14.169000,419.4519458055983,95
2024-09-19 15:51:14.236000,419.4977605532607,100
2024-09-19 15:51:14.275000,419.4917460814292,999
2024-09-19 15:51:14.439000,419.49102120710427,13
2024-09-19 15:51:14.518000,419.4534618448576,996
2024-09-19 15:51:14.587000,419.46551502051307,105
2024-09-19 15:51:14.723000,419.4505340914103,95
2024-09-19 15:51:14.797000,419.4732624582638,6
2024-09-19 15:51:14.824000,419.48987852307215,15
2024-09-19 15:51:14.838000,419.4833028895237,101
2024-09-19 15:51:14.886000,419.4716938661025,105
2024-09-19 15:51:14.932000,419.47904938101095,8
2024-09-19 15:51:15.104000,419.5124584958566,10
2024-09-19 15:51:15.117000,419.50978344506825,1004
2024-09-19 15:51:15.123000,419.4918837817234,14
2024-09-19 15:51:15.164000,419.48312212377385,105
2024-09-19 15:51:15.173000,419.48841887205646,5
2024-09-19 15:51:15.178000,419.500091390543,999
2024-09-19 15:51:15.180000,419.4915497871749,102
2024-09-19 15:51:15.183000,419.4871345485474,997
2024-09-19 15:51:15.211000,419.5047891895193,13
2024-09-19 15:51:15.219000,419.5040968628656,14
2024-09-19 15:51:15.265000,419.4745487267058,1000
2024-09-19 15:51:15.297000,419.47811420365855,98
2024-09-19 15:51:15.302000,419.509142732402,103
2024-09-19 15:51:15.393000,419.5102063896213,1003
2024-09-19 15:51:15.397000,419.50015622050927,11
2024-09-19 15:51:15.435000,419.5033888705137,6
2024-09-19 15:51:15.536000,419.4948541724768,1004
2024-09-19 15:51:15.554000,419.4873557484703,995
2024-09-19 15:51:15.564000,419.4904556835409,102
2024-09-19 15:51:15.614000,419.4993785541827,995
2024-09-19 15:51:15.626000,419.5014543868564,100
2024-09-19 15:51:15.660000,419.4888965529149,1001
2024-09-19 15:51:15.708000,419.49491545349474,15
2024-09-19 15:51:15.804000,419.4810920449034,995
2024-09-19 15:51:15.848000,419.502513318806,995
2024-09-19 15:51:15.912000,419.5036551643213,7
2024-09-19 15:51:15.953000,419.50797325940056,100
2024-09-19 15:51:16.042000,419.51417543027526,96
2024-09-19 15:51:16.049000,419.4957016036909,103
2024-09-19 15:51:16.050000,419.4829868292401,5
2024-09-19 15:51:16.096000,419.4968649570423,995
2024-09-19 15:51:16.319000,419.5064489127251,105
2024-09-19 15:51:16.370000,419.4937627356224,1002
2024-09-19 15:51:16.403000,419.4877483164783,8
2024-09-19 15:51:16.445000,419.5132787477263,997
2024-09-19 15:51:16.473000,419.4979216092033,10
2024-09-19 15:51:16.547000,419.51565169467295,14
2024-09-19 15:51:16.668000,419.4938618553703,99
2024-09-19 15:51:16.828000,419.50743408170354,1001
2024-09-19 15:51:16.974000,419.4844194141677,1000
2024-09-19 15:51:16.975000,419.52108135235113,5
2024-09-19 15:51:17.037000,419.5241079233001,5
2024-09-19 15:51:17.213000,419.4814522466534,100
2024-09-19 15:51:17.270000,419.51045201219466,9
2024-09-19 15:51:17.353000,419.5050494913738,996
2024-09-19 15:51:17.370000,419.50858776598113,104
2024-09-19 15:51:17.431000,419.5249781472566,100
2024-09-19 15:51:17.471000,419.5097326486133,12
2024-09-19 15:51:17.531000,419.5046851552797,95
2024-09-19 15:51:17.548000,419.4807366069962,105
2024-09-19 15:51:17.591000,419.5300104037981,997
2024-09-19 15:51:17.604000,419.4848998829524,997
2024-09-19 15:51:17.891000,419.5134537696783,1004
2024-09-19 15:51:17.937000,419.5412538009084,1003
2024-09-19 15:51:17.964000,419.53919879270273,7
2024-09-19 15:51:18.051000,419.55068725744,998
2024-09-19 15:51:18.285000,419.5070884197109,101
2024-09-19 15:51:18.325000,419.4866657800313,7
2024-09-19 15:51:18.337000,419.5282274958301,996
2024-09-19 15:51:18.362000,419.5229324596565,995
2024-09-19 15:51:18.470000,419.4569794279667,11
2024-09-19 15:51:18.592000,419.49138215401,99
2024-09-19 15:51:18.604000,419.4762997415171,98
2024-09-19 15:51:18.618000,419.4675807899467,104
2024-09-19 15:51:18.654000,419.5233266964119,13
2024-09-19 15:51:18.862000,419.4726410098807,999
2024-09-19 15:51:18.902000,419.5031476571708,8
2024-09-19 15:51:19.026000,419.48084755907297,1000
2024-09-19 15:51:19.042000,419.473769513886,7
2024-09-19 15:51:19.099000,419.4914282291483,996
2024-09-19 15:51:19.296000,419.4649639647983,95
2024-09-19 15:51:19.300000,419.4792568807693,11
2024-09-19 15:51:19.323000,419.47760611814255,12
2024-09-19 15:51:19.344000,419.4820901371996,1004
2024-09-19 15:51:19.600000,419.4728451792217,1002
2024-09-19 15:51:19.657000,419.4832499533885,6
2024-09-19 15:51:19.704000,419.4806702074935,97
2024-09-19 15:51:19.769000,419.4824839959532,8
2024-09-19 15:51:20.051000,419.4459050784516,10
2024-09-19 15:51:20.072000,419.46420956818406,1003
2024-09-19 15:51:20.135000,419.4669215466937,1000
2024-09-19 15:51:20.249000,419.4513407367125,96
2024-09-19 15:51:20.448000,419.454353780874,6
2024-09-19 15:51:20.603000,419.47242438948064,6
2024-09-19 15:51:21.169000,419.4558210576464,11
2024-09-19 15:51:21.180000,419.4193718420734,6
2024-09-19 15:51:21.414000,419.42670353258615,98
2024-09-19 15:51:21.417000,419.45039134767137,998
2024-09-19 15:51:21.428000,419.4352759122024,101
2024-09-19 15:51:21.434000,419.4365845079245,98
2024-09-19 15:51:21.496000,419.43791415931406,7
2024-09-19 15:51:21.611000,419.4398975391484,98
2024-09-19 15:51:21.680000,419.4423828549714,9
2024-09-19 15:51:21.721000,419.4456773301896,95
2024-09-19 15:51:21.727000,419.4435213459877,102
2024-09-19 15:51:21.883000,419.4218973807954,1002
2024-09-19 15:51:21.914000,419.4547290233508,101
2024-09-19 15:51:21.947000,419.4491513391075,997
2024-09-19 15:51:22.051000,419.4297449965794,9
2024-09-19 15:51:22.063000,419.4287731003101,97
2024-09-19 15:51:22.131000,419.3731436503418,104
2024-09-19 15:51:22.322000,419.4086213852397,13
2024-09-19 15:51:22.593000,419.39406320939145,1005
2024-09-19 15:51:23.106000,419.3831340257778,996
2024-09-19 15:51:23.160000,419.3691575097309,5
2024-09-19 15:51:23.176000,419.3676817446112,8
2024-09-19 15:51:23.218000,419.3648289929561,999
2024-09-19 15:51:23.219000,419.3591235105272,1000
2024-09-19 15:51:23.263000,419.3433758900889,995
2024-09-19 15:51:23.363000,419.3794555239844,8
2024-09-19 15:51:23.373000,419.3695979015669,7
2024-09-19 15:51:23.431000,419.36508562185895,998
2024-09-19 15:51:23.482000,419.3552503155576,999
2024-09-19 15:51:23.511000,419.3723646908576,96
2024-09-19 15:51:23.544000,419.38717805443855,996
2024-09-19 15:51:23.605000,419.3666898540063,14
2024-09-19 15:51:23.609000,419.36055328782845,101
2024-09-19 15:51:23.694000,419.3496422104027,97
2024-09-19 15:51:23.721000,419.3688958227861,101
2024-09-19 15:51:23.765000,419.36290787213073,11
2024-09-19 15:51:23.811000,419.360208408327,14
2024-09-19 15:51:23.960000,419.3479154302753,1005
2024-09-19 15:51:23.967000,419.3563105420693,998
2024-09-19 15:51:24.037000,419.3524716485135,995
2024-09-19 15:51:24.054000,419.3518309556933,102
2024-09-19 15:51:24.134000,419.34531381213367,105
2024-09-19 15:51:24.165000,419.33046296970286,1003
2024-09-19 15:51:24.213000,419.3764848694362,104
2024-09-19 15:51:24.245000,419.369897594285,95
2024-09-19 15:51:24.295000,419.3398790816931,14
2024-09-19 15:51:24.352000,419.3528353650379,6
2024-09-19 15:51:24.505000,419.3626922920841,104
2024-09-19 15:51:24.548000,419.3745787550924,1002
2024-09-19 15:51:24.583000,419.33477240034034,95
2024-09-19 15:51:24.626000,419.35349878474034,99
2024-09-19 15:51:24.705000,419.3655351833497,101
2024-09-19 15:51:24.706000,419.36316979085296,995
2024-09-19 15:51:24.751000,419.3596757213471,999
2024-09-19 15:51:24.761000,419.3385942174549,104
2024-09-19 15:51:24.852000,419.3470371522059,10
2024-09-19 15:51:24.920000,419.3352334316538,102
2024-09-19 15:51:24.995000,419.35655976686695,103
2024-09-19 15:51:25.040000,419.3789240009148,101
2024-09-19 15:51:25.086000,419.39708410686416,101
2024-09-19 15:51:25.168000,419.3925613837731,97
2024-09-19 15:51:25.288000,419.3948682950024,99
2024-09-19 15:51:25.332000,419.4181190097298,1003
2024-09-19 15:51:25.559000,419.4107041201737,12
2024-09-19 15:51:25.620000,419.3792393133681,105
2024-09-19 15:51:25.630000,419.4065363138431,100
2024-09-19 15:51:25.688000,419.3992668706757,8
2024-09-19 15:51:25.851000,419.3678929559024,10
2024-09-19 15:51:25.894000,419.4151035031456,99
2024-09-19 15:51:25.899000,419.3856819850711,995
2024-09-19 15:51:25.933000,419.40764976830127,5
2024-09-19 15:51:26.003000,419.36975225716566,12
2024-09-19 15:51:26.066000,419.33267149544827,9
2024-09-19 15:51:26.106000,419.3624085379023,997
2024-09-19 15:51:26.187000,419.3408189508977,998
2024-09-19 15:51:26.280000,419.3575672549552,1004
2024-09-19 15:51:26.290000,419.3067262294315,95
2024-09-19 15:51:26.298000,419.3455065932335,101
2024-09-19 15:51:26.323000,419.3241128549274,12
2024-09-19 15:51:26.365000,419.34349961669926,97
2024-09-19 15:51:26.374000,419.3406063191459,6
2024-09-19 15:51:26.387000,419.3464970873814,1003
2024-09-19 15:51:26.397000,419.3404615202842,1002
2024-09-19 15:51:26.469000,419.3389118056394,12
2024-09-19 15:51:26.502000,419.3348069132547,15
2024-09-19 15:51:26.540000,419.3535880458193,996
2024-09-19 15:51:26.563000,419.3238186183429,1002
2024-09-19 15:51:26.721000,419.3446338160132,997
2024-09-19 15:51:26.751000,419.3589513580834,11
2024-09-19 15:51:26.808000,419.3621971353301,15
2024-09-19 15:51:26.843000,419.34694976700086,995
2024-09-19 15:51:26.878000,419.3680793895884,101
2024-09-19 15:51:26.879000,419.3431311749711,99
2024-09-19 15:51:26.914000,419.34447358855,1004
2024-09-19 15:51:26.917000,419.30821255701954,8
2024-09-19 15:51:26.995000,419.3128495894724,998
2024-09-19 15:51:27.075000,419.276875549269,995
2024-09-19 15:51:27.244000,419.2353793486008,14
2024-09-19 15:51:27.269000,419.2262783370883,15
2024-09-19 15:51:27.301000,419.2305272535613,995
2024-09-19 15:51:27.399000,419.2364728600237,104
2024-09-19 15:51:27.463000,419.23101590340366,6
2024-09-19 15:51:27.474000,419.2028528916208,6
2024-09-19 15:51:27.498000,419.2325344685658,999
2024-09-19 15:51:27.501000,419.285719434605,14
2024-09-19 15:51:27.739000,419.2236067463085,8
2024-09-19 15:51:27.771000,419.25356861198,1001
2024-09-19 15:51:27.771000,419.21889870349526,998
2024-09-19 15:51:27.860000,419.2712377400748,1004
2024-09-19 15:51:27.889000,419.283913729562,95
2024-09-19 15:51:28.030000,419.2141659312125,12
2024-09-19 15:51:28.036000,419.1999354200403,999
2024-09-19 15:51:28.049000,419.1789518309346,999
2024-09-19 15:51:28.102000,419.21558019347367,12
2024-09-19 15:51:28.156000,419.2074710595841,102
2024-09-19 15:51:28.188000,419.1987387615909,998
2024-09-19 15:51:28.190000,419.1884166124286,997
2024-09-19 15:51:28.254000,419.1996632100865,999
2024-09-19 15:51:28.292000,419.1965172705488,1001
2024-09-19 15:51:28.319000,419.2051486188047,7
2024-09-19 15:51:28.346000,419.1977894544314,9
2024-09-19 15:51:28.431000,419.2129209299805,6
2024-09-19 15:51:28.491000,419.1721264179885,1002
2024-09-19 15:51:28.496000,419.2058207989081,1000
2024-09-19 15:51:28.614000,419.19116699119024,101
2024-09-19 15:51:28.666000,419.2172791039399,100
2024-09-19 15:51:28.755000,419.2009297111401,103
2024-09-19 15:51:28.757000,419.1907453146587,105
2024-09-19 15:51:28.781000,419.21113993864174,98
2024-09-19 15:51:28.830000,419.19043040733726,998
2024-09-19 15:51:28.907000,419.1877720419979,95
2024-09-19 15:51:28.934000,419.19991718399376,998
2024-09-19 15:51:29.177000,419.1749389397221,102
2024-09-19 15:51:29.180000,419.13596481203854,14
2024-09-19 15:51:29.245000,419.1599727813843,998
2024-09-19 15:51:29.308000,419.1920080735612,104
2024-09-19 15:51:29.334000,419.1473706904486,14
2024-09-19 15:51:29.816000,419.18653997566526,1002
2024-09-19 15:51:29.882000,419.1868140365538,12
2024-09-19 15:51:29.898000,419.1279977731791,1002
2024-09-19 15:51:29.953000,419.176731449156,104
2024-09-19 15:51:30.041000,419.1538568828449,101
2024-09-19 15:51:30.144000,419.1042651461956,7
2024-09-19 15:51:30.192000,419.1202123332593,12
2024-09-19 15:51:30.230000,419.1404801520132,15
2024-09-19 15:51:30.337000,419.12638589053904,997
2024-09-19 15:51:30.372000,419.1055759081567,7
2024-09-19 15:51:30.393000,419.12652670534777,105
2024-09-19 15:51:30.399000,419.1575304536742,10
2024-09-19 15:51:30.414000,419.1289758678719,13
2024-09-19 15:51:30.475000,419.1082289963626,103
2024-09-19 15:51:30.499000,419.1163792438752,14
2024-09-19 15:51:30.617000,419.1216931494576,996
2024-09-19 15:51:30.689000,419.1047456908453,1001
2024-09-19 15:51:30.708000,419.1183707157964,102
2024-09-19 15:51:30.710000,419.1293158655809,997
2024-09-19 15:51:30.779000,419.0943920441392,13
2024-09-19 15:51:30.827000,419.1130158948372,99
2024-09-19 15:51:30.870000,419.10773251328607,15
2024-09-19 15:51:30.886000,419.1476919599348,1002
2024-09-19 15:51:30.972000,419.1284370170551,105
2024-09-19 15:51:30.979000,419.1103599520881,999
2024-09-19 15:51:31.028000,419.1814877248752,1002
2024-09-19 15:51:31.251000,419.171192023928,12
2024-09-19 15:51:31.399000,419.1597481902936,95
2024-09-19 15:51:32.019000,419.2466085698497,15
2024-09-19 15:51:32.082000,419.2401965604945,11
2024-09-19 15:51:32.162000,419.1411846901668,12
2024-09-19 15:51:32.171000,419.1842081082204,999
2024-09-19 15:51:32.206000,419.1870213505777,995
2024-09-19 15:51:32.298000,419.2244312401709,13
2024-09-19 15:51:32.347000,419.22637049304944,1001
2024-09-19 15:51:32.372000,419.1987942556658,996
2024-09-19 15:51:32.384000,419.1179282474639,101
2024-09-19 15:51:32.521000,419.20430963075177,95
2024-09-19 15:51:32.525000,419.1774727835895,12
2024-09-19 15:51:32.573000,419.15226547651054,7
2024-09-19 15:51:32.589000,419.1590674396296,1003
2024-09-19 15:51:32.675000,419.1901859756475,103
2024-09-19 15:51:32.738000,419.200802380673,105
2024-09-19 15:51:32.793000,419.2126603184591,12
2024-09-19 15:51:32.807000,419.1563060878885,99
2024-09-19 15:51:32.835000,419.1642438236042,999
2024-09-19 15:51:32.857000,419.1949703508432,997
2024-09-19 15:51:32.897000,419.225056801648,7
2024-09-19 15:51:32.907000,419.205313435827,1005
2024-09-19 15:51:32.925000,419.2100298849197,1005
2024-09-19 15:51:32.994000,419.16663393673184,15
2024-09-19 15:51:33.333000,419.19299777227553,1003
2024-09-19 15:51:33.829000,419.165903590266,13
2024-09-19 15:51:33.867000,419.19475101492736,5
2024-09-19 15:51:34.027000,419.20726282501977,995
2024-09-19 15:51:34.082000,419.1981263746373,1002
2024-09-19 15:51:34.088000,419.26250102585686,101
2024-09-19 15:51:34.099000,419.23269742242974,1000
2024-09-19 15:51:34.136000,419.2188465936736,999
2024-09-19 15:51:34.288000,419.22404280497,14
2024-09-19 15:51:34.347000,419.2197075963358,13
2024-09-19 15:51:34.378000,419.2035195436098,99
2024-09-19 15:51:34.394000,419.2297000896941,96
2024-09-19 15:51:34.445000,419.2289416355617,1004
2024-09-19 15:51:34.503000,419.2125097305277,1001
2024-09-19 15:51:34.546000,419.2513388461242,104
2024-09-19 15:51:34.590000,419.25437306486594,14
2024-09-19 15:51:34.617000,419.2003316890815,998
2024-09-19 15:51:34.623000,419.1986179030871,97
2024-09-19 15:51:34.656000,419.1673738050988,97
2024-09-19 15:51:34.702000,419.2004859945485,12
2024-09-19 15:51:34.777000,419.18987201828287,102
2024-09-19 15:51:34.786000,419.1602925956883,15
2024-09-19 15:51:34.866000,419.1845860728456,998
2024-09-19 15:51:34.866000,419.23053069074535,995
2024-09-19 15:51:34.899000,419.3707399134554,999
2024-09-19 15:51:34.967000,419.2159188319033,997
2024-09-19 15:51:35.018000,419.2535673977776,1004
2024-09-19 15:51:35.164000,419.21455036639,1000
2024-09-19 15:51:35.178000,419.2463987494645,5
2024-09-19 15:51:35.257000,419.2092294764592,102
2024-09-19 15:51:35.281000,419.24036103713456,10
2024-09-19 15:51:35.366000,419.2401774177181,13
2024-09-19 15:51:35.367000,419.2321650042289,99
2024-09-19 15:51:35.380000,419.24714121991815,104
2024-09-19 15:51:35.400000,419.20445205230783,12
2024-09-19 15:51:35.509000,419.2282467329518,1005
2024-09-19 15:51:35.545000,419.22446947324,1000
2024-09-19 15:51:35.546000,419.2423425849559,100
2024-09-19 15:51:35.602000,419.2425864463315,9
2024-09-19 15:51:35.602000,419.2435586152809,997
2024-09-19 15:51:35.651000,419.24482215613466,13
2024-09-19 15:51:35.706000,419.26637246049904,1003
2024-09-19 15:51:35.761000,419.22645993108273,96
2024-09-19 15:51:35.799000,419.2295587839785,1000
2024-09-19 15:51:35.858000,419.23882206799055,995
2024-09-19 15:51:35.886000,419.2300276693053,999
2024-09-19 15:51:35.887000,419.2536465546531,1001
2024-09-19 15:51:35.890000,419.2292318167272,6
2024-09-19 15:51:36.007000,419.28481390981096,9
2024-09-19 15:51:36.020000,419.2737518117322,5
2024-09-19 15:51:36.023000,419.26540064200464,96
2024-09-19 15:51:36.087000,419.2600224439459,104
2024-09-19 15:51:36.109000,419.2566849185616,96
2024-09-19 15:51:36.128000,419.2999126772644,999
2024-09-19 15:51:36.170000,419.2964330781271,9
2024-09-19 15:51:36.266000,419.2626234507605,14
2024-09-19 15:51:36.279000,419.26714012843,1001
2024-09-19 15:51:36.419000,419.2862993608829,996
2024-09-19 15:51:36.470000,419.2957081511275,998
2024-09-19 15:51:36.501000,419.2822852175256,105
2024-09-19 15:51:36.501000,419.28201482199216,100
2024-09-19 15:51:36.528000,419.27852032604574,1000
2024-09-19 15:51:36.550000,419.2612685489696,98
2024-09-19 15:51:36.598000,419.3158170152725,997
2024-09-19 15:51:36.599000,419.3072459217945,97
2024-09-19 15:51:36.602000,419.3115369503244,6
2024-09-19 15:51:36.603000,419.2610078184246,11
2024-09-19 15:51:36.617000,419.27500512611175,1000
2024-09-19 15:51:36.654000,419.2539308569091,97
2024-09-19 15:51:36.799000,419.2557726107791,11
2024-09-19 15:51:36.802000,419.2886815640292,104
2024-09-19 15:51:36.811000,419.2591941795803,1005
2024-09-19 15:51:36.878000,419.2612093748211,1001
2024-09-19 15:51:36.906000,419.30961235543936,102
2024-09-19 15:51:37.062000,419.2414583454547,98
2024-09-19 15:51:38.004000,419.2175006245413,995
2024-09-19 15:51:38.023000,419.23523638851833,104
2024-09-19 15:51:38.038000,419.2426233566567,99
2024-09-19 15:51:38.094000,419.2377724308765,995
2024-09-19 15:51:38.112000,419.23270032285626,15
2024-09-19 15:51:38.230000,419.24365944613066,1003
2024-09-19 15:51:38.239000,419.2203987910352,9
2024-09-19 15:51:38.245000,419.2460475093414,97
2024-09-19 15:51:38.254000,419.2494020782092,95
2024-09-19 15:51:38.262000,419.2147189667497,105
2024-09-19 15:51:38.304000,419.245815604746,998
2024-09-19 15:51:38.408000,419.2220563126921,6
2024-09-19 15:51:38.540000,419.2227398095053,100
2024-09-19 15:51:38.548000,419.2157168402008,104
2024-09-19 15:51:38.559000,419.2462913329325,15
2024-09-19 15:51:38.710000,419.2383551564615,996
2024-09-19 15:51:38.761000,419.23666927534,97
2024-09-19 15:51:38.778000,419.2388935604856,97
2024-09-19 15:51:38.795000,419.2241777096045,98
2024-09-19 15:51:38.808000,419.23710930775337,11
2024-09-19 15:51:38.861000,419.23641872438566,99
2024-09-19 15:51:38.879000,419.2234747990343,999
2024-09-19 15:51:38.882000,419.23021296988816,12
2024-09-19 15:51:38.893000,419.19466395143735,11
2024-09-19 15:51:38.975000,419.22596293361886,1001
2024-09-19 15:51:38.989000,419.2379225584663,996
2024-09-19 15:51:39.064000,419.25911144737785,104
2024-09-19 15:51:39.162000,419.2641571103424,1002
2024-09-19 15:51:39.175000,419.26152606280857,102
2024-09-19 15:51:39.196000,419.2697557691563,12
2024-09-19 15:51:39.217000,419.27183396992353,13
2024-09-19 15:51:39.293000,419.2523380841792,7
2024-09-19 15:51:39.312000,419.2688059855752,97
2024-09-19 15:51:39.334000,419.2699784186612,99
2024-09-19 15:51:39.456000,419.2462670896386,10
2024-09-19 15:51:39.500000,419.2415295152304,9
2024-09-19 15:51:39.636000,419.25663652385225,7
2024-09-19 15:51:39.639000,419.2496250538503,15
2024-09-19 15:51:39.698000,419.25898779497146,97
2024-09-19 15:51:39.760000,419.2537414413287,8
2024-09-19 15:51:39.777000,419.25848477408914,96
2024-09-19 15:51:39.813000,419.2578392030023,105
2024-09-19 15:51:39.859000,419.2684039496987,104
2024-09-19 15:51:39.878000,419.26859278232746,996
2024-09-19 15:51:39.931000,419.25599563360856,96
2024-09-19 15:51:40,419.2656377800408,999
2024-09-19 15:51:40.043000,419.29249962498346,1003
2024-09-19 15:51:40.542000,419.2896790865611,1005
2024-09-19 15:51:40.543000,419.2817590544331,104
2024-09-19 15:51:40.546000,419.29904282532107,1003
2024-09-19 15:51:40.620000,419.2844998550116,96
2024-09-19 15:51:40.648000,419.26950513935134,103
2024-09-19 15:51:40.651000,419.2763294481116,99
2024-09-19 15:51:40.698000,419.30114557417,98
2024-09-19 15:51:40.713000,419.2884929679449,995
2024-09-19 15:51:40.821000,419.27569476329313,1000
2024-09-19 15:51:40.925000,419.2784195474033,99
2024-09-19 15:51:40.926000,419.28659584324896,13
2024-09-19 15:51:40.976000,419.2723905523781,14
2024-09-19 15:51:41.271000,419.2734572528595,1005
2024-09-19 15:51:41.280000,419.2771898853776,1004
2024-09-19 15:51:41.282000,419.2610525214784,12
2024-09-19 15:51:41.340000,419.2592014418848,102
2024-09-19 15:51:41.401000,419.2573090478423,14
2024-09-19 15:51:41.422000,419.2649835776039,104
2024-09-19 15:51:41.475000,419.2561438059581,102
2024-09-19 15:51:41.759000,419.26149569218114,998
2024-09-19 15:51:41.879000,419.2512771269056,103
2024-09-19 15:51:42.117000,419.2669081974751,98
2024-09-19 15:51:42.254000,419.2838782307572,100
2024-09-19 15:51:42.873000,419.2976182807137,104
2024-09-19 15:51:43.004000,419.3196384295104,7
2024-09-19 15:51:43.064000,419.2597368798807,6
2024-09-19 15:51:43.098000,419.3050361345834,995
2024-09-19 15:51:43.142000,419.30688334669605,1003
2024-09-19 15:51:43.143000,419.320275050689,12
2024-09-19 15:51:43.205000,419.30132366102623,13
2024-09-19 15:51:43.210000,419.3164848131032,15
2024-09-19 15:51:43.302000,419.3182437676248,1003
2024-09-19 15:51:43.326000,419.28686474618974,1004
2024-09-19 15:51:43.329000,419.2939745036783,95
2024-09-19 15:51:43.435000,419.2997115401026,8
2024-09-19 15:51:43.491000,419.3228482050545,1003
2024-09-19 15:51:43.506000,419.3173178911175,14
2024-09-19 15:51:43.536000,419.29043927251,10
2024-09-19 15:51:43.605000,419.2853663877394,998
2024-09-19 15:51:43.620000,419.3151224237841,1005
2024-09-19 15:51:43.658000,419.294693066455,998
2024-09-19 15:51:43.679000,419.3067642418476,9
2024-09-19 15:51:43.693000,419.33798090136366,98
2024-09-19 15:51:43.739000,419.3200101345516,1001
2024-09-19 15:51:43.743000,419.3185152619669,99
2024-09-19 15:51:43.763000,419.3114569041257,1005
2024-09-19 15:51:43.779000,419.3266160438765,8
2024-09-19 15:51:43.813000,419.3181986546912,999
2024-09-19 15:51:43.852000,419.3089807085161,995
2024-09-19 15:51:43.852000,419.332615934174,995
2024-09-19 15:51:43.859000,419.3134249031892,996
2024-09-19 15:51:43.865000,419.33561426727806,5
2024-09-19 15:51:43.973000,419.3283601342048,11
2024-09-19 15:51:44.002000,419.2380842506559,96
2024-09-19 15:51:44.025000,419.2358304355617,996
2024-09-19 15:51:44.088000,419.2977526605428,103
2024-09-19 15:51:44.161000,419.28128124562375,9
2024-09-19 15:51:44.225000,419.2824853479188,102
2024-09-19 15:51:44.247000,419.2852341036088,10
2024-09-19 15:51:44.263000,419.2516260951024,14
2024-09-19 15:51:44.286000,419.2752979121783,998
2024-09-19 15:51:44.367000,419.2991833716813,98
2024-09-19 15:51:44.422000,419.2927645606088,998
2024-09-19 15:51:44.470000,419.2360338740028,999
2024-09-19 15:51:44.531000,419.2676492703435,5
2024-09-19 15:51:44.612000,419.2956575672723,1001
2024-09-19 15:51:44.726000,419.2291614100277,999
2024-09-19 15:51:44.736000,419.2934939560979,6
2024-09-19 15:51:44.781000,419.2623971408925,11
2024-09-19 15:51:44.814000,419.305835843828,1000
2024-09-19 15:51:44.817000,419.2616772901404,14
2024-09-19 15:51:44.839000,419.2413458678872,995
2024-09-19 15:51:44.868000,419.2478274008101,1003
2024-09-19 15:51:44.900000,419.2881464263942,98
2024-09-19 15:51:44.975000,419.2474881226911,12
2024-09-19 15:51:45.035000,419.3447076238131,12
2024-09-19 15:51:45.068000,419.3181814391908,997
2024-09-19 15:51:45.153000,419.3008015312181,98
2024-09-19 15:51:45.224000,419.3355978372859,999
2024-09-19 15:51:45.438000,419.33222346544176,104
2024-09-19 15:51:45.680000,419.3083062516261,996
2024-09-19 15:51:46.041000,419.2987509094429,10
2024-09-19 15:51:46.472000,419.2987762532437,97
2024-09-19 15:51:46.473000,419.3212880798032,95
2024-09-19 15:51:46.509000,419.3019388339022,11
2024-09-19 15:51:46.579000,419.3127096171666,1000
2024-09-19 15:51:46.627000,419.2966979050593,95
2024-09-19 15:51:46.636000,419.2969625977227,15
2024-09-19 15:51:46.645000,419.3079363814485,98
2024-09-19 15:51:46.725000,419.292249152433,101
2024-09-19 15:51:46.763000,419.2944414657944,101
2024-09-19 15:51:47.101000,419.3013740070796,13
2024-09-19 15:51:47.233000,419.2746629125895,9
2024-09-19 15:51:47.238000,419.3253250145365,7
2024-09-19 15:51:47.282000,419.25934890038826,998
2024-09-19 15:51:47.284000,419.3616320384568,96
2024-09-19 15:51:47.527000,419.2727588109667,996
2024-09-19 15:51:47.578000,419.3683288358345,998
2024-09-19 15:51:47.623000,419.2748616004909,8
2024-09-19 15:51:47.631000,419.2627647147385,1000
2024-09-19 15:51:47.803000,419.2958787145755,102
2024-09-19 15:51:47.817000,419.2891266393035,104
2024-09-19 15:51:47.853000,419.36620183023535,103
2024-09-19 15:51:47.853000,419.3660670056482,105
2024-09-19 15:51:47.870000,419.30246603907625,1000
2024-09-19 15:51:47.900000,419.3513309624792,999
2024-09-19 15:51:47.982000,419.3747878406413,103
2024-09-19 15:51:48.346000,419.4054967781688,100
2024-09-19 15:51:48.378000,419.4055071780608,98
2024-09-19 15:51:48.379000,419.3926857309413,6
2024-09-19 15:51:48.410000,419.41915762522166,999
2024-09-19 15:51:48.719000,419.3832096659949,997
2024-09-19 15:51:48.792000,419.40383372757736,11
2024-09-19 15:51:49.029000,419.4043612701036,14
2024-09-19 15:51:49.281000,419.4083416694633,1004
2024-09-19 15:51:49.388000,419.3960156958106,998
2024-09-19 15:51:49.512000,419.4063828405125,95
2024-09-19 15:51:49.515000,419.39239759550696,11
2024-09-19 15:51:49.591000,419.388254325376,98
2024-09-19 15:51:49.623000,419.391510962982,996
2024-09-19 15:51:49.816000,419.37868017086606,105
2024-09-19 15:51:49.932000,419.4019073314703,8
2024-09-19 15:51:49.990000,419.4005717945956,8
2024-09-19 15:51:50.065000,419.38865760195097,998
2024-09-19 15:51:50.073000,419.4136544565279,6
2024-09-19 15:51:50.080000,419.4282860545301,98
2024-09-19 15:51:50.125000,419.4121921085746,998
2024-09-19 15:51:50.202000,419.3948469220125,13
2024-09-19 15:51:50.233000,419.4175125219242,10
2024-09-19 15:51:50.336000,419.3904919488244,1000
2024-09-19 15:51:50.369000,419.3798448134592,997
2024-09-19 15:51:50.410000,419.4077109146068,104
2024-09-19 15:51:50.546000,419.40467641533655,999
2024-09-19 15:51:50.563000,419.3771720297562,1003
2024-09-19 15:51:50.630000,419.409170394138,96
2024-09-19 15:51:50.662000,419.39444570336826,15
2024-09-19 15:51:50.678000,419.3834601327177,10
2024-09-19 15:51:50.681000,419.4229173488216,5
2024-09-19 15:51:50.736000,419.4112129758363,1004
2024-09-19 15:51:50.796000,419.4223419429231,12
2024-09-19 15:51:50.847000,419.40550755112855,105
2024-09-19 15:51:50.872000,419.3934599221424,1000
2024-09-19 15:51:50.936000,419.379136728879,95
2024-09-19 15:51:50.986000,419.3989192357902,996
2024-09-19 15:51:51.013000,419.4346181667258,101
2024-09-19 15:51:51.204000,419.3680797499575,1002
2024-09-19 15:51:51.280000,419.36197112262187,5
2024-09-19 15:51:51.310000,419.363190287142,997
2024-09-19 15:51:51.402000,419.40190757633576,999
2024-09-19 15:51:51.432000,419.381414552552,997
2024-09-19 15:51:51.439000,419.37876645838526,95
2024-09-19 15:51:51.688000,419.3412493869085,101
2024-09-19 15:51:51.936000,419.3388607431333,96
2024-09-19 15:51:53.002000,419.3945204899844,1003
2024-09-19 15:51:53.043000,419.3751232171191,103
2024-09-19 15:51:53.049000,419.389144534172,105
2024-09-19 15:51:53.086000,419.4153374167378,997
2024-09-19 15:51:53.094000,419.3986195320991,5
2024-09-19 15:51:53.118000,419.3831635083757,997
2024-09-19 15:51:53.119000,419.3769706063172,1001
2024-09-19 15:51:53.123000,419.3549518065828,105
2024-09-19 15:51:53.188000,419.380488913764,102
2024-09-19 15:51:53.219000,419.4088045608884,5
2024-09-19 15:51:53.314000,419.39060110811954,9
2024-09-19 15:51:53.323000,419.40423703247166,6
2024-09-19 15:51:53.325000,419.3934478822621,101
2024-09-19 15:51:53.327000,419.3772187940972,97
2024-09-19 15:51:53.335000,419.3790944874947,9
2024-09-19 15:51:53.372000,419.3809426963964,12
2024-09-19 15:51:53.392000,419.3980693197433,104
2024-09-19 15:51:53.397000,419.3947792814107,95
2024-09-19 15:51:53.449000,419.3760722484439,104
2024-09-19 15:51:53.468000,419.3880489365861,998
2024-09-19 15:51:53.582000,419.3745093953236,103
2024-09-19 15:51:53.645000,419.3698287181584,1000
2024-09-19 15:51:53.699000,419.388361885977,14
2024-09-19 15:51:53.712000,419.3793368383911,1000
2024-09-19 15:51:53.861000,419.3810275668581,9
2024-09-19 15:51:53.869000,419.38451886885537,99
2024-09-19 15:51:53.930000,419.38199060136566,1004
2024-09-19 15:51:53.974000,419.3735996985658,14
2024-09-19 15:51:53.983000,419.3791468335916,15
2024-09-19 15:51:54.065000,419.4036507589888,998
2024-09-19 15:51:54.082000,419.42399741357207,99
2024-09-19 15:51:54.093000,419.435768090324,1005
2024-09-19 15:51:54.102000,419.4074486347669,1004
2024-09-19 15:51:54.115000,419.4095143973493,14
2024-09-19 15:51:54.161000,419.4024197272992,1003
2024-09-19 15:51:54.169000,419.4270664322244,1001
2024-09-19 15:51:54.193000,419.4398142696508,9
2024-09-19 15:51:54.234000,419.4517707612024,1003
2024-09-19 15:51:54.278000,419.4174245856477,1004
2024-09-19 15:51:54.329000,419.4020017191077,6
2024-09-19 15:51:54.352000,419.4236122554036,104
2024-09-19 15:51:54.405000,419.4064153561742,13
2024-09-19 15:51:54.468000,419.4459532986818,997
2024-09-19 15:51:54.532000,419.43317854041777,12
2024-09-19 15:51:54.534000,419.4090386639133,1001
2024-09-19 15:51:54.608000,419.425073664989,998
2024-09-19 15:51:54.654000,419.3833593355159,103
2024-09-19 15:51:54.687000,419.39985877559343,100
2024-09-19 15:51:54.694000,419.4395386595952,105
2024-09-19 15:51:54.694000,419.4430536755737,1003
2024-09-19 15:51:54.726000,419.40586971871534,8
2024-09-19 15:51:54.793000,419.4141455412858,1000
2024-09-19 15:51:54.823000,419.4104535454077,1002
2024-09-19 15:51:54.861000,419.44145921240136,1005
2024-09-19 15:51:54.885000,419.40999472005245,96
2024-09-19 15:51:54.907000,419.40636941084193,103
2024-09-19 15:51:54.942000,419.41330846268505,997
2024-09-19 15:51:54.960000,419.4471152267345,9
2024-09-19 15:51:55.333000,419.4075815554281,105
2024-09-19 15:51:55.383000,419.41731656171294,98
2024-09-19 15:51:55.615000,419.4110128614544,999
2024-09-19 15:51:55.716000,419.4224871234527,1003
2024-09-19 15:51:55.810000,419.4121744383857,105
2024-09-19 15:51:55.944000,419.4112368701914,6
2024-09-19 15:51:56.012000,419.4225747666029,11
2024-09-19 15:51:56.015000,419.4406250722161,102
2024-09-19 15:51:56.250000,419.4519793131545,6
2024-09-19 15:51:56.688000,419.4480439496071,999
2024-09-19 15:51:57.099000,419.5090658605638,103
2024-09-19 15:51:57.166000,419.4696177455889,12
2024-09-19 15:51:57.290000,419.5157333047088,1001
2024-09-19 15:51:57.309000,419.49434822637,11
2024-09-19 15:51:57.405000,419.4712915522583,997
2024-09-19 15:51:57.691000,419.492020919417,997
2024-09-19 15:51:57.767000,419.5105858202559,15
2024-09-19 15:51:57.893000,419.4847979295537,9
2024-09-19 15:51:57.914000,419.4961507760549,6
2024-09-19 15:51:57.944000,419.507274597128,105
2024-09-19 15:51:57.971000,419.5044646462956,5
2024-09-19 15:51:57.999000,419.5070420410202,105
2024-09-19 15:51:58.032000,419.502034473748,1005
2024-09-19 15:51:58.215000,419.5043577242702,995
2024-09-19 15:51:58.280000,419.5236725102604,996
2024-09-19 15:51:58.492000,419.5087368887658,6
2024-09-19 15:51:58.638000,419.47757785376615,105
2024-09-19 15:51:58.700000,419.4769623933193,5
2024-09-19 15:51:59.078000,419.47527504508855,104
2024-09-19 15:51:59.136000,419.4867546589573,6
2024-09-19 15:51:59.142000,419.49812020465527,7
2024-09-19 15:51:59.146000,419.4843940784276,1004
2024-09-19 15:51:59.176000,419.5040961805476,1000
2024-09-19 15:51:59.270000,419.4832381473914,1000
2024-09-19 15:51:59.282000,419.4989287628258,997
2024-09-19 15:51:59.355000,419.4741051492596,9
2024-09-19 15:51:59.427000,419.5177664466235,8
2024-09-19 15:51:59.446000,419.4983424552012,13
2024-09-19 15:51:59.461000,419.46963202273537,15
2024-09-19 15:51:59.495000,419.47812275751096,95
2024-09-19 15:51:59.526000,419.4702490489641,97
2024-09-19 15:51:59.591000,419.479924207334,996
2024-09-19 15:51:59.641000,419.4916927245904,102
2024-09-19 15:51:59.756000,419.50724878228726,997
2024-09-19 15:51:59.791000,419.457410175787,103
2024-09-19 15:51:59.794000,419.4996843261373,12
2024-09-19 15:51:59.876000,419.5048457377866,100
2024-09-19 15:51:59.905000,419.4914554785376,96
2024-09-19 15:51:59.964000,419.48081330710977,104
2024-09-19 15:51:59.996000,419.4866077478423,100
