Timestamp,Price,Size
2024-09-20 14:39:00.379000,430.4821912641833,95
2024-09-20 14:39:01.007000,430.4616343433348,103
2024-09-20 14:39:01.088000,430.4053872047514,6
2024-09-20 14:39:01.112000,430.41779484466167,11
2024-09-20 14:39:01.119000,430.3944184508801,6
2024-09-20 14:39:01.170000,430.40939817465,1001
2024-09-20 14:39:01.207000,430.4284709283802,999
2024-09-20 14:39:01.332000,430.4205882639081,105
2024-09-20 14:39:01.358000,430.4871989404789,996
2024-09-20 14:39:01.393000,430.4296084402944,97
2024-09-20 14:39:01.404000,430.4412572977744,5
2024-09-20 14:39:01.421000,430.424079169057,10
2024-09-20 14:39:01.481000,430.42308186404176,997
2024-09-20 14:39:01.507000,430.428171851202,95
2024-09-20 14:39:01.560000,430.4663266755248,12
2024-09-20 14:39:01.595000,430.4259979055234,104
2024-09-20 14:39:01.595000,430.41217808239054,99
2024-09-20 14:39:01.631000,430.4249952167289,998
2024-09-20 14:39:01.666000,430.4295454848143,995
2024-09-20 14:39:01.687000,430.4418662895285,105
2024-09-20 14:39:01.795000,430.4311819151137,11
2024-09-20 14:39:01.810000,430.42497730193753,101
2024-09-20 14:39:01.880000,430.4100138479315,95
2024-09-20 14:39:01.920000,430.4855639707024,105
2024-09-20 14:39:01.949000,430.455058157564,104
2024-09-20 14:39:01.959000,430.4544106911279,95
2024-09-20 14:39:02.018000,430.3845179378944,995
2024-09-20 14:39:02.025000,430.35317420697305,997
2024-09-20 14:39:02.049000,430.3688327382228,997
2024-09-20 14:39:02.052000,430.3558806279376,1004
2024-09-20 14:39:02.079000,430.42755729806095,97
2024-09-20 14:39:02.092000,430.390290138702,5
2024-09-20 14:39:02.102000,430.3925452424932,13
2024-09-20 14:39:02.123000,430.3421382796615,998
2024-09-20 14:39:02.205000,430.40751584567727,8
2024-09-20 14:39:02.360000,430.3612636546468,15
2024-09-20 14:39:02.367000,430.3913453450261,997
2024-09-20 14:39:02.502000,430.342060862461,10
2024-09-20 14:39:02.632000,430.4076360635786,101
2024-09-20 14:39:02.869000,430.3877531111264,1000
2024-09-20 14:39:02.887000,430.4007380755163,103
2024-09-20 14:39:02.895000,430.3382260912295,996
2024-09-20 14:39:03.050000,430.423025487733,995
2024-09-20 14:39:03.069000,430.43082138078495,95
2024-09-20 14:39:03.152000,430.43786002997535,1002
2024-09-20 14:39:03.211000,430.50277468574495,103
2024-09-20 14:39:03.220000,430.46251567863806,12
2024-09-20 14:39:03.228000,430.45743417212174,12
2024-09-20 14:39:03.235000,430.4568697969217,998
2024-09-20 14:39:03.280000,430.42757448862267,5
2024-09-20 14:39:03.328000,430.4283232728062,101
2024-09-20 14:39:03.338000,430.4657609439281,10
2024-09-20 14:39:03.353000,430.4745830210864,12
2024-09-20 14:39:03.362000,430.4159533658028,999
2024-09-20 14:39:03.363000,430.4916271352754,104
2024-09-20 14:39:03.432000,430.4874081509156,7
2024-09-20 14:39:03.480000,430.4666129194726,14
2024-09-20 14:39:03.515000,430.4383646690608,14
2024-09-20 14:39:03.518000,430.443065635749,98
2024-09-20 14:39:03.562000,430.4844733628219,102
2024-09-20 14:39:03.577000,430.46897455473584,12
2024-09-20 14:39:03.601000,430.4244577420051,9
2024-09-20 14:39:03.649000,430.4241518374372,996
2024-09-20 14:39:03.734000,430.4290088432366,1004
2024-09-20 14:39:03.757000,430.4438426595439,995
2024-09-20 14:39:03.790000,430.4938272487961,996
2024-09-20 14:39:03.794000,430.4794607539338,1004
2024-09-20 14:39:03.860000,430.4540859612303,101
2024-09-20 14:39:04.036000,430.5004842780037,95
2024-09-20 14:39:04.067000,430.5087684871285,15
2024-09-20 14:39:04.076000,430.5010730139105,11
2024-09-20 14:39:04.134000,430.498163883133,103
2024-09-20 14:39:04.161000,430.4987681262935,96
2024-09-20 14:39:04.187000,430.47030223519073,1003
2024-09-20 14:39:04.190000,430.5019552046733,1001
2024-09-20 14:39:04.204000,430.4916508879389,105
2024-09-20 14:39:04.208000,430.4893400937606,1000
2024-09-20 14:39:04.231000,430.47174530330415,101
2024-09-20 14:39:04.318000,430.4823855318372,105
2024-09-20 14:39:04.321000,430.4805197484884,103
2024-09-20 14:39:04.427000,430.5143462962412,13
2024-09-20 14:39:04.501000,430.48806119362587,1003
2024-09-20 14:39:04.517000,430.464411900225,100
2024-09-20 14:39:04.526000,430.4924475637375,12
2024-09-20 14:39:04.672000,430.4911683921629,10
2024-09-20 14:39:04.729000,430.4905188144564,5
2024-09-20 14:39:04.759000,430.5038867701279,105
2024-09-20 14:39:04.781000,430.490914968406,14
2024-09-20 14:39:04.864000,430.51260711713,6
2024-09-20 14:39:04.921000,430.4916276845227,102
2024-09-20 14:39:04.953000,430.450520177737,1004
2024-09-20 14:39:05.076000,430.4390717392184,9
2024-09-20 14:39:05.116000,430.48601405886393,5
2024-09-20 14:39:05.164000,430.4364889517551,996
2024-09-20 14:39:05.251000,430.4653694131891,996
2024-09-20 14:39:05.251000,430.45316522581976,1000
2024-09-20 14:39:05.436000,430.473082326813,103
2024-09-20 14:39:05.472000,430.4396225176883,10
2024-09-20 14:39:05.548000,430.4333339271568,999
2024-09-20 14:39:05.637000,430.4397087271431,997
2024-09-20 14:39:05.689000,430.4378070367583,999
2024-09-20 14:39:05.723000,430.45746519442304,9
2024-09-20 14:39:05.786000,430.4827209152908,97
2024-09-20 14:39:05.814000,430.47643656323794,1005
2024-09-20 14:39:05.852000,430.4246112126682,1004
2024-09-20 14:39:05.932000,430.4569646702403,96
2024-09-20 14:39:06.055000,430.4374083904517,102
2024-09-20 14:39:06.115000,430.4320754911111,9
2024-09-20 14:39:06.194000,430.44771793520255,995
2024-09-20 14:39:06.326000,430.4573914970493,999
2024-09-20 14:39:06.354000,430.4322934832593,96
2024-09-20 14:39:07.068000,430.4323246699877,11
2024-09-20 14:39:07.800000,430.44953326882427,14
2024-09-20 14:39:08.358000,430.4220231279188,1005
2024-09-20 14:39:08.424000,430.4267448032773,9
2024-09-20 14:39:09.004000,430.3902910674199,1001
2024-09-20 14:39:09.059000,430.4181887308768,5
2024-09-20 14:39:09.120000,430.3540693631898,6
2024-09-20 14:39:09.221000,430.4383712653873,9
2024-09-20 14:39:09.230000,430.3999347677362,95
2024-09-20 14:39:09.314000,430.4300570648232,1004
2024-09-20 14:39:09.461000,430.3517334473404,98
2024-09-20 14:39:09.464000,430.3582569125781,9
2024-09-20 14:39:09.487000,430.3611939087219,104
2024-09-20 14:39:09.707000,430.3713852268413,100
2024-09-20 14:39:09.856000,430.39191051939247,96
2024-09-20 14:39:09.868000,430.3541468371296,9
2024-09-20 14:39:10.006000,430.3480687108302,1005
2024-09-20 14:39:10.071000,430.3328332091086,97
2024-09-20 14:39:10.291000,422.6092843670318,104
2024-09-20 14:39:10.447000,430.3749958941364,103
2024-09-20 14:39:10.595000,430.3586463471747,14
2024-09-20 14:39:10.722000,430.3671915033155,995
2024-09-20 14:39:10.753000,430.3076822446469,10
2024-09-20 14:39:10.757000,430.3160309665917,98
2024-09-20 14:39:10.785000,430.3344613483004,99
2024-09-20 14:39:10.947000,430.3150563860654,10
2024-09-20 14:39:11.086000,430.3399600237965,1004
2024-09-20 14:39:11.197000,430.3271430080186,1002
2024-09-20 14:39:11.256000,430.33935845178553,9
2024-09-20 14:39:11.589000,430.3276050186329,10
2024-09-20 14:39:11.646000,430.3307932752433,95
2024-09-20 14:39:11.746000,430.339665730448,101
2024-09-20 14:39:11.914000,430.3364565633237,7
2024-09-20 14:39:11.914000,430.3186483448582,995
2024-09-20 14:39:11.976000,430.32481490962897,5
2024-09-20 14:39:12.386000,430.32199369224026,1000
2024-09-20 14:39:12.649000,422.7105940234244,105
2024-09-20 14:39:13.056000,430.3615735509504,100
2024-09-20 14:39:13.097000,430.3456285246357,9
2024-09-20 14:39:13.126000,430.3404543400058,96
2024-09-20 14:39:13.165000,430.3639664940559,999
2024-09-20 14:39:13.608000,430.3589158427501,102
2024-09-20 14:39:13.950000,430.36196672206,1003
2024-09-20 14:39:14.370000,430.354696553138,997
2024-09-20 14:39:14.485000,430.4179829367072,6
2024-09-20 14:39:14.486000,430.3903181090263,99
2024-09-20 14:39:14.493000,430.3958517464105,1002
2024-09-20 14:39:14.538000,430.404580990617,8
2024-09-20 14:39:14.581000,430.4031331055646,1003
2024-09-20 14:39:14.597000,430.4118561121656,100
2024-09-20 14:39:14.755000,430.4501963586146,6
2024-09-20 14:39:14.811000,430.37839862048656,1001
2024-09-20 14:39:14.812000,430.4038102087501,103
2024-09-20 14:39:14.818000,430.41200872916846,104
2024-09-20 14:39:15.034000,430.5158671400508,104
2024-09-20 14:39:15.089000,430.47391616395504,96
2024-09-20 14:39:15.110000,430.4761056146084,999
2024-09-20 14:39:15.121000,430.4681959355967,15
2024-09-20 14:39:15.128000,430.44281797316665,101
2024-09-20 14:39:15.187000,430.50505320930125,1000
2024-09-20 14:39:15.382000,430.50439892179423,12
2024-09-20 14:39:15.423000,430.47558726633554,100
2024-09-20 14:39:15.471000,430.4915017113033,6
2024-09-20 14:39:15.617000,430.4329894704401,100
2024-09-20 14:39:15.700000,430.452044599108,1000
2024-09-20 14:39:15.776000,430.5024039980937,1005
2024-09-20 14:39:15.792000,430.4746687467282,999
2024-09-20 14:39:15.881000,430.44886461836506,15
2024-09-20 14:39:15.952000,430.4508910971689,11
2024-09-20 14:39:16.038000,430.4848851409976,1002
2024-09-20 14:39:16.437000,430.5132665799247,104
2024-09-20 14:39:16.439000,430.47276836571257,12
2024-09-20 14:39:16.470000,430.4962725904309,15
2024-09-20 14:39:16.480000,430.54476000156336,98
2024-09-20 14:39:16.494000,430.56343665121625,997
2024-09-20 14:39:16.552000,430.5044283827917,1004
2024-09-20 14:39:16.562000,430.5083172734133,104
2024-09-20 14:39:16.571000,430.50481926509576,1004
2024-09-20 14:39:16.596000,430.4754524483661,1001
2024-09-20 14:39:16.640000,430.55128110774814,103
2024-09-20 14:39:16.649000,430.5003665013168,100
2024-09-20 14:39:16.700000,430.5183053710736,13
2024-09-20 14:39:16.775000,430.53971618120727,13
2024-09-20 14:39:16.931000,430.507370108849,1003
2024-09-20 14:39:17.018000,430.4604054130773,12
2024-09-20 14:39:17.051000,430.42080158252713,1004
2024-09-20 14:39:17.111000,430.4201743437124,995
2024-09-20 14:39:17.127000,430.3377202712958,102
2024-09-20 14:39:17.170000,430.3466999155657,1004
2024-09-20 14:39:17.185000,430.3595078450142,104
2024-09-20 14:39:17.200000,430.4540306367627,1002
2024-09-20 14:39:17.204000,430.5157763228471,100
2024-09-20 14:39:17.221000,430.4316764807256,995
2024-09-20 14:39:17.240000,430.3494272505248,1000
2024-09-20 14:39:17.258000,430.5148088419178,96
2024-09-20 14:39:17.329000,430.41310041264177,104
2024-09-20 14:39:17.364000,430.416655866565,96
2024-09-20 14:39:17.430000,430.4179346437468,11
2024-09-20 14:39:17.455000,430.4835285352961,10
2024-09-20 14:39:17.469000,430.543279782729,99
2024-09-20 14:39:17.476000,430.4875101225917,95
2024-09-20 14:39:17.632000,430.4239581011675,998
2024-09-20 14:39:17.698000,430.3559438142908,105
2024-09-20 14:39:17.721000,430.4308908686789,10
2024-09-20 14:39:17.729000,430.38732110882046,998
2024-09-20 14:39:17.758000,430.4221004238286,8
2024-09-20 14:39:17.771000,430.3419798405418,100
2024-09-20 14:39:17.827000,430.4276073030307,98
2024-09-20 14:39:17.870000,430.4499013500824,10
2024-09-20 14:39:17.902000,430.4635892076764,1004
2024-09-20 14:39:17.923000,430.431836688387,998
2024-09-20 14:39:17.955000,422.5765960066789,999
2024-09-20 14:39:17.984000,430.3366142432168,97
2024-09-20 14:39:17.996000,430.4406960637908,13
2024-09-20 14:39:18.123000,430.3305980324948,1005
2024-09-20 14:39:18.344000,430.36709464346086,98
2024-09-20 14:39:18.370000,430.3691894898317,1001
2024-09-20 14:39:18.514000,430.34989243719616,998
2024-09-20 14:39:18.697000,430.3342699223093,1004
2024-09-20 14:39:18.721000,430.3703152612932,13
2024-09-20 14:39:18.770000,430.36903240624434,99
2024-09-20 14:39:18.970000,430.3684019612703,95
2024-09-20 14:39:18.989000,430.36440675422847,11
2024-09-20 14:39:19.222000,430.3387953536688,1004
2024-09-20 14:39:19.629000,430.3538949113026,98
2024-09-20 14:39:20.060000,430.3510323139496,12
2024-09-20 14:39:20.112000,430.3801231621872,95
2024-09-20 14:39:20.161000,430.3456182968778,105
2024-09-20 14:39:20.174000,430.3726591661503,1004
2024-09-20 14:39:20.282000,430.3392856957093,15
2024-09-20 14:39:20.337000,430.33949787975183,1004
2024-09-20 14:39:20.387000,430.3338708362811,9
2024-09-20 14:39:20.510000,430.34083641545726,996
2024-09-20 14:39:20.577000,430.3763987258532,996
2024-09-20 14:39:20.628000,430.3480927186014,102
2024-09-20 14:39:20.871000,430.3522663131428,104
2024-09-20 14:39:20.874000,430.34012248389655,101
2024-09-20 14:39:20.890000,430.3431526027472,97
2024-09-20 14:39:20.942000,430.3636122128616,96
2024-09-20 14:39:20.966000,430.3574168735665,1004
2024-09-20 14:39:20.985000,430.337976477132,101
2024-09-20 14:39:21.055000,430.4053641383944,9
2024-09-20 14:39:21.228000,430.4260326174863,105
2024-09-20 14:39:21.245000,430.398501797622,998
2024-09-20 14:39:21.287000,430.40914683304726,105
2024-09-20 14:39:21.340000,430.3904548284835,101
2024-09-20 14:39:21.470000,430.3577850560792,995
2024-09-20 14:39:21.541000,430.4147380042263,1000
2024-09-20 14:39:21.572000,430.3661809950816,8
2024-09-20 14:39:21.632000,422.5499361698811,10
2024-09-20 14:39:21.810000,430.3697583569221,96
2024-09-20 14:39:21.824000,430.3495077021404,995
2024-09-20 14:39:21.929000,430.42251085984185,104
2024-09-20 14:39:21.933000,430.4189185132082,104
2024-09-20 14:39:22.012000,430.4384757763825,101
2024-09-20 14:39:22.148000,430.4909063873991,5
2024-09-20 14:39:22.223000,430.4096105035309,997
2024-09-20 14:39:22.315000,430.4762157751263,11
2024-09-20 14:39:22.450000,430.3814389923257,1003
2024-09-20 14:39:22.452000,430.4551589333687,995
2024-09-20 14:39:22.472000,430.4845500810963,14
2024-09-20 14:39:22.546000,430.4061526745339,10
2024-09-20 14:39:22.566000,430.4417357653363,998
2024-09-20 14:39:22.580000,430.44171828105846,1000
2024-09-20 14:39:22.613000,430.41243465888,996
2024-09-20 14:39:22.613000,430.4853235242016,10
2024-09-20 14:39:22.627000,430.47904590646345,13
2024-09-20 14:39:22.632000,430.4737303088952,13
2024-09-20 14:39:22.651000,430.4771136187524,1005
2024-09-20 14:39:22.705000,430.49029035289846,7
2024-09-20 14:39:22.712000,430.4553245395074,100
2024-09-20 14:39:22.766000,430.4474390637878,6
2024-09-20 14:39:22.781000,430.4208569349938,100
2024-09-20 14:39:22.782000,430.46973763016126,5
2024-09-20 14:39:22.798000,430.49299383544405,97
2024-09-20 14:39:22.834000,430.4870302861981,102
2024-09-20 14:39:22.835000,430.4240699385825,5
2024-09-20 14:39:22.854000,430.4584133577792,1003
2024-09-20 14:39:22.874000,430.4285740773629,95
2024-09-20 14:39:22.925000,430.4707274190861,102
2024-09-20 14:39:23.006000,430.4149816399128,999
2024-09-20 14:39:23.041000,430.41594519926025,13
2024-09-20 14:39:23.048000,430.4357146838488,9
2024-09-20 14:39:23.151000,430.440574701167,98
2024-09-20 14:39:23.293000,430.41947959162,96
2024-09-20 14:39:23.363000,430.4355797687938,996
2024-09-20 14:39:23.402000,430.4188221495836,14
2024-09-20 14:39:23.422000,430.4306086368621,998
2024-09-20 14:39:23.514000,430.4517017866635,96
2024-09-20 14:39:23.618000,430.39603011812136,1002
2024-09-20 14:39:23.636000,430.43484399507497,1004
2024-09-20 14:39:23.641000,430.4359312436707,12
2024-09-20 14:39:23.648000,430.4381810640577,10
2024-09-20 14:39:23.651000,430.3982337844415,7
2024-09-20 14:39:23.732000,430.4169748538682,12
2024-09-20 14:39:23.732000,430.4432490063079,1005
2024-09-20 14:39:23.739000,430.4372535912052,103
2024-09-20 14:39:23.751000,430.3936378331295,98
2024-09-20 14:39:23.754000,430.4418087416757,103
2024-09-20 14:39:23.796000,430.44950567891874,99
2024-09-20 14:39:23.854000,430.4521563093528,7
2024-09-20 14:39:23.864000,430.3988307075607,11
2024-09-20 14:39:23.881000,430.442435037775,1003
2024-09-20 14:39:23.906000,430.4250041776212,6
2024-09-20 14:39:23.929000,430.3985691329626,98
2024-09-20 14:39:23.936000,430.4226810210761,6
2024-09-20 14:39:23.949000,430.4011423453472,96
2024-09-20 14:39:23.995000,430.4328123711816,996
2024-09-20 14:39:24,430.4076217538183,995
2024-09-20 14:39:24.095000,430.4127423317252,97
2024-09-20 14:39:24.169000,430.4440525411599,1001
2024-09-20 14:39:24.179000,430.4217193548871,997
2024-09-20 14:39:24.349000,430.40892582728463,998
2024-09-20 14:39:24.356000,430.4400403715272,12
2024-09-20 14:39:24.429000,430.427098536262,6
2024-09-20 14:39:24.480000,430.41994862567697,1000
2024-09-20 14:39:24.492000,430.4345970429111,6
2024-09-20 14:39:24.509000,430.4166382443917,995
2024-09-20 14:39:24.569000,430.4144165263388,998
2024-09-20 14:39:24.624000,430.4199830722829,13
2024-09-20 14:39:24.691000,430.4370705839091,1002
2024-09-20 14:39:24.816000,430.4324139922516,96
2024-09-20 14:39:24.929000,430.4198926824988,98
2024-09-20 14:39:25.407000,430.4158063588832,105
2024-09-20 14:39:25.407000,430.4194623117156,103
2024-09-20 14:39:26.078000,430.43861516837296,15
2024-09-20 14:39:26.134000,430.4178915557257,998
2024-09-20 14:39:26.239000,430.41383907259217,14
2024-09-20 14:39:26.270000,430.4282143428629,996
2024-09-20 14:39:26.313000,430.4176207830231,95
2024-09-20 14:39:26.351000,430.4291626899568,104
2024-09-20 14:39:26.452000,430.3981439845457,12
2024-09-20 14:39:26.598000,430.41700610708426,11
2024-09-20 14:39:26.752000,430.4126531889118,97
2024-09-20 14:39:26.752000,430.4199564072058,997
2024-09-20 14:39:26.754000,430.4352216102116,8
2024-09-20 14:39:26.769000,430.39521221377873,6
2024-09-20 14:39:26.787000,430.4291450728329,999
2024-09-20 14:39:26.837000,430.4129217848344,999
2024-09-20 14:39:27.025000,430.35803576785503,6
2024-09-20 14:39:27.062000,430.39820198623,1004
2024-09-20 14:39:27.083000,430.3196114966156,9
2024-09-20 14:39:27.097000,430.3325665809147,996
2024-09-20 14:39:27.206000,430.34541993239657,7
2024-09-20 14:39:27.224000,430.33969525361687,14
2024-09-20 14:39:27.251000,430.3684252830736,10
2024-09-20 14:39:27.286000,430.3320803671004,99
2024-09-20 14:39:27.296000,430.3177943963734,12
2024-09-20 14:39:27.304000,430.3369869693833,1000
2024-09-20 14:39:27.346000,430.2897699898125,1003
2024-09-20 14:39:27.388000,430.3174227964854,1000
2024-09-20 14:39:27.398000,430.3374787246501,101
2024-09-20 14:39:27.486000,430.35108268063095,1005
2024-09-20 14:39:27.505000,430.3866848191209,1005
2024-09-20 14:39:27.515000,430.33133872078247,13
2024-09-20 14:39:27.542000,430.32518614944536,14
2024-09-20 14:39:27.616000,430.3272604408783,96
2024-09-20 14:39:27.654000,430.3376438180616,7
2024-09-20 14:39:27.668000,430.32309147764505,1004
2024-09-20 14:39:27.785000,430.2895218851141,8
2024-09-20 14:39:27.836000,430.32959272237423,12
2024-09-20 14:39:27.889000,430.3323171781736,1002
2024-09-20 14:39:27.922000,430.3472247759456,11
2024-09-20 14:39:27.934000,430.3106530384164,11
2024-09-20 14:39:28.018000,430.3018317505216,105
2024-09-20 14:39:28.021000,430.3190351857618,103
2024-09-20 14:39:28.042000,430.2784882387262,1000
2024-09-20 14:39:28.048000,430.2980798884702,9
2024-09-20 14:39:28.061000,430.2922758428661,95
2024-09-20 14:39:28.080000,422.5192175715933,14
2024-09-20 14:39:28.082000,430.2619757285741,100
2024-09-20 14:39:28.128000,430.2976036055048,13
2024-09-20 14:39:28.205000,430.3114221103667,105
2024-09-20 14:39:28.213000,430.2885055712209,99
2024-09-20 14:39:28.231000,430.302101723124,101
2024-09-20 14:39:28.274000,430.2968709362219,1002
2024-09-20 14:39:28.314000,430.25693218403234,101
2024-09-20 14:39:28.340000,430.2912118321173,1002
2024-09-20 14:39:28.343000,430.3209112901228,104
2024-09-20 14:39:28.378000,430.2836913360301,1000
2024-09-20 14:39:28.391000,430.30127878209794,999
2024-09-20 14:39:28.446000,430.3034315630819,103
2024-09-20 14:39:28.519000,430.2989739642648,101
2024-09-20 14:39:28.561000,430.3002142766807,995
2024-09-20 14:39:28.572000,430.3337945926736,10
2024-09-20 14:39:28.689000,430.2919132675438,14
2024-09-20 14:39:28.864000,430.319597698744,96
2024-09-20 14:39:28.870000,430.287664664982,1004
2024-09-20 14:39:28.932000,430.33244729319335,98
2024-09-20 14:39:29.015000,430.2476389044525,99
2024-09-20 14:39:29.255000,430.2559282696995,10
2024-09-20 14:39:29.349000,430.2533256100888,1003
2024-09-20 14:39:29.486000,430.2570908189488,103
2024-09-20 14:39:29.591000,430.2674944659207,996
2024-09-20 14:39:29.901000,430.2497056676325,95
2024-09-20 14:39:30.034000,430.3154836651645,102
2024-09-20 14:39:30.084000,430.3260292711362,998
2024-09-20 14:39:30.189000,430.308400699954,96
2024-09-20 14:39:30.221000,430.300305247673,14
2024-09-20 14:39:30.247000,430.3177439676439,99
2024-09-20 14:39:30.336000,430.2397714009498,1003
2024-09-20 14:39:30.381000,430.29344026751386,15
2024-09-20 14:39:30.468000,430.2791295537016,5
2024-09-20 14:39:30.495000,430.2747487092496,6
2024-09-20 14:39:30.827000,430.3016415498923,96
2024-09-20 14:39:30.846000,430.3013791382232,997
2024-09-20 14:39:30.959000,430.2979349674164,13
2024-09-20 14:39:31.023000,430.25809481212224,1003
2024-09-20 14:39:31.065000,430.2927608022838,96
2024-09-20 14:39:31.114000,430.2707677134743,995
2024-09-20 14:39:31.141000,430.297725484488,1003
2024-09-20 14:39:31.163000,430.25818436730896,996
2024-09-20 14:39:31.165000,430.2591307910562,98
2024-09-20 14:39:31.217000,430.27764666026,1002
2024-09-20 14:39:31.270000,430.2656278047277,95
2024-09-20 14:39:31.284000,430.2570906344787,1001
2024-09-20 14:39:31.330000,430.2565207295372,1000
2024-09-20 14:39:31.357000,430.28683369604016,13
2024-09-20 14:39:31.369000,430.27875752506753,9
2024-09-20 14:39:31.395000,430.2777794653912,14
2024-09-20 14:39:31.552000,430.27292012442285,99
2024-09-20 14:39:31.557000,430.2559013330396,1001
2024-09-20 14:39:31.593000,430.2813051090448,96
2024-09-20 14:39:31.595000,430.2542751996989,1003
2024-09-20 14:39:31.624000,430.2877212575872,15
2024-09-20 14:39:31.645000,430.25148266084113,12
2024-09-20 14:39:31.662000,430.2871543401736,100
2024-09-20 14:39:31.715000,430.2526839515794,1001
2024-09-20 14:39:31.800000,430.2437980460995,5
2024-09-20 14:39:31.913000,430.2907202635726,996
2024-09-20 14:39:31.924000,430.30501966694425,5
2024-09-20 14:39:32.078000,430.2484637122093,6
2024-09-20 14:39:32.181000,430.25567596293376,95
2024-09-20 14:39:32.600000,430.2507257243571,98
2024-09-20 14:39:32.670000,430.24681930538657,997
2024-09-20 14:39:32.706000,430.2453960524842,1003
2024-09-20 14:39:32.976000,430.2531260188978,1005
2024-09-20 14:39:33.018000,430.242174905814,15
2024-09-20 14:39:33.018000,430.2512994119737,1001
2024-09-20 14:39:33.069000,430.2522214591794,13
2024-09-20 14:39:33.114000,430.23572460105913,995
2024-09-20 14:39:33.213000,430.2349412169397,102
2024-09-20 14:39:33.295000,430.232248251429,101
2024-09-20 14:39:33.536000,430.2458607947373,96
2024-09-20 14:39:33.607000,430.24436700761936,5
2024-09-20 14:39:33.699000,430.2580692443655,11
2024-09-20 14:39:33.805000,430.24971482855807,10
2024-09-20 14:39:34.075000,430.2244931326945,99
2024-09-20 14:39:34.078000,430.2721036090838,8
2024-09-20 14:39:34.230000,430.2863355970479,1005
2024-09-20 14:39:34.285000,430.2753442124258,98
2024-09-20 14:39:34.563000,430.230890588834,9
2024-09-20 14:39:34.674000,430.2756298775112,1005
2024-09-20 14:39:34.719000,430.305449201905,1000
2024-09-20 14:39:34.754000,430.2394568759629,12
2024-09-20 14:39:34.757000,430.2272883406434,999
2024-09-20 14:39:34.809000,430.2272335656925,102
2024-09-20 14:39:34.871000,430.2853502910946,97
2024-09-20 14:39:34.877000,430.2898288292116,1002
2024-09-20 14:39:34.943000,430.25787658387645,1003
2024-09-20 14:39:35.096000,430.2560282036894,12
2024-09-20 14:39:35.138000,430.2682591538266,999
2024-09-20 14:39:35.146000,430.2789754725762,105
2024-09-20 14:39:35.192000,430.2471109653085,12
2024-09-20 14:39:35.369000,430.2657818100657,99
2024-09-20 14:39:35.384000,430.2607949760895,101
2024-09-20 14:39:35.422000,430.242813225538,15
2024-09-20 14:39:35.523000,430.2557350765397,99
2024-09-20 14:39:35.549000,430.2773857385256,8
2024-09-20 14:39:35.599000,430.2400889886041,11
2024-09-20 14:39:35.642000,430.2789495667568,13
2024-09-20 14:39:35.671000,430.2581127056296,12
2024-09-20 14:39:35.677000,430.2285123894465,1003
2024-09-20 14:39:35.744000,430.2669226080287,15
2024-09-20 14:39:35.814000,430.2522796784921,1003
2024-09-20 14:39:35.820000,430.2824283681682,6
2024-09-20 14:39:35.854000,430.2620824892621,95
2024-09-20 14:39:35.868000,430.2761929941983,102
2024-09-20 14:39:35.902000,430.2788030510125,8
2024-09-20 14:39:35.921000,430.29186847635526,104
2024-09-20 14:39:35.951000,430.2652953754956,1001
2024-09-20 14:39:35.962000,430.27562903788487,10
2024-09-20 14:39:36.019000,430.2358261731331,10
2024-09-20 14:39:36.043000,430.2151460841002,13
2024-09-20 14:39:36.278000,430.2209993950896,997
2024-09-20 14:39:36.322000,430.2271780517356,102
2024-09-20 14:39:36.513000,430.2224704043729,1003
2024-09-20 14:39:36.560000,430.22379241298415,14
2024-09-20 14:39:36.599000,430.21393790242695,1001
2024-09-20 14:39:36.607000,430.2154943882611,97
2024-09-20 14:39:36.811000,430.23811789347474,12
2024-09-20 14:39:36.946000,422.4759666294487,8
2024-09-20 14:39:37.051000,430.0876160561602,9
2024-09-20 14:39:37.083000,430.2058800022293,8
2024-09-20 14:39:37.119000,430.0884299308297,996
2024-09-20 14:39:37.122000,430.0840208176911,12
2024-09-20 14:39:37.137000,430.2006737808816,100
2024-09-20 14:39:37.179000,430.1066883415797,1005
2024-09-20 14:39:37.214000,430.1125614135431,102
2024-09-20 14:39:37.215000,430.0807425360631,1000
2024-09-20 14:39:37.287000,430.0923244970895,1001
2024-09-20 14:39:37.317000,430.1754640264169,103
2024-09-20 14:39:37.318000,430.2209738073457,100
2024-09-20 14:39:37.319000,430.0826661544258,998
2024-09-20 14:39:37.453000,430.13620952372,96
2024-09-20 14:39:37.475000,430.0676288210717,1005
2024-09-20 14:39:37.495000,430.07533153293895,96
2024-09-20 14:39:37.587000,430.2078836511607,10
2024-09-20 14:39:37.618000,430.0978708535553,998
2024-09-20 14:39:37.684000,430.1158843991987,100
2024-09-20 14:39:37.691000,430.07706356959545,1003
2024-09-20 14:39:37.735000,430.2002177860816,14
2024-09-20 14:39:37.765000,430.06856848154257,14
2024-09-20 14:39:37.781000,430.18145207775154,102
2024-09-20 14:39:37.819000,430.1946200706358,105
2024-09-20 14:39:37.838000,430.1004710913763,95
2024-09-20 14:39:37.935000,430.097667091807,5
2024-09-20 14:39:38.031000,430.0678632834336,105
2024-09-20 14:39:38.071000,430.070538165849,104
2024-09-20 14:39:38.073000,430.1003872719816,99
2024-09-20 14:39:38.094000,430.090482323415,995
2024-09-20 14:39:38.162000,430.0699485097831,1001
2024-09-20 14:39:38.279000,422.4657011017321,1000
2024-09-20 14:39:38.327000,430.0322295976953,6
2024-09-20 14:39:38.334000,430.05075198386993,103
2024-09-20 14:39:38.454000,430.0397484446747,11
2024-09-20 14:39:38.481000,430.0576162939158,1001
2024-09-20 14:39:38.509000,430.0418163849596,1005
2024-09-20 14:39:38.604000,430.0525259521447,997
2024-09-20 14:39:38.619000,430.0803156444258,7
2024-09-20 14:39:38.639000,430.0976945490112,13
2024-09-20 14:39:38.698000,430.0853148357132,997
2024-09-20 14:39:38.824000,430.0556725148446,103
2024-09-20 14:39:38.829000,430.0578505493182,8
2024-09-20 14:39:38.890000,430.06395096541934,1003
2024-09-20 14:39:38.942000,430.0444272550991,103
2024-09-20 14:39:39.025000,430.0574474357861,5
2024-09-20 14:39:39.049000,430.0295195269106,996
2024-09-20 14:39:39.294000,430.04700125546776,7
2024-09-20 14:39:39.455000,430.0222435957725,12
2024-09-20 14:39:39.471000,430.0341319751255,1005
2024-09-20 14:39:39.868000,430.0332513094306,8
2024-09-20 14:39:40.053000,430.0179261173625,1004
2024-09-20 14:39:40.064000,430.0798831915761,5
2024-09-20 14:39:40.069000,430.092779826409,1001
2024-09-20 14:39:40.072000,430.087454302398,101
2024-09-20 14:39:40.087000,430.0181081870674,14
2024-09-20 14:39:40.135000,430.0955120818322,96
2024-09-20 14:39:40.208000,430.0526834512492,995
2024-09-20 14:39:40.215000,430.0705569125884,996
2024-09-20 14:39:40.269000,430.03423599768536,7
2024-09-20 14:39:40.353000,430.0727596197424,999
2024-09-20 14:39:40.371000,430.09270522752666,98
2024-09-20 14:39:40.396000,430.0934738709224,95
2024-09-20 14:39:40.465000,430.0256072648461,995
2024-09-20 14:39:40.649000,430.0837559080558,998
2024-09-20 14:39:40.685000,430.0768112561788,103
2024-09-20 14:39:40.758000,430.0244955397309,98
2024-09-20 14:39:40.787000,430.0167957113593,1003
2024-09-20 14:39:40.839000,430.0942630362515,95
2024-09-20 14:39:40.890000,430.0946357447924,8
2024-09-20 14:39:40.919000,430.0193778321412,7
2024-09-20 14:39:41.313000,422.3118870522913,1004
2024-09-20 14:39:42.065000,430.1272761306321,999
2024-09-20 14:39:42.103000,430.1401137814445,998
2024-09-20 14:39:42.112000,430.0912261853864,998
2024-09-20 14:39:42.154000,430.0671872905772,997
2024-09-20 14:39:42.290000,430.09230690889206,1001
2024-09-20 14:39:42.309000,430.0889796496477,103
2024-09-20 14:39:42.331000,430.0914540981055,6
2024-09-20 14:39:42.350000,430.07486723740914,95
2024-09-20 14:39:42.366000,430.0928999397216,104
2024-09-20 14:39:42.536000,430.0922248281799,105
2024-09-20 14:39:42.549000,430.0734141433278,13
2024-09-20 14:39:42.575000,430.0780804140037,999
2024-09-20 14:39:42.629000,430.0790569650325,13
2024-09-20 14:39:42.663000,430.1222093597029,1001
2024-09-20 14:39:42.665000,430.0881503052088,996
2024-09-20 14:39:42.783000,430.081623775569,95
2024-09-20 14:39:42.805000,430.0633390485871,15
2024-09-20 14:39:42.840000,430.0798582572924,995
2024-09-20 14:39:42.843000,430.1460576934597,1003
2024-09-20 14:39:42.861000,430.1202999257334,15
2024-09-20 14:39:42.862000,430.1366072551925,96
2024-09-20 14:39:43.651000,430.1281882918583,98
2024-09-20 14:39:43.756000,430.1346736550679,998
2024-09-20 14:39:44.760000,430.13658996281447,998
2024-09-20 14:39:45.205000,430.14332172450776,104
2024-09-20 14:39:45.259000,430.0990683964414,101
2024-09-20 14:39:45.355000,430.14701199338987,9
2024-09-20 14:39:45.367000,430.112770772652,105
2024-09-20 14:39:45.449000,430.1438816132715,14
2024-09-20 14:39:45.470000,430.04383866085743,10
2024-09-20 14:39:45.539000,430.1324421149705,1005
2024-09-20 14:39:45.558000,430.03014082546593,15
2024-09-20 14:39:45.590000,430.1072928881571,96
2024-09-20 14:39:45.625000,430.11254116067647,1001
2024-09-20 14:39:45.689000,430.097276718119,15
2024-09-20 14:39:45.705000,430.1282642441136,11
2024-09-20 14:39:45.713000,430.13164581063256,999
2024-09-20 14:39:45.741000,430.1229506694727,997
2024-09-20 14:39:45.763000,430.0886359839365,14
2024-09-20 14:39:45.885000,430.0750829725072,95
2024-09-20 14:39:45.923000,430.1060056375532,105
2024-09-20 14:39:45.931000,430.06081459869216,11
2024-09-20 14:39:45.973000,430.1113386338971,97
2024-09-20 14:39:46.127000,430.0224160297415,15
2024-09-20 14:39:46.297000,429.9928212496153,11
2024-09-20 14:39:46.648000,429.9871105146457,9
2024-09-20 14:39:46.803000,429.9940214050817,11
2024-09-20 14:39:47.029000,430.0007057700405,995
2024-09-20 14:39:47.054000,429.956467964675,14
2024-09-20 14:39:47.096000,429.9703661855253,14
2024-09-20 14:39:47.111000,429.9931342237008,10
2024-09-20 14:39:47.138000,429.9900087459191,9
2024-09-20 14:39:47.299000,429.9726375631617,11
2024-09-20 14:39:47.339000,429.9634015813716,100
2024-09-20 14:39:47.349000,429.9661951288606,96
2024-09-20 14:39:47.412000,429.9448913096808,99
2024-09-20 14:39:47.435000,429.94665619524295,998
2024-09-20 14:39:47.454000,429.973454699389,1002
2024-09-20 14:39:47.578000,429.9476871099326,1003
2024-09-20 14:39:47.590000,429.9953369393219,1005
2024-09-20 14:39:47.625000,429.99434413474586,102
2024-09-20 14:39:47.627000,429.9633059391092,105
2024-09-20 14:39:47.676000,429.9794379907406,1003
2024-09-20 14:39:47.697000,430.0017454338879,1002
2024-09-20 14:39:47.719000,429.9485069468334,11
2024-09-20 14:39:47.791000,429.9911023204501,11
2024-09-20 14:39:47.809000,430.0083238316238,95
2024-09-20 14:39:47.821000,429.9918826045191,15
2024-09-20 14:39:47.821000,429.9625398106868,103
2024-09-20 14:39:47.834000,429.9927854806487,97
2024-09-20 14:39:47.916000,429.9888989347474,997
2024-09-20 14:39:47.936000,429.9682758936123,105
2024-09-20 14:39:47.972000,429.9544360378946,99
2024-09-20 14:39:48.058000,430.0284109657706,7
2024-09-20 14:39:48.122000,430.00609253141903,1003
2024-09-20 14:39:48.228000,429.9941234874202,10
2024-09-20 14:39:48.243000,429.9789904658946,99
2024-09-20 14:39:48.244000,430.00920977292026,102
2024-09-20 14:39:48.319000,429.9964937366914,9
2024-09-20 14:39:48.341000,430.0276934410644,99
2024-09-20 14:39:48.343000,430.00274645981744,9
2024-09-20 14:39:48.504000,430.0201882868811,98
2024-09-20 14:39:48.574000,430.0000716228412,105
2024-09-20 14:39:48.665000,429.9748061800327,1000
2024-09-20 14:39:48.723000,430.003459668411,96
2024-09-20 14:39:48.739000,429.9790859530574,100
2024-09-20 14:39:48.781000,429.9637788603441,101
2024-09-20 14:39:48.830000,429.9870653680872,996
2024-09-20 14:39:48.931000,429.9944103044017,101
2024-09-20 14:39:48.958000,430.0072196965924,998
2024-09-20 14:39:49.182000,430.09532774240506,9
2024-09-20 14:39:49.236000,430.12447130194784,1002
2024-09-20 14:39:49.321000,430.123069303124,103
2024-09-20 14:39:49.343000,430.0392197469395,96
2024-09-20 14:39:49.345000,430.10710661631646,7
2024-09-20 14:39:49.525000,430.0237596966393,105
2024-09-20 14:39:49.565000,430.1144909084945,8
2024-09-20 14:39:49.623000,430.1111583461064,105
2024-09-20 14:39:49.682000,430.0337844890165,95
2024-09-20 14:39:49.702000,430.0733100923522,7
2024-09-20 14:39:49.703000,430.01452603040354,1003
2024-09-20 14:39:49.741000,430.10562890746206,10
2024-09-20 14:39:49.795000,430.0315969777187,102
2024-09-20 14:39:49.886000,430.04742145392106,8
2024-09-20 14:39:49.897000,430.12594294692406,105
2024-09-20 14:39:50.070000,430.1211160530812,1004
2024-09-20 14:39:50.607000,422.21240703280745,13
2024-09-20 14:39:50.730000,430.13220946385735,996
2024-09-20 14:39:51.006000,430.1013050462487,13
2024-09-20 14:39:51.044000,430.0902895861189,96
2024-09-20 14:39:51.087000,430.089084817132,100
2024-09-20 14:39:51.113000,430.1240080938049,1001
2024-09-20 14:39:51.131000,430.110904095212,101
2024-09-20 14:39:51.334000,430.1251958793541,998
2024-09-20 14:39:51.363000,430.0994061967437,10
2024-09-20 14:39:51.377000,430.0821980991521,1005
2024-09-20 14:39:51.440000,430.1072796550801,95
2024-09-20 14:39:51.506000,430.0901777216469,1003
2024-09-20 14:39:51.509000,430.1025984816126,8
2024-09-20 14:39:51.538000,430.1198842576218,102
2024-09-20 14:39:51.541000,430.0967378683039,6
2024-09-20 14:39:51.594000,430.0946575589156,1005
2024-09-20 14:39:51.751000,430.1089560079533,102
2024-09-20 14:39:51.751000,430.09310362616526,101
2024-09-20 14:39:51.752000,430.0857693918809,1004
2024-09-20 14:39:51.781000,430.1154668235158,8
2024-09-20 14:39:51.906000,430.0864721546384,1003
2024-09-20 14:39:51.915000,430.1144550252549,8
2024-09-20 14:39:51.992000,430.09063573041146,12
2024-09-20 14:39:52.072000,430.1694622876609,6
2024-09-20 14:39:52.129000,430.13712183610096,9
2024-09-20 14:39:52.173000,430.1302588039368,100
2024-09-20 14:39:52.239000,430.1732054828617,1005
2024-09-20 14:39:52.324000,430.12751838518335,95
2024-09-20 14:39:52.394000,430.1231879201479,996
2024-09-20 14:39:52.421000,430.1573832391842,105
2024-09-20 14:39:52.424000,430.1648345125005,999
2024-09-20 14:39:52.503000,430.1319479916265,1001
2024-09-20 14:39:52.649000,430.1138977548499,14
2024-09-20 14:39:52.891000,430.1238775893439,999
2024-09-20 14:39:52.935000,430.1681909840193,997
2024-09-20 14:39:53.030000,430.2057477057108,1000
2024-09-20 14:39:53.056000,430.1859890659345,103
2024-09-20 14:39:53.105000,430.20247763344776,7
2024-09-20 14:39:53.156000,430.2060263688246,97
2024-09-20 14:39:53.221000,430.1902124566115,995
2024-09-20 14:39:53.256000,430.1976013250194,996
2024-09-20 14:39:53.266000,430.1924648617622,1002
2024-09-20 14:39:53.295000,430.1857678387812,13
2024-09-20 14:39:53.314000,430.1963145426067,997
2024-09-20 14:39:53.433000,430.165146730002,102
2024-09-20 14:39:53.597000,430.1939164841053,998
2024-09-20 14:39:53.639000,430.2141452160645,7
2024-09-20 14:39:53.667000,430.18764791489485,998
2024-09-20 14:39:53.758000,430.1750466461213,8
2024-09-20 14:39:53.785000,430.2064024276335,103
2024-09-20 14:39:53.809000,422.14265261537713,15
2024-09-20 14:39:53.822000,430.1920006822433,6
2024-09-20 14:39:53.975000,430.1855001572468,101
2024-09-20 14:39:53.977000,430.1766115429998,1001
2024-09-20 14:39:54.069000,430.1492454397367,102
2024-09-20 14:39:54.207000,430.1095055103096,101
2024-09-20 14:39:54.227000,430.1098151488051,6
2024-09-20 14:39:54.268000,430.1821039203163,105
2024-09-20 14:39:54.301000,430.1155446065448,7
2024-09-20 14:39:54.361000,430.0954091187178,1000
2024-09-20 14:39:54.370000,430.1519565844802,15
2024-09-20 14:39:54.391000,430.1002865553358,99
2024-09-20 14:39:54.393000,430.1631703321136,1001
2024-09-20 14:39:54.415000,430.1033575457948,996
2024-09-20 14:39:54.498000,430.1847338592581,999
2024-09-20 14:39:54.755000,430.15629820516153,1005
2024-09-20 14:39:54.762000,430.1584608511376,11
2024-09-20 14:39:54.772000,430.1255949575444,997
2024-09-20 14:39:54.776000,430.10746462581926,96
2024-09-20 14:39:54.785000,430.13922292144144,12
2024-09-20 14:39:54.788000,430.1078525990673,105
2024-09-20 14:39:54.800000,430.1641277759287,101
2024-09-20 14:39:54.822000,430.1443219527245,101
2024-09-20 14:39:54.909000,430.1838599931904,104
2024-09-20 14:39:54.912000,430.1752659702721,96
2024-09-20 14:39:54.915000,430.1710164480373,103
2024-09-20 14:39:54.939000,430.1785904870365,14
2024-09-20 14:39:55.026000,430.1314052098051,999
2024-09-20 14:39:55.108000,430.1226967428437,99
2024-09-20 14:39:55.147000,430.1177180006313,99
2024-09-20 14:39:55.164000,430.22089510805785,96
2024-09-20 14:39:55.168000,430.1185347029509,998
2024-09-20 14:39:55.172000,430.10193491020544,995
2024-09-20 14:39:55.183000,430.15541127210753,1004
2024-09-20 14:39:55.187000,430.1076092782727,997
2024-09-20 14:39:55.285000,430.11824745231337,1000
2024-09-20 14:39:55.307000,430.15634055392246,6
2024-09-20 14:39:55.313000,430.1623989983703,1000
2024-09-20 14:39:55.371000,430.168594449992,7
2024-09-20 14:39:55.412000,430.1887174114339,1003
2024-09-20 14:39:55.510000,430.17672674444174,11
2024-09-20 14:39:55.537000,430.1590092051584,7
2024-09-20 14:39:55.539000,430.2142505882216,1005
2024-09-20 14:39:55.549000,430.0950813713868,14
2024-09-20 14:39:55.556000,430.1174297335638,11
2024-09-20 14:39:55.568000,430.1707062685446,104
2024-09-20 14:39:55.575000,430.17650344697057,98
2024-09-20 14:39:55.657000,430.20336053294136,1002
2024-09-20 14:39:55.727000,430.0926133818125,15
2024-09-20 14:39:55.761000,430.1511844622807,11
2024-09-20 14:39:55.783000,430.1261105936148,103
2024-09-20 14:39:55.947000,430.1569872340082,1004
2024-09-20 14:39:56.112000,430.2565146564714,97
2024-09-20 14:39:56.134000,430.3204127290361,103
2024-09-20 14:39:56.139000,430.2745829727339,996
2024-09-20 14:39:56.167000,430.2327960851479,997
2024-09-20 14:39:56.235000,430.3265881333832,8
2024-09-20 14:39:56.297000,430.307793657473,1004
2024-09-20 14:39:56.390000,430.2956181264454,1005
2024-09-20 14:39:56.392000,430.2468574464987,104
2024-09-20 14:39:56.484000,430.2637762300277,15
2024-09-20 14:39:56.668000,430.27630335437743,15
2024-09-20 14:39:56.758000,430.309512766081,12
2024-09-20 14:39:56.778000,430.24439844666585,95
2024-09-20 14:39:56.795000,430.27183126882034,95
2024-09-20 14:39:56.841000,430.26287185418136,97
2024-09-20 14:39:56.848000,430.22001531418056,6
2024-09-20 14:39:56.875000,430.281401342138,13
2024-09-20 14:39:57.041000,430.3276525257065,11
2024-09-20 14:39:57.110000,430.3392328308419,998
2024-09-20 14:39:57.135000,430.3281679534918,1004
2024-09-20 14:39:57.158000,430.31799523088057,998
2024-09-20 14:39:57.238000,430.3406519085282,1002
2024-09-20 14:39:57.251000,430.3360326483632,13
2024-09-20 14:39:57.375000,430.31981300080577,15
2024-09-20 14:39:57.378000,430.3235089584934,99
2024-09-20 14:39:57.381000,430.3267310356232,12
2024-09-20 14:39:57.444000,430.3357684968413,998
2024-09-20 14:39:57.498000,430.330233154022,7
2024-09-20 14:39:57.576000,430.3365302165036,11
2024-09-20 14:39:57.578000,430.3264400285028,995
2024-09-20 14:39:57.596000,430.317045756612,999
2024-09-20 14:39:57.685000,430.3247714982544,98
2024-09-20 14:39:57.699000,430.3261662062984,1002
2024-09-20 14:39:57.844000,430.3416824554888,100
2024-09-20 14:39:57.866000,430.33497379161867,8
2024-09-20 14:39:57.889000,430.35379807272415,99
2024-09-20 14:39:58.021000,430.31126235145706,7
2024-09-20 14:39:58.077000,430.3495474149588,8
2024-09-20 14:39:58.186000,430.34810408576845,995
2024-09-20 14:39:58.212000,422.2533695675325,10
2024-09-20 14:39:58.340000,430.35565391945056,13
2024-09-20 14:39:58.354000,430.3465106054368,10
2024-09-20 14:39:58.388000,430.3096074876188,6
2024-09-20 14:39:58.489000,430.34307783352097,9
2024-09-20 14:39:58.504000,422.24212215337536,105
2024-09-20 14:39:58.642000,430.3374623644578,8
2024-09-20 14:39:58.691000,430.3157164450505,100
2024-09-20 14:39:58.693000,430.3037206940213,1002
2024-09-20 14:39:58.855000,430.3326736402717,1005
2024-09-20 14:39:59.303000,430.35040120582914,103
2024-09-20 14:39:59.604000,430.3395571479605,11
2024-09-20 14:39:59.818000,430.3204990709552,9
2024-09-20 14:39:59.846000,430.3286075679675,100
