Timestamp,Price,Size
2024-09-20 09:56:00.012000,424.0391817758333,95
2024-09-20 09:56:00.117000,424.02651106898895,14
2024-09-20 09:56:00.207000,424.0226052728941,15
2024-09-20 09:56:00.331000,424.0366212599168,7
2024-09-20 09:56:00.434000,424.0252734742718,1002
2024-09-20 09:56:00.595000,424.0372229017973,995
2024-09-20 09:56:00.790000,424.0308101377607,1004
2024-09-20 09:56:01.130000,424.03396409229913,10
2024-09-20 09:56:01.137000,424.0035368539801,105
2024-09-20 09:56:01.334000,424.0444724109584,998
2024-09-20 09:56:01.408000,424.06114817219503,1005
2024-09-20 09:56:01.418000,424.0032272734461,997
2024-09-20 09:56:01.477000,424.0311034022188,95
2024-09-20 09:56:01.487000,423.9835267213385,1001
2024-09-20 09:56:01.639000,423.9963815467166,96
2024-09-20 09:56:01.727000,423.9860603383567,14
2024-09-20 09:56:01.844000,424.03538758900766,998
2024-09-20 09:56:01.900000,423.9969828966575,14
2024-09-20 09:56:02.044000,423.96130630711394,5
2024-09-20 09:56:02.093000,423.9977183353327,96
2024-09-20 09:56:02.123000,423.9555636367628,14
2024-09-20 09:56:02.126000,424.0146043825728,101
2024-09-20 09:56:02.201000,423.9602809593285,5
2024-09-20 09:56:02.246000,423.9621741720914,999
2024-09-20 09:56:02.285000,423.9686968048479,10
2024-09-20 09:56:02.288000,423.9895864799904,995
2024-09-20 09:56:02.323000,423.9556272231055,5
2024-09-20 09:56:02.369000,423.9975318838985,995
2024-09-20 09:56:02.441000,423.9832187408319,14
2024-09-20 09:56:02.512000,423.9307993228306,95
2024-09-20 09:56:02.517000,424.0122691184933,102
2024-09-20 09:56:02.531000,423.9565290302172,996
2024-09-20 09:56:02.542000,423.9414534791919,1005
2024-09-20 09:56:02.575000,423.9507239985259,95
2024-09-20 09:56:02.602000,423.9708386362343,97
2024-09-20 09:56:02.613000,423.99865353002485,995
2024-09-20 09:56:02.694000,424.0050932264885,104
2024-09-20 09:56:02.700000,423.9960373919849,102
2024-09-20 09:56:02.706000,423.961759084489,7
2024-09-20 09:56:02.714000,423.95809980531584,12
2024-09-20 09:56:02.756000,423.9576370850477,1004
2024-09-20 09:56:02.931000,424.0085762536418,1005
2024-09-20 09:56:02.937000,423.9650664160808,999
2024-09-20 09:56:02.952000,423.9952793180469,96
2024-09-20 09:56:02.985000,423.98158189612457,98
2024-09-20 09:56:03.003000,423.9930482970609,9
2024-09-20 09:56:03.034000,423.9284714968318,995
2024-09-20 09:56:03.044000,423.9781969586149,999
2024-09-20 09:56:03.044000,423.9629840311704,13
2024-09-20 09:56:03.097000,423.9780916400361,1002
2024-09-20 09:56:03.129000,423.9517900903781,95
2024-09-20 09:56:03.189000,423.9561985825222,105
2024-09-20 09:56:03.365000,423.939027090616,11
2024-09-20 09:56:03.410000,423.9668799110508,12
2024-09-20 09:56:03.660000,423.9258847292954,100
2024-09-20 09:56:03.735000,423.98761956396106,14
2024-09-20 09:56:03.824000,424.0035630302455,103
2024-09-20 09:56:03.838000,423.9353459133926,1000
2024-09-20 09:56:03.875000,423.92773894174354,100
2024-09-20 09:56:03.913000,423.9322630572876,14
2024-09-20 09:56:03.999000,423.9324713737047,997
2024-09-20 09:56:04.096000,424.0064467409059,12
2024-09-20 09:56:04.228000,423.9795486037101,100
2024-09-20 09:56:04.295000,423.9973770777328,995
2024-09-20 09:56:04.362000,423.9838252050103,105
2024-09-20 09:56:04.486000,424.0267758621908,1000
2024-09-20 09:56:04.505000,424.0289667334812,8
2024-09-20 09:56:04.552000,423.9845220857384,98
2024-09-20 09:56:04.568000,423.963731531126,14
2024-09-20 09:56:04.676000,423.9470354084152,96
2024-09-20 09:56:04.712000,424.0318519146045,9
2024-09-20 09:56:04.761000,424.02072218460944,100
2024-09-20 09:56:04.845000,423.9626191667156,13
2024-09-20 09:56:04.876000,424.0041994873355,9
2024-09-20 09:56:04.917000,424.0043017733956,7
2024-09-20 09:56:05.019000,423.960625241528,10
2024-09-20 09:56:05.028000,423.95587176646586,103
2024-09-20 09:56:05.029000,423.9598619237409,1002
2024-09-20 09:56:05.132000,423.95660254326737,95
2024-09-20 09:56:05.143000,423.9552364388464,97
2024-09-20 09:56:05.268000,424.0054885880128,7
2024-09-20 09:56:05.280000,423.9522737124181,98
2024-09-20 09:56:05.327000,423.9582472237489,13
2024-09-20 09:56:05.385000,423.9462405573669,999
2024-09-20 09:56:05.470000,423.9528381461333,7
2024-09-20 09:56:05.547000,423.983450305614,101
2024-09-20 09:56:05.574000,423.97509287120585,103
2024-09-20 09:56:05.638000,423.9255413965952,12
2024-09-20 09:56:05.666000,423.94658865497126,1002
2024-09-20 09:56:05.749000,423.9600290541596,96
2024-09-20 09:56:05.764000,423.995493890416,104
2024-09-20 09:56:05.826000,424.014753766942,999
2024-09-20 09:56:05.932000,423.95287735341935,1003
2024-09-20 09:56:05.959000,423.94472470405645,999
2024-09-20 09:56:05.970000,423.95904661473264,6
2024-09-20 09:56:05.987000,423.9479765454399,104
2024-09-20 09:56:06.162000,423.942249408106,96
2024-09-20 09:56:06.221000,423.9420838447208,97
2024-09-20 09:56:06.228000,423.9513354650613,98
2024-09-20 09:56:06.401000,423.950336521346,996
2024-09-20 09:56:06.413000,423.9429455861121,9
2024-09-20 09:56:06.488000,423.9460375525947,1004
2024-09-20 09:56:06.751000,423.9674013143618,14
2024-09-20 09:56:07,423.9258061579209,13
2024-09-20 09:56:07.010000,423.9068522614826,1004
2024-09-20 09:56:07.053000,423.9155589009514,1003
2024-09-20 09:56:07.064000,423.9531384366727,5
2024-09-20 09:56:07.132000,423.9208787253282,995
2024-09-20 09:56:07.192000,423.8943347541559,9
2024-09-20 09:56:07.287000,423.9405088209115,95
2024-09-20 09:56:07.344000,423.9605497591034,1003
2024-09-20 09:56:07.367000,423.8759660539861,5
2024-09-20 09:56:07.380000,423.8949109480349,100
2024-09-20 09:56:07.508000,423.908575897259,99
2024-09-20 09:56:07.575000,423.9140851095697,97
2024-09-20 09:56:07.591000,423.953580549914,11
2024-09-20 09:56:07.624000,423.90412986427935,1004
2024-09-20 09:56:07.701000,423.9238012812884,1000
2024-09-20 09:56:07.842000,423.89777859560553,1000
2024-09-20 09:56:07.869000,423.8926498886426,98
2024-09-20 09:56:07.958000,423.8964947191678,8
2024-09-20 09:56:07.960000,423.9003621714152,95
2024-09-20 09:56:08.655000,423.9213204556192,14
2024-09-20 09:56:08.897000,423.940110831165,1000
2024-09-20 09:56:09.025000,423.93517492857205,1003
2024-09-20 09:56:09.196000,423.9443341247616,103
2024-09-20 09:56:09.308000,423.9136516908919,13
2024-09-20 09:56:09.354000,423.9414167133481,995
2024-09-20 09:56:09.371000,423.9393797089475,7
2024-09-20 09:56:09.406000,423.9633387308589,10
2024-09-20 09:56:09.477000,423.9029214297166,1004
2024-09-20 09:56:09.567000,423.9244875381452,1004
2024-09-20 09:56:09.572000,423.9484530204041,14
2024-09-20 09:56:09.612000,423.9263716396518,12
2024-09-20 09:56:09.658000,423.9359689083556,99
2024-09-20 09:56:09.677000,423.9398600699874,95
2024-09-20 09:56:09.736000,423.9448820973423,8
2024-09-20 09:56:09.758000,423.9472367527649,10
2024-09-20 09:56:09.800000,423.9154284512095,1005
2024-09-20 09:56:09.809000,423.90759242254455,1001
2024-09-20 09:56:09.832000,423.9091713778646,104
2024-09-20 09:56:09.849000,423.9113091481668,105
2024-09-20 09:56:09.880000,423.91471885256544,95
2024-09-20 09:56:09.913000,423.93032860248906,98
2024-09-20 09:56:09.964000,423.9355882701757,11
2024-09-20 09:56:10.059000,423.9663575309036,1000
2024-09-20 09:56:10.091000,423.96052365321793,96
2024-09-20 09:56:10.128000,423.96993108208255,11
2024-09-20 09:56:10.319000,423.978024931296,97
2024-09-20 09:56:10.413000,423.9494437005196,8
2024-09-20 09:56:10.510000,423.93055009024505,997
2024-09-20 09:56:10.524000,423.9825854301708,99
2024-09-20 09:56:10.555000,423.9502898301548,1004
2024-09-20 09:56:10.567000,423.99667852159945,10
2024-09-20 09:56:10.577000,423.98024236783135,5
2024-09-20 09:56:10.711000,423.9573976935493,1002
2024-09-20 09:56:10.720000,423.9478148197805,14
2024-09-20 09:56:10.734000,423.9863205259256,102
2024-09-20 09:56:10.745000,423.9634352863265,997
2024-09-20 09:56:10.798000,423.980735019144,1000
2024-09-20 09:56:10.855000,423.9544812488119,997
2024-09-20 09:56:10.898000,423.98455265272,995
2024-09-20 09:56:10.908000,423.9481938311674,95
2024-09-20 09:56:10.939000,423.980312216156,105
2024-09-20 09:56:11.241000,423.9374205155824,12
2024-09-20 09:56:11.269000,423.9488519074388,95
2024-09-20 09:56:11.707000,423.9537411318272,1000
2024-09-20 09:56:12.080000,423.97877205213126,1005
2024-09-20 09:56:12.080000,423.9681555648712,997
2024-09-20 09:56:12.373000,423.9752015196378,104
2024-09-20 09:56:12.575000,423.96134518866006,95
2024-09-20 09:56:12.635000,423.9825051856765,12
2024-09-20 09:56:12.906000,423.9735675052806,9
2024-09-20 09:56:13.112000,423.94986658351377,995
2024-09-20 09:56:13.116000,423.958665559002,1003
2024-09-20 09:56:13.158000,423.9831868277873,1003
2024-09-20 09:56:13.216000,424.0119315702384,8
2024-09-20 09:56:13.229000,423.98397254720993,11
2024-09-20 09:56:13.254000,424.0078480426391,11
2024-09-20 09:56:13.310000,423.9610005256441,100
2024-09-20 09:56:13.330000,423.9415453478602,10
2024-09-20 09:56:13.378000,423.96916548837066,1005
2024-09-20 09:56:13.407000,423.9739863846417,104
2024-09-20 09:56:13.417000,423.9922018184878,98
2024-09-20 09:56:13.419000,423.98497221359474,6
2024-09-20 09:56:13.500000,424.00451210139306,5
2024-09-20 09:56:13.514000,423.9744125264696,8
2024-09-20 09:56:13.515000,423.9688726127282,12
2024-09-20 09:56:13.518000,423.9559626618236,12
2024-09-20 09:56:13.705000,423.9755470403473,1005
2024-09-20 09:56:13.800000,423.9723139099695,105
2024-09-20 09:56:13.816000,423.9709116899178,1000
2024-09-20 09:56:13.824000,423.963213966457,1001
2024-09-20 09:56:13.850000,423.9807169103936,995
2024-09-20 09:56:13.882000,423.9557091105828,98
2024-09-20 09:56:13.883000,424.0318805462383,95
2024-09-20 09:56:13.884000,423.97394728288,14
2024-09-20 09:56:13.967000,423.9830197084093,1002
2024-09-20 09:56:13.972000,423.9860146834562,995
2024-09-20 09:56:14.106000,423.99388298184806,13
2024-09-20 09:56:14.176000,424.0006697987835,98
2024-09-20 09:56:14.199000,423.99083738888686,998
2024-09-20 09:56:14.292000,423.97192837810087,1003
2024-09-20 09:56:14.460000,423.98507045290745,1005
2024-09-20 09:56:14.466000,424.0012634657734,103
2024-09-20 09:56:14.568000,423.991585408116,996
2024-09-20 09:56:14.583000,423.9783950172416,102
2024-09-20 09:56:14.630000,424.0094161863022,999
2024-09-20 09:56:14.639000,424.01974805509633,995
2024-09-20 09:56:14.658000,423.9763282764219,96
2024-09-20 09:56:14.694000,424.0056315873931,12
2024-09-20 09:56:14.730000,423.9861311600285,996
2024-09-20 09:56:14.773000,423.97851277208406,997
2024-09-20 09:56:14.785000,423.9805967518063,14
2024-09-20 09:56:14.820000,423.9711376898207,1000
2024-09-20 09:56:14.875000,423.9826054847375,997
2024-09-20 09:56:15.096000,424.0126366285058,995
2024-09-20 09:56:15.160000,424.0346048554416,96
2024-09-20 09:56:15.188000,424.0149625530119,1005
2024-09-20 09:56:15.304000,424.02806385989993,5
2024-09-20 09:56:15.306000,424.01721231250855,6
2024-09-20 09:56:15.450000,424.0361438443267,97
2024-09-20 09:56:15.454000,424.009902107087,7
2024-09-20 09:56:15.469000,424.0359741358494,997
2024-09-20 09:56:15.525000,423.9968153201443,1004
2024-09-20 09:56:15.531000,424.0339803480805,996
2024-09-20 09:56:15.575000,424.02632502635896,95
2024-09-20 09:56:15.601000,424.00926182340254,105
2024-09-20 09:56:15.665000,423.995587589598,96
2024-09-20 09:56:15.714000,424.0127783804217,102
2024-09-20 09:56:15.911000,424.0318001869754,11
2024-09-20 09:56:15.963000,424.0150070955815,1001
2024-09-20 09:56:16.004000,424.1002088527887,10
2024-09-20 09:56:16.018000,424.034245742589,105
2024-09-20 09:56:16.060000,424.03549272457286,8
2024-09-20 09:56:16.078000,423.9826217594468,1001
2024-09-20 09:56:16.088000,423.983812250516,12
2024-09-20 09:56:16.100000,423.98220466412,10
2024-09-20 09:56:16.136000,424.055967812758,1005
2024-09-20 09:56:16.179000,424.08005588410384,996
2024-09-20 09:56:16.265000,424.0815383083517,95
2024-09-20 09:56:16.342000,424.0760404974248,1003
2024-09-20 09:56:16.402000,424.05303530754736,9
2024-09-20 09:56:16.418000,424.0214272594791,15
2024-09-20 09:56:16.501000,424.0235300583621,96
2024-09-20 09:56:16.510000,424.06499667894553,1001
2024-09-20 09:56:16.525000,424.0926780215677,9
2024-09-20 09:56:16.528000,424.0595958415207,100
2024-09-20 09:56:16.560000,424.0244654197768,10
2024-09-20 09:56:16.560000,424.0448458288064,1002
2024-09-20 09:56:16.633000,423.9891895439209,100
2024-09-20 09:56:16.660000,424.0043249679263,995
2024-09-20 09:56:16.721000,424.0437768524649,105
2024-09-20 09:56:16.889000,424.1003047289912,100
2024-09-20 09:56:16.919000,424.0808349434554,14
2024-09-20 09:56:16.919000,423.9843557184229,98
2024-09-20 09:56:16.929000,424.1084084234319,14
2024-09-20 09:56:16.979000,423.9958057213468,8
2024-09-20 09:56:17.069000,423.9132687966688,1004
2024-09-20 09:56:17.098000,424.0108997898839,100
2024-09-20 09:56:17.111000,423.9266777456721,98
2024-09-20 09:56:17.117000,423.95953938728144,995
2024-09-20 09:56:17.158000,423.93065370376456,99
2024-09-20 09:56:17.210000,423.9286052211982,103
2024-09-20 09:56:17.245000,423.9862011131625,15
2024-09-20 09:56:17.246000,423.94541627025126,8
2024-09-20 09:56:17.269000,423.9149805988904,1002
2024-09-20 09:56:17.386000,423.9985992749446,7
2024-09-20 09:56:17.393000,423.90747594173473,10
2024-09-20 09:56:17.493000,423.91228861653457,11
2024-09-20 09:56:17.587000,423.9054415787001,11
2024-09-20 09:56:17.698000,423.9005902589272,996
2024-09-20 09:56:17.816000,423.952938069308,1005
2024-09-20 09:56:17.818000,423.9715068048179,101
2024-09-20 09:56:17.966000,423.8994744248185,12
2024-09-20 09:56:17.970000,423.9319048208787,7
2024-09-20 09:56:17.971000,423.9392437281036,997
2024-09-20 09:56:17.979000,423.9487360817713,97
2024-09-20 09:56:18.933000,423.9411235029144,9
2024-09-20 09:56:18.995000,423.9482655756671,1004
2024-09-20 09:56:19.400000,423.9874970328496,96
2024-09-20 09:56:19.452000,423.9785207263824,12
2024-09-20 09:56:20.071000,423.9995491305105,995
2024-09-20 09:56:20.187000,423.9973321186135,995
2024-09-20 09:56:20.240000,423.9902091373338,8
2024-09-20 09:56:20.260000,424.02747031596095,96
2024-09-20 09:56:20.278000,423.982112186837,1005
2024-09-20 09:56:20.496000,423.9763922880599,99
2024-09-20 09:56:20.647000,424.01435336829866,1003
2024-09-20 09:56:20.658000,423.9985949924688,15
2024-09-20 09:56:20.750000,423.9615985437308,97
2024-09-20 09:56:20.765000,424.0171131412749,15
2024-09-20 09:56:20.816000,424.0152012978013,14
2024-09-20 09:56:20.878000,424.0058387775835,14
2024-09-20 09:56:21.024000,424.0100345243266,1003
2024-09-20 09:56:21.037000,424.0027289979767,9
2024-09-20 09:56:21.051000,423.9831413414399,95
2024-09-20 09:56:21.076000,424.019204917955,998
2024-09-20 09:56:21.110000,424.0316573686745,999
2024-09-20 09:56:21.144000,423.99638624914405,100
2024-09-20 09:56:21.279000,424.0266287299358,999
2024-09-20 09:56:21.288000,423.9881708405648,1001
2024-09-20 09:56:21.468000,423.99036426096745,1005
2024-09-20 09:56:21.648000,423.9883639143495,104
2024-09-20 09:56:21.652000,424.0311071878304,96
2024-09-20 09:56:21.670000,424.0055112392821,1005
2024-09-20 09:56:21.747000,424.0067969660438,104
2024-09-20 09:56:21.866000,423.9982879639807,14
2024-09-20 09:56:22.004000,423.9876370835242,15
2024-09-20 09:56:22.006000,423.9745852335831,15
2024-09-20 09:56:22.006000,424.00529506478586,97
2024-09-20 09:56:22.016000,423.984800260557,99
2024-09-20 09:56:22.035000,424.0055146861428,12
2024-09-20 09:56:22.043000,423.9868300518373,997
2024-09-20 09:56:22.163000,423.9892501612033,15
2024-09-20 09:56:22.202000,423.9972998860514,101
2024-09-20 09:56:22.205000,424.0052418452013,1003
2024-09-20 09:56:22.215000,424.0138977056377,1001
2024-09-20 09:56:22.240000,424.0161399819999,998
2024-09-20 09:56:22.261000,424.0048937832594,105
2024-09-20 09:56:22.318000,423.9720300968168,996
2024-09-20 09:56:22.378000,423.9881309178772,995
2024-09-20 09:56:22.424000,424.0092965996971,11
2024-09-20 09:56:22.453000,423.9903325523242,96
2024-09-20 09:56:22.463000,423.9898322765101,9
2024-09-20 09:56:22.466000,423.9877710952625,101
2024-09-20 09:56:22.542000,424.0123432047222,996
2024-09-20 09:56:22.574000,423.993285368306,10
2024-09-20 09:56:22.653000,423.9659793278864,15
2024-09-20 09:56:22.653000,423.9820856129882,10
2024-09-20 09:56:22.683000,423.95838308931326,12
2024-09-20 09:56:22.724000,423.96931759479537,999
2024-09-20 09:56:22.842000,423.990276994278,100
2024-09-20 09:56:22.926000,424.0079460005881,996
2024-09-20 09:56:22.935000,424.0107880555042,7
2024-09-20 09:56:22.966000,424.0136447232893,1003
2024-09-20 09:56:23.058000,423.92868301594007,97
2024-09-20 09:56:23.065000,423.9189350778341,997
2024-09-20 09:56:23.066000,423.8974034067008,14
2024-09-20 09:56:23.075000,423.89150509946586,105
2024-09-20 09:56:23.153000,423.876813305166,997
2024-09-20 09:56:23.190000,423.913337716732,100
2024-09-20 09:56:23.375000,423.88345824430166,104
2024-09-20 09:56:23.399000,423.89884175414215,8
2024-09-20 09:56:23.405000,423.90545137606256,100
2024-09-20 09:56:23.448000,423.9006865487913,7
2024-09-20 09:56:23.466000,423.8384981595993,100
2024-09-20 09:56:23.620000,423.8954600491998,10
2024-09-20 09:56:23.624000,423.8548257843983,6
2024-09-20 09:56:23.777000,423.8696726697591,104
2024-09-20 09:56:23.838000,423.9609469678901,997
2024-09-20 09:56:23.874000,423.8987298283838,14
2024-09-20 09:56:24.035000,423.8415937712234,97
2024-09-20 09:56:24.190000,423.821638420274,97
2024-09-20 09:56:24.207000,423.8416638330332,15
2024-09-20 09:56:24.271000,423.8303474270767,103
2024-09-20 09:56:24.289000,423.8208817191903,14
2024-09-20 09:56:24.301000,423.8178623520616,100
2024-09-20 09:56:24.404000,423.8550993416776,10
2024-09-20 09:56:24.512000,423.8186628093868,102
2024-09-20 09:56:24.523000,423.8365644659204,13
2024-09-20 09:56:24.613000,423.8193292778317,998
2024-09-20 09:56:24.739000,423.8464023284122,14
2024-09-20 09:56:24.787000,423.8108157043824,998
2024-09-20 09:56:24.910000,423.8187885197002,104
2024-09-20 09:56:24.920000,423.84537634525753,5
2024-09-20 09:56:24.920000,423.8141629243577,1000
2024-09-20 09:56:24.926000,423.84327772333296,11
2024-09-20 09:56:24.981000,423.832758377484,105
2024-09-20 09:56:24.999000,423.84466288899466,99
2024-09-20 09:56:25.088000,423.7921020101906,995
2024-09-20 09:56:25.184000,423.7804766972644,1002
2024-09-20 09:56:25.257000,423.79180761905616,14
2024-09-20 09:56:25.262000,423.8206404052092,7
2024-09-20 09:56:25.266000,423.77942323398287,102
2024-09-20 09:56:25.291000,423.8078679516935,101
2024-09-20 09:56:25.386000,423.80698445550615,102
2024-09-20 09:56:25.414000,423.7972288804047,103
2024-09-20 09:56:25.435000,423.79323864442887,1004
2024-09-20 09:56:25.442000,423.7912797859654,99
2024-09-20 09:56:25.471000,423.76411676203,1002
2024-09-20 09:56:25.588000,423.77427013867424,105
2024-09-20 09:56:25.649000,423.7659868267697,12
2024-09-20 09:56:25.715000,423.8016935101277,8
2024-09-20 09:56:25.757000,423.7904316623894,7
2024-09-20 09:56:26.020000,423.7222881205568,998
2024-09-20 09:56:26.021000,423.75136759229184,8
2024-09-20 09:56:26.048000,423.75597082996734,6
2024-09-20 09:56:26.135000,423.72225242015287,103
2024-09-20 09:56:26.148000,423.7363030720357,8
2024-09-20 09:56:26.168000,423.7711162012344,100
2024-09-20 09:56:26.174000,423.75223047267775,96
2024-09-20 09:56:26.256000,423.798719925862,100
2024-09-20 09:56:26.290000,423.73352602276185,996
2024-09-20 09:56:26.323000,423.7624647076539,101
2024-09-20 09:56:26.405000,423.7269216900474,1004
2024-09-20 09:56:26.462000,423.7453705672712,96
2024-09-20 09:56:26.496000,423.7417345474076,14
2024-09-20 09:56:26.574000,423.7841992936199,11
2024-09-20 09:56:26.578000,423.7527097765146,95
2024-09-20 09:56:26.590000,423.7324769523127,6
2024-09-20 09:56:26.640000,423.73892122810446,8
2024-09-20 09:56:26.691000,423.73885237887873,15
2024-09-20 09:56:26.728000,423.7386687107543,8
2024-09-20 09:56:26.824000,423.751242135314,11
2024-09-20 09:56:26.884000,423.79352981921016,1000
2024-09-20 09:56:26.948000,423.7258371013319,998
2024-09-20 09:56:26.957000,423.7852398020663,1003
2024-09-20 09:56:27.040000,423.7694110892316,96
2024-09-20 09:56:27.105000,423.7669934556177,996
2024-09-20 09:56:27.162000,423.7560914324703,9
2024-09-20 09:56:27.266000,423.7652997388288,96
2024-09-20 09:56:27.364000,423.75792695202085,11
2024-09-20 09:56:27.398000,423.74574300943215,1003
2024-09-20 09:56:27.411000,423.7729385459707,95
2024-09-20 09:56:27.454000,423.7562149508382,10
2024-09-20 09:56:27.454000,423.75058659056174,1002
2024-09-20 09:56:27.596000,423.75422213544687,100
2024-09-20 09:56:27.638000,423.7720109508858,103
2024-09-20 09:56:27.671000,423.7608794105129,14
2024-09-20 09:56:27.703000,423.74430071830926,1004
2024-09-20 09:56:27.938000,423.78267686588873,1002
2024-09-20 09:56:27.947000,423.7620833216036,11
2024-09-20 09:56:28.039000,423.7722164608293,97
2024-09-20 09:56:28.041000,423.77517265813816,104
2024-09-20 09:56:28.093000,423.7849109341496,14
2024-09-20 09:56:28.137000,423.77962286991936,97
2024-09-20 09:56:28.325000,423.7837252896782,102
2024-09-20 09:56:28.405000,423.78917422313503,1004
2024-09-20 09:56:28.464000,423.76555462917776,12
2024-09-20 09:56:28.549000,423.7738976045604,13
2024-09-20 09:56:28.722000,423.7730336844589,15
2024-09-20 09:56:28.835000,423.7820086344012,8
2024-09-20 09:56:28.854000,423.7662980290194,5
2024-09-20 09:56:28.869000,423.7841455953384,1002
2024-09-20 09:56:28.887000,423.76820190473046,13
2024-09-20 09:56:28.947000,423.8022122819372,11
2024-09-20 09:56:29.008000,423.7408244060106,100
2024-09-20 09:56:29.011000,423.77122455143234,14
2024-09-20 09:56:29.016000,423.7438961253986,12
2024-09-20 09:56:29.124000,423.7512228529915,1000
2024-09-20 09:56:29.224000,423.7390902878965,99
2024-09-20 09:56:29.334000,423.7956780631063,11
2024-09-20 09:56:29.349000,423.8431957657532,104
2024-09-20 09:56:29.423000,423.7714913310805,96
2024-09-20 09:56:29.516000,423.7611143999706,97
2024-09-20 09:56:29.551000,423.7598466051989,104
2024-09-20 09:56:29.635000,423.7713133605136,8
2024-09-20 09:56:29.635000,423.83501514438746,997
2024-09-20 09:56:29.652000,423.7487188089984,101
2024-09-20 09:56:29.727000,423.8366031607765,997
2024-09-20 09:56:29.823000,423.77248993233246,995
2024-09-20 09:56:29.825000,423.8161048869805,6
2024-09-20 09:56:29.912000,423.82462042294463,14
2024-09-20 09:56:29.929000,423.82816516457393,997
2024-09-20 09:56:29.951000,423.7588753187894,98
2024-09-20 09:56:29.996000,423.79394013930863,10
2024-09-20 09:56:30.027000,423.7465081945061,1003
2024-09-20 09:56:30.075000,423.7338775610369,7
2024-09-20 09:56:30.230000,423.7624753515722,99
2024-09-20 09:56:30.236000,423.7306750412305,997
2024-09-20 09:56:30.276000,423.7617347453833,1003
2024-09-20 09:56:30.300000,423.8080347573979,1003
2024-09-20 09:56:30.303000,423.79611596909706,11
2024-09-20 09:56:30.334000,423.7872113487777,999
2024-09-20 09:56:30.416000,423.8110351966565,101
2024-09-20 09:56:30.474000,423.7496098195507,13
2024-09-20 09:56:30.494000,423.80846964618655,1004
2024-09-20 09:56:30.495000,423.75147152106285,997
2024-09-20 09:56:30.495000,423.8232368529551,103
2024-09-20 09:56:30.503000,423.7954950524916,11
2024-09-20 09:56:30.552000,423.8001351785044,1002
2024-09-20 09:56:30.593000,423.7330083263992,100
2024-09-20 09:56:30.654000,423.77623894197706,9
2024-09-20 09:56:30.680000,423.75994179675297,102
2024-09-20 09:56:30.759000,423.7675259129703,995
2024-09-20 09:56:30.824000,423.7464670524931,13
2024-09-20 09:56:30.826000,423.7688744745891,7
2024-09-20 09:56:30.904000,423.74867649131255,95
2024-09-20 09:56:30.997000,423.79428818814586,101
2024-09-20 09:56:32.049000,423.764964683812,998
2024-09-20 09:56:32.065000,423.8601823939335,995
2024-09-20 09:56:32.071000,423.8378655495499,8
2024-09-20 09:56:32.103000,423.7697517734486,99
2024-09-20 09:56:32.155000,423.7572697202731,1000
2024-09-20 09:56:32.187000,423.7488063351652,7
2024-09-20 09:56:32.227000,423.76644527972377,9
2024-09-20 09:56:32.260000,423.8241428422732,1001
2024-09-20 09:56:32.339000,423.7683515702888,96
2024-09-20 09:56:32.386000,423.75897520680434,95
2024-09-20 09:56:32.398000,423.8010077294891,13
2024-09-20 09:56:32.538000,423.7690639381936,97
2024-09-20 09:56:32.554000,423.7833172379304,7
2024-09-20 09:56:32.560000,423.7682959850621,999
2024-09-20 09:56:32.602000,423.7780642180769,1004
2024-09-20 09:56:32.615000,423.8128954274546,995
2024-09-20 09:56:32.619000,423.82106708780447,6
2024-09-20 09:56:32.649000,423.7775881349321,8
2024-09-20 09:56:32.774000,423.8045090534085,1002
2024-09-20 09:56:32.798000,423.8034921634001,104
2024-09-20 09:56:32.814000,423.8102954217571,11
2024-09-20 09:56:32.823000,423.7587869690496,997
2024-09-20 09:56:32.826000,423.8194968663012,997
2024-09-20 09:56:32.834000,423.760423877612,104
2024-09-20 09:56:32.955000,423.7860906104261,1002
2024-09-20 09:56:33.002000,423.8883905428789,10
2024-09-20 09:56:33.170000,423.8472231436785,5
2024-09-20 09:56:33.174000,423.8594095801503,6
2024-09-20 09:56:33.220000,423.8871501101109,996
2024-09-20 09:56:33.258000,423.8853622309841,96
2024-09-20 09:56:33.419000,423.8851347650231,1002
2024-09-20 09:56:33.450000,423.8930476272546,1000
2024-09-20 09:56:33.568000,423.9043599293751,14
2024-09-20 09:56:33.792000,423.8655496853901,10
2024-09-20 09:56:33.850000,423.8850381327628,95
2024-09-20 09:56:33.886000,423.8514635156045,104
2024-09-20 09:56:33.994000,423.8564431322175,105
2024-09-20 09:56:34.088000,423.9005921416082,102
2024-09-20 09:56:34.122000,423.928046965603,996
2024-09-20 09:56:34.138000,423.9457661245697,6
2024-09-20 09:56:34.140000,423.9016045290703,100
2024-09-20 09:56:34.191000,423.8751760586009,999
2024-09-20 09:56:34.219000,423.8921014019096,10
2024-09-20 09:56:34.245000,423.8564745501183,997
2024-09-20 09:56:34.309000,423.8852109129017,98
2024-09-20 09:56:34.330000,423.8819481632676,11
2024-09-20 09:56:34.379000,423.87027007653217,998
2024-09-20 09:56:34.467000,423.8675376011905,1004
2024-09-20 09:56:34.513000,423.9030394520828,102
2024-09-20 09:56:34.515000,423.92651014451536,996
2024-09-20 09:56:34.539000,423.8328867975752,1003
2024-09-20 09:56:34.541000,423.8481216751616,13
2024-09-20 09:56:34.549000,423.8595569620739,98
2024-09-20 09:56:34.605000,423.9684010046931,95
2024-09-20 09:56:34.681000,423.9511108774995,997
2024-09-20 09:56:34.714000,423.9389748464323,15
2024-09-20 09:56:34.781000,423.83896070738194,10
2024-09-20 09:56:34.858000,423.8531669334628,102
2024-09-20 09:56:34.881000,423.9407165942439,104
2024-09-20 09:56:34.920000,423.9704071686993,5
2024-09-20 09:56:34.944000,423.8649298942387,102
2024-09-20 09:56:34.972000,423.95421151822376,11
2024-09-20 09:56:34.975000,423.94242039373097,95
2024-09-20 09:56:34.987000,423.9440538006287,12
2024-09-20 09:56:35.113000,423.9763622699254,95
2024-09-20 09:56:35.253000,423.95330858366685,6
2024-09-20 09:56:35.280000,423.9551563953409,14
2024-09-20 09:56:35.358000,423.94399080773576,14
2024-09-20 09:56:35.390000,423.9623866502019,1004
2024-09-20 09:56:35.408000,423.95010453848886,998
2024-09-20 09:56:35.423000,423.9533634544517,15
2024-09-20 09:56:35.477000,423.9415532257904,995
2024-09-20 09:56:35.715000,423.950401624111,7
2024-09-20 09:56:35.797000,423.9583050460716,1002
2024-09-20 09:56:35.826000,423.9294724254359,15
2024-09-20 09:56:35.832000,423.9436515468136,13
2024-09-20 09:56:35.870000,423.9399700993076,15
2024-09-20 09:56:35.990000,423.9589532672953,103
2024-09-20 09:56:36.296000,423.9742423335933,1005
2024-09-20 09:56:36.671000,423.97821264549,5
2024-09-20 09:56:36.791000,423.97217216001866,104
2024-09-20 09:56:37.014000,423.9094679181839,100
2024-09-20 09:56:37.040000,423.89908391627534,97
2024-09-20 09:56:37.047000,423.94264013928097,15
2024-09-20 09:56:37.094000,423.93090802648265,7
2024-09-20 09:56:37.120000,423.91458732947046,13
2024-09-20 09:56:37.122000,423.931332588736,995
2024-09-20 09:56:37.123000,423.87963209835567,1003
2024-09-20 09:56:37.317000,423.90560808921737,11
2024-09-20 09:56:37.382000,423.94782312190233,103
2024-09-20 09:56:37.386000,423.9286863563466,7
2024-09-20 09:56:37.446000,423.9282975947789,1003
2024-09-20 09:56:37.489000,423.9476959125407,996
2024-09-20 09:56:37.508000,423.9384610394146,13
2024-09-20 09:56:37.626000,423.9213187124576,6
2024-09-20 09:56:37.751000,423.9156442695824,995
2024-09-20 09:56:37.877000,423.9256293460264,15
2024-09-20 09:56:37.879000,423.9025824645544,13
2024-09-20 09:56:37.888000,423.96681144513695,10
2024-09-20 09:56:38.099000,423.8548786893396,1001
2024-09-20 09:56:38.110000,423.8626305752384,8
2024-09-20 09:56:38.119000,423.85822565877874,105
2024-09-20 09:56:38.156000,423.8311991945437,99
2024-09-20 09:56:38.185000,423.8492122377487,100
2024-09-20 09:56:38.318000,423.84480632856287,103
2024-09-20 09:56:38.346000,423.83144228531165,15
2024-09-20 09:56:38.518000,423.8639552678117,102
2024-09-20 09:56:38.550000,423.8654916478418,999
2024-09-20 09:56:38.575000,423.85886035279,11
2024-09-20 09:56:38.608000,423.8509873608229,8
2024-09-20 09:56:38.701000,423.8804143585537,96
2024-09-20 09:56:38.761000,423.8447763085512,100
2024-09-20 09:56:38.769000,423.8782122601908,103
2024-09-20 09:56:38.777000,423.856076125011,11
2024-09-20 09:56:38.846000,423.8756362704973,99
2024-09-20 09:56:38.948000,423.8563911689129,11
2024-09-20 09:56:38.985000,423.85472060071584,96
2024-09-20 09:56:38.991000,423.8396670120737,14
2024-09-20 09:56:39.291000,423.8688651188275,97
2024-09-20 09:56:39.374000,423.8536892788077,995
2024-09-20 09:56:39.406000,423.8571116190087,1005
2024-09-20 09:56:39.542000,423.84640951357073,995
2024-09-20 09:56:39.545000,423.8428941006556,9
2024-09-20 09:56:39.672000,423.8393526646178,12
2024-09-20 09:56:39.774000,423.8590878949656,5
2024-09-20 09:56:39.822000,423.8710541247302,9
2024-09-20 09:56:39.934000,423.8332271823224,997
2024-09-20 09:56:39.935000,423.8339204945806,7
2024-09-20 09:56:40.024000,423.7760457639779,105
2024-09-20 09:56:40.062000,423.792788219356,100
2024-09-20 09:56:40.120000,423.7830646845913,999
2024-09-20 09:56:40.131000,423.7893516638995,97
2024-09-20 09:56:40.148000,423.7762863262446,96
2024-09-20 09:56:40.373000,423.76736913465135,5
2024-09-20 09:56:40.386000,423.76969004469134,1000
2024-09-20 09:56:40.507000,423.8383772431156,98
2024-09-20 09:56:40.542000,423.84076318351606,103
2024-09-20 09:56:40.550000,423.7971447180862,96
2024-09-20 09:56:40.552000,423.8144832916192,5
2024-09-20 09:56:40.614000,423.8221636378427,995
2024-09-20 09:56:40.648000,423.7889325523384,102
2024-09-20 09:56:40.823000,423.76337457599607,96
2024-09-20 09:56:40.868000,423.8033229224981,1001
2024-09-20 09:56:40.975000,423.814236210026,1000
2024-09-20 09:56:40.992000,423.834583998855,103
2024-09-20 09:56:41.025000,423.77540662921774,997
2024-09-20 09:56:41.088000,423.7634172570533,96
2024-09-20 09:56:41.124000,423.7913849383372,1004
2024-09-20 09:56:41.131000,423.7774392082281,15
2024-09-20 09:56:41.139000,423.7626975323298,10
2024-09-20 09:56:41.146000,423.7513729938819,1004
2024-09-20 09:56:41.146000,423.781292140992,1000
2024-09-20 09:56:41.159000,423.80152780695306,10
2024-09-20 09:56:41.212000,423.84874617045926,15
2024-09-20 09:56:41.301000,423.8376297610089,996
2024-09-20 09:56:41.310000,423.7849059055862,12
2024-09-20 09:56:41.478000,423.7930934578053,97
2024-09-20 09:56:41.480000,423.7919786730171,99
2024-09-20 09:56:41.513000,423.7729441408691,102
2024-09-20 09:56:41.526000,423.8461304590844,104
2024-09-20 09:56:41.536000,423.7639400433511,7
2024-09-20 09:56:41.591000,423.7821358634136,104
2024-09-20 09:56:41.613000,423.836225943546,100
2024-09-20 09:56:41.647000,423.8530419673813,98
2024-09-20 09:56:41.673000,423.8427628241566,996
2024-09-20 09:56:41.700000,423.8436557649942,996
2024-09-20 09:56:41.713000,423.85053658430667,97
2024-09-20 09:56:41.760000,423.8351838507039,1001
2024-09-20 09:56:41.805000,423.85086645374463,1000
2024-09-20 09:56:41.808000,423.81284601773086,104
2024-09-20 09:56:41.935000,423.76412257080585,96
2024-09-20 09:56:41.960000,423.8381693696571,9
2024-09-20 09:56:41.998000,423.8287928932171,1002
2024-09-20 09:56:42.014000,423.910710882028,96
2024-09-20 09:56:42.052000,423.90859776045176,96
2024-09-20 09:56:42.143000,423.8695907907745,97
2024-09-20 09:56:42.233000,423.8805408256585,103
2024-09-20 09:56:42.259000,423.87557596306726,1001
2024-09-20 09:56:42.289000,423.9003616076332,996
2024-09-20 09:56:42.307000,423.92584664948026,104
2024-09-20 09:56:42.317000,423.8740829266919,99
2024-09-20 09:56:42.382000,423.9007206895042,97
2024-09-20 09:56:42.491000,423.882843234376,997
2024-09-20 09:56:42.606000,423.9047687374978,998
2024-09-20 09:56:42.608000,423.9065628820336,1005
2024-09-20 09:56:42.609000,423.9203341076299,97
2024-09-20 09:56:42.809000,423.8686778264616,97
2024-09-20 09:56:42.835000,423.8605222560629,104
2024-09-20 09:56:42.859000,423.8596720371529,12
2024-09-20 09:56:43.033000,423.9324436643473,102
2024-09-20 09:56:43.035000,423.9020795191181,98
2024-09-20 09:56:43.049000,423.8731553355602,103
2024-09-20 09:56:43.121000,423.9193364673564,103
2024-09-20 09:56:43.183000,423.9535479085783,10
2024-09-20 09:56:43.186000,423.8984397526049,99
2024-09-20 09:56:43.215000,423.9129812835052,996
2024-09-20 09:56:43.256000,423.9392664334137,103
2024-09-20 09:56:43.261000,423.9115077999353,997
2024-09-20 09:56:43.344000,423.9188788279746,6
2024-09-20 09:56:43.364000,423.9039373568113,5
2024-09-20 09:56:43.452000,423.9645248503481,15
2024-09-20 09:56:43.477000,423.8699709142848,1002
2024-09-20 09:56:43.497000,423.95440136259936,96
2024-09-20 09:56:43.521000,423.9382465457627,100
2024-09-20 09:56:43.523000,423.92657412415775,8
2024-09-20 09:56:43.531000,423.9733204874731,1003
2024-09-20 09:56:43.544000,423.8780893744216,96
2024-09-20 09:56:43.602000,423.9059962298935,9
2024-09-20 09:56:43.614000,423.9024133885025,997
2024-09-20 09:56:43.724000,423.9590470954031,98
2024-09-20 09:56:43.801000,423.922067204595,998
2024-09-20 09:56:43.837000,423.9657149861547,97
2024-09-20 09:56:43.918000,423.9195464831668,100
2024-09-20 09:56:43.920000,423.9172494106131,15
2024-09-20 09:56:43.932000,423.952024647292,996
2024-09-20 09:56:43.973000,423.97754234366187,6
2024-09-20 09:56:44.014000,423.9053036753298,1004
2024-09-20 09:56:44.087000,423.9175881096922,1005
2024-09-20 09:56:44.180000,423.8791252141508,95
2024-09-20 09:56:44.370000,423.89591680305824,999
2024-09-20 09:56:44.705000,423.9073191994462,7
2024-09-20 09:56:44.871000,423.9058951180677,104
2024-09-20 09:56:44.871000,423.89269161202,12
2024-09-20 09:56:44.883000,423.9326392234227,98
2024-09-20 09:56:45.021000,423.88451573896873,8
2024-09-20 09:56:45.038000,423.9118323829704,1002
2024-09-20 09:56:45.173000,423.8972289437912,105
2024-09-20 09:56:45.252000,423.92246998132623,996
2024-09-20 09:56:45.268000,423.91516897088894,999
2024-09-20 09:56:45.295000,423.9099543207901,13
2024-09-20 09:56:45.315000,423.9353902622032,13
2024-09-20 09:56:45.347000,423.8894249856946,95
2024-09-20 09:56:45.463000,423.8544534453914,97
2024-09-20 09:56:45.521000,423.9127038545752,1005
2024-09-20 09:56:45.539000,423.88633824838575,96
2024-09-20 09:56:45.663000,423.8743974096722,11
2024-09-20 09:56:45.663000,423.91569363668,105
2024-09-20 09:56:45.773000,423.8992573489683,998
2024-09-20 09:56:45.785000,423.8603917558068,1004
2024-09-20 09:56:45.804000,423.9100709411958,12
2024-09-20 09:56:45.925000,423.8872737145836,97
2024-09-20 09:56:45.939000,423.91595128469,999
2024-09-20 09:56:45.951000,423.903373520046,9
2024-09-20 09:56:45.979000,423.9066498340966,996
2024-09-20 09:56:46.087000,423.939471430608,998
2024-09-20 09:56:46.109000,423.808557910761,100
2024-09-20 09:56:46.140000,423.9494220221913,1000
2024-09-20 09:56:46.156000,423.9460142740238,98
2024-09-20 09:56:46.196000,423.92200496111934,9
2024-09-20 09:56:46.206000,423.95021818778986,6
2024-09-20 09:56:46.212000,423.9382239191335,96
2024-09-20 09:56:46.216000,423.9418720333281,102
2024-09-20 09:56:46.239000,423.9125901771602,10
2024-09-20 09:56:46.314000,423.87663295621786,103
2024-09-20 09:56:46.316000,423.9261126213161,1005
2024-09-20 09:56:46.419000,423.9228937127451,995
2024-09-20 09:56:46.472000,423.8701396324509,97
2024-09-20 09:56:46.529000,423.8994202596534,98
2024-09-20 09:56:46.677000,423.8990436600543,105
2024-09-20 09:56:46.686000,423.94318220587246,15
2024-09-20 09:56:46.717000,423.9219728528007,6
2024-09-20 09:56:46.852000,423.91747370439055,1001
2024-09-20 09:56:46.883000,423.9380073620407,996
2024-09-20 09:56:46.909000,423.83875282513645,104
2024-09-20 09:56:46.982000,423.83585801840974,1004
2024-09-20 09:56:46.983000,423.92805074661794,15
2024-09-20 09:56:46.996000,423.92897881805817,97
2024-09-20 09:56:47.235000,423.8083655710371,104
2024-09-20 09:56:47.397000,423.83366549846073,10
2024-09-20 09:56:47.406000,423.8353717057076,97
2024-09-20 09:56:47.426000,423.8300404478807,12
2024-09-20 09:56:47.477000,423.8321423614142,101
2024-09-20 09:56:47.593000,423.8155046542672,996
2024-09-20 09:56:47.608000,423.8220692888708,99
2024-09-20 09:56:47.633000,423.8184250609498,1002
2024-09-20 09:56:47.646000,423.8251254205887,102
2024-09-20 09:56:47.800000,423.8597421807321,98
2024-09-20 09:56:47.813000,423.8353629720637,1002
2024-09-20 09:56:47.940000,423.8125916464168,95
2024-09-20 09:56:48.087000,423.7654884119928,12
2024-09-20 09:56:48.103000,423.7796653444789,997
2024-09-20 09:56:48.124000,423.8016730554005,10
2024-09-20 09:56:48.132000,423.77258784437606,99
2024-09-20 09:56:48.203000,423.7870408038843,7
2024-09-20 09:56:48.228000,423.775541247916,98
2024-09-20 09:56:48.268000,423.7502675719349,997
2024-09-20 09:56:48.358000,423.8578953898197,15
2024-09-20 09:56:48.402000,423.8370101581639,998
2024-09-20 09:56:48.416000,423.8403854695167,11
2024-09-20 09:56:48.497000,423.8541186603852,15
2024-09-20 09:56:48.569000,423.81069130940085,1003
2024-09-20 09:56:48.573000,423.8389268553449,1005
2024-09-20 09:56:48.608000,423.7884169045431,1004
2024-09-20 09:56:48.613000,423.8491713308951,11
2024-09-20 09:56:48.626000,423.83251633072166,103
2024-09-20 09:56:48.633000,423.81922813649845,1004
2024-09-20 09:56:48.635000,423.7885264608773,999
2024-09-20 09:56:48.698000,423.8270157679162,1004
2024-09-20 09:56:48.753000,423.8483998351527,102
2024-09-20 09:56:48.760000,423.7490769038248,12
2024-09-20 09:56:48.789000,423.81573187286034,14
2024-09-20 09:56:48.835000,423.8345213269005,10
2024-09-20 09:56:48.975000,423.77571431549984,102
2024-09-20 09:56:48.992000,423.858821536048,100
2024-09-20 09:56:49.761000,423.8022917966734,13
2024-09-20 09:56:49.971000,423.85439313235753,12
2024-09-20 09:56:50.200000,423.8526421555015,98
2024-09-20 09:56:50.268000,423.84402611052974,100
2024-09-20 09:56:50.322000,423.8808230880372,1004
2024-09-20 09:56:50.385000,423.82372916612303,8
2024-09-20 09:56:50.431000,423.82850284328674,15
2024-09-20 09:56:50.444000,423.85681784806985,1005
2024-09-20 09:56:50.457000,423.83685830504777,1004
2024-09-20 09:56:50.581000,423.8463311920801,13
2024-09-20 09:56:50.593000,423.82366713234,7
2024-09-20 09:56:50.659000,423.84848998313095,1005
2024-09-20 09:56:50.661000,423.84829506455503,1004
2024-09-20 09:56:50.667000,423.86222097202574,11
2024-09-20 09:56:50.758000,423.8668676686083,1001
2024-09-20 09:56:50.767000,423.8554516391275,1005
2024-09-20 09:56:50.829000,423.852564726488,995
2024-09-20 09:56:50.829000,423.8370048035735,103
2024-09-20 09:56:50.838000,423.8577848944413,6
2024-09-20 09:56:50.874000,423.86978505156463,1004
2024-09-20 09:56:51.053000,423.8204820774604,997
2024-09-20 09:56:51.062000,423.85322893058856,10
2024-09-20 09:56:51.089000,423.84621194648565,996
2024-09-20 09:56:51.109000,423.8447299819067,996
2024-09-20 09:56:51.236000,423.8264699366195,9
2024-09-20 09:56:51.248000,423.8072950599493,102
2024-09-20 09:56:51.289000,423.7993019448389,996
2024-09-20 09:56:51.341000,423.8628751566404,105
2024-09-20 09:56:51.393000,423.8561022763956,7
2024-09-20 09:56:51.411000,423.8036858318078,103
2024-09-20 09:56:51.438000,423.8598413434228,104
2024-09-20 09:56:51.520000,423.8232587770414,6
2024-09-20 09:56:51.587000,423.7954230898396,13
2024-09-20 09:56:51.618000,423.82399565590094,97
2024-09-20 09:56:51.722000,423.7975485704584,15
2024-09-20 09:56:51.725000,423.821946214626,100
2024-09-20 09:56:51.738000,423.8682637197181,998
2024-09-20 09:56:51.956000,423.80061250389326,104
2024-09-20 09:56:51.999000,423.8219268666493,1003
2024-09-20 09:56:52.030000,423.8514456022848,999
2024-09-20 09:56:52.061000,423.83341494847,95
2024-09-20 09:56:52.069000,423.8464210188405,13
2024-09-20 09:56:52.075000,423.8392863405175,1004
2024-09-20 09:56:52.084000,423.7884371457266,102
2024-09-20 09:56:52.218000,423.7870595684327,101
2024-09-20 09:56:52.249000,423.7938626279562,12
2024-09-20 09:56:52.269000,423.8044054443997,103
2024-09-20 09:56:52.326000,423.7899239203571,10
2024-09-20 09:56:52.394000,423.7931091328729,98
2024-09-20 09:56:52.451000,423.86817882120863,12
2024-09-20 09:56:52.606000,423.8146997563714,1000
2024-09-20 09:56:52.634000,423.79035235707386,1000
2024-09-20 09:56:52.656000,423.8105066000396,14
2024-09-20 09:56:52.718000,423.7927006930354,1003
2024-09-20 09:56:52.743000,423.8142250515868,95
2024-09-20 09:56:52.817000,423.80341621565975,15
2024-09-20 09:56:52.932000,423.8226155486814,98
2024-09-20 09:56:52.961000,423.7956306599304,105
2024-09-20 09:56:52.974000,423.8306162956885,15
2024-09-20 09:56:52.998000,423.7858233000369,12
2024-09-20 09:56:53.377000,423.80617207110873,13
2024-09-20 09:56:53.661000,423.79271780705,95
2024-09-20 09:56:53.896000,423.8011861594319,9
2024-09-20 09:56:54.055000,423.785568996536,7
2024-09-20 09:56:54.068000,423.7345569316669,1001
2024-09-20 09:56:54.089000,423.7728077019705,99
2024-09-20 09:56:54.096000,423.7286618123327,12
2024-09-20 09:56:54.427000,423.7613477215483,95
2024-09-20 09:56:54.465000,423.7218557614359,96
2024-09-20 09:56:54.528000,423.7366336734641,996
2024-09-20 09:56:54.554000,423.7307422395573,10
2024-09-20 09:56:54.696000,423.7389151413246,11
2024-09-20 09:56:54.700000,423.7455885479988,1001
2024-09-20 09:56:54.772000,423.7680244222162,5
2024-09-20 09:56:54.783000,423.7700426769977,5
2024-09-20 09:56:54.886000,423.7598419015762,1002
2024-09-20 09:56:54.939000,423.731754797463,99
2024-09-20 09:56:55.047000,423.7546602706073,1002
2024-09-20 09:56:55.076000,423.76857623706553,1001
2024-09-20 09:56:55.088000,423.7925841333176,95
2024-09-20 09:56:55.118000,423.7949280139064,14
2024-09-20 09:56:55.203000,423.7602150493583,9
2024-09-20 09:56:55.209000,423.7575231172452,999
2024-09-20 09:56:55.277000,423.77859829731904,100
2024-09-20 09:56:55.361000,423.7502623931668,995
2024-09-20 09:56:55.369000,423.78421387966,105
2024-09-20 09:56:55.427000,423.77256525402817,12
2024-09-20 09:56:55.444000,423.7756178708213,11
2024-09-20 09:56:55.511000,423.7808006606624,1002
2024-09-20 09:56:55.540000,423.76686724211214,995
2024-09-20 09:56:55.610000,423.7800539801401,97
2024-09-20 09:56:55.670000,423.78383299224674,97
2024-09-20 09:56:55.683000,423.7746604033092,999
2024-09-20 09:56:55.769000,423.7492088341029,9
2024-09-20 09:56:55.931000,423.7535998583232,999
2024-09-20 09:56:55.991000,423.7695396200765,98
2024-09-20 09:56:56.008000,423.6954285608822,8
2024-09-20 09:56:56.188000,423.758522766048,7
2024-09-20 09:56:56.336000,423.7802480827053,12
2024-09-20 09:56:56.339000,423.72789944406384,9
2024-09-20 09:56:56.420000,423.7229339866866,998
2024-09-20 09:56:56.425000,423.7713633099624,98
2024-09-20 09:56:56.525000,423.7748513699024,996
2024-09-20 09:56:56.756000,423.7719099480757,95
2024-09-20 09:56:56.948000,423.7190879365021,8
2024-09-20 09:56:56.962000,423.7798258411905,997
2024-09-20 09:56:57.074000,423.6777450839557,996
2024-09-20 09:56:57.201000,423.6436951677797,1001
2024-09-20 09:56:57.203000,423.6515418156028,103
2024-09-20 09:56:57.250000,423.68955007215146,95
2024-09-20 09:56:57.253000,423.6578901226691,14
2024-09-20 09:56:57.268000,423.6590283723644,7
2024-09-20 09:56:57.294000,423.6592911706719,7
2024-09-20 09:56:57.314000,423.6401790655663,996
2024-09-20 09:56:57.335000,423.6479039461895,102
2024-09-20 09:56:57.340000,423.6444372807114,11
2024-09-20 09:56:57.374000,423.66839870129735,102
2024-09-20 09:56:57.498000,423.6614092570907,100
2024-09-20 09:56:57.511000,423.66040224355663,103
2024-09-20 09:56:57.526000,423.66882297320177,1001
2024-09-20 09:56:57.540000,423.6676333996662,100
2024-09-20 09:56:57.609000,423.6392543318708,7
2024-09-20 09:56:57.635000,423.65614610296336,1002
2024-09-20 09:56:57.677000,423.6505452378588,6
2024-09-20 09:56:57.684000,423.6794945831985,104
2024-09-20 09:56:57.687000,423.6637957460935,6
2024-09-20 09:56:57.725000,423.679200667233,6
2024-09-20 09:56:57.732000,423.65495234732913,100
2024-09-20 09:56:57.745000,423.6708328447024,102
2024-09-20 09:56:57.817000,423.6639242788422,1005
2024-09-20 09:56:57.818000,423.6656208761,9
2024-09-20 09:56:57.848000,423.6610136627383,15
2024-09-20 09:56:57.964000,423.6900854797444,15
2024-09-20 09:56:57.976000,423.67168719585686,1001
2024-09-20 09:56:58.111000,423.663745148091,14
2024-09-20 09:56:58.144000,423.6294154881227,12
2024-09-20 09:56:58.161000,423.62860276680215,12
2024-09-20 09:56:58.224000,423.6274850694405,104
2024-09-20 09:56:58.286000,423.6588750217121,11
2024-09-20 09:56:58.287000,423.6437153664854,10
2024-09-20 09:56:58.322000,423.6164026077473,98
2024-09-20 09:56:58.388000,423.6322004721852,7
2024-09-20 09:56:58.513000,423.6239760035079,105
2024-09-20 09:56:58.559000,423.6344395265401,8
2024-09-20 09:56:58.580000,423.6642280618275,1004
2024-09-20 09:56:58.602000,423.6684168256456,98
2024-09-20 09:56:58.669000,423.6345000688629,6
2024-09-20 09:56:58.697000,423.6766617757508,101
2024-09-20 09:56:58.744000,423.6234356837642,997
2024-09-20 09:56:58.807000,423.6760016266184,102
2024-09-20 09:56:58.812000,423.6507203428652,12
2024-09-20 09:56:58.903000,423.6237393282666,996
2024-09-20 09:56:58.948000,423.63735589967285,13
2024-09-20 09:56:58.999000,423.6300741181281,102
2024-09-20 09:56:59.030000,423.63973476627456,12
2024-09-20 09:56:59.285000,423.6362119576921,103
2024-09-20 09:56:59.489000,423.6293553466143,104
2024-09-20 09:56:59.863000,423.6332497311009,8
2024-09-20 09:56:59.875000,423.6401091713468,1003
2024-09-20 09:56:59.884000,423.6250580869521,1000
2024-09-20 09:56:59.903000,423.6383163570328,100
