Timestamp,Price,Size
2024-09-19 10:08:00.049000,418.577516739589,100
2024-09-19 10:08:00.203000,418.5834627558136,97
2024-09-19 10:08:00.270000,418.56486639049393,98
2024-09-19 10:08:00.333000,418.5896827623188,995
2024-09-19 10:08:00.334000,418.568580205014,1005
2024-09-19 10:08:00.434000,418.60338708346217,102
2024-09-19 10:08:00.444000,418.6162174923732,1003
2024-09-19 10:08:00.446000,418.56829323865935,1003
2024-09-19 10:08:00.447000,418.5357390686494,102
2024-09-19 10:08:00.458000,418.5625083554784,97
2024-09-19 10:08:00.486000,418.6111483328502,95
2024-09-19 10:08:00.507000,418.5673902460224,8
2024-09-19 10:08:00.510000,418.5614894925644,7
2024-09-19 10:08:00.566000,418.57198101577865,1001
2024-09-19 10:08:00.653000,418.5666761450279,996
2024-09-19 10:08:00.664000,418.5813752908446,998
2024-09-19 10:08:00.692000,418.5935540701919,10
2024-09-19 10:08:00.696000,418.53024933445806,1002
2024-09-19 10:08:00.732000,418.5818845244722,104
2024-09-19 10:08:00.771000,418.5962094723301,99
2024-09-19 10:08:00.795000,418.5398300064499,97
2024-09-19 10:08:00.797000,418.5515773613297,10
2024-09-19 10:08:00.820000,418.5974122101399,98
2024-09-19 10:08:00.876000,418.5635533864617,96
2024-09-19 10:08:00.891000,418.54694079939617,1000
2024-09-19 10:08:00.999000,418.5766741149172,15
2024-09-19 10:08:01.003000,418.4976354764312,9
2024-09-19 10:08:01.096000,418.49692323030496,14
2024-09-19 10:08:01.123000,418.5054861155042,997
2024-09-19 10:08:01.133000,418.518884552635,15
2024-09-19 10:08:01.140000,418.5473352650481,1002
2024-09-19 10:08:01.197000,418.5307852792563,998
2024-09-19 10:08:01.283000,418.53185963789,11
2024-09-19 10:08:01.324000,418.5047971401041,13
2024-09-19 10:08:01.355000,418.5112966948759,1001
2024-09-19 10:08:01.390000,418.5008102125139,1003
2024-09-19 10:08:01.595000,418.5125769550221,995
2024-09-19 10:08:01.615000,418.5063777079053,1002
2024-09-19 10:08:01.618000,418.5326887350032,998
2024-09-19 10:08:01.651000,418.530357142059,6
2024-09-19 10:08:01.673000,418.5202062949878,95
2024-09-19 10:08:01.763000,418.5236556700109,95
2024-09-19 10:08:01.764000,418.5268374515861,1003
2024-09-19 10:08:01.840000,418.5099462364441,99
2024-09-19 10:08:03.261000,418.5076139206268,15
2024-09-19 10:08:03.339000,418.5168973653463,5
2024-09-19 10:08:03.388000,418.5281360748022,105
2024-09-19 10:08:03.403000,418.5210040099006,8
2024-09-19 10:08:03.407000,418.5154472560893,8
2024-09-19 10:08:03.407000,418.5063921068143,998
2024-09-19 10:08:03.449000,418.5387665361829,995
2024-09-19 10:08:03.502000,418.4993137892138,1000
2024-09-19 10:08:03.510000,418.50192678874765,13
2024-09-19 10:08:03.582000,418.5186200740818,1002
2024-09-19 10:08:03.664000,418.5497075247397,15
2024-09-19 10:08:03.763000,418.5156453896937,1000
2024-09-19 10:08:03.807000,418.5393911766795,102
2024-09-19 10:08:03.892000,418.4993164768944,15
2024-09-19 10:08:03.917000,418.5159265326324,101
2024-09-19 10:08:03.948000,418.5181381169681,995
2024-09-19 10:08:05.098000,418.53285852903326,103
2024-09-19 10:08:05.522000,418.5283247680204,105
2024-09-19 10:08:05.807000,418.5258167676852,1002
2024-09-19 10:08:06.080000,418.5384972661838,1002
2024-09-19 10:08:06.125000,418.5020579614429,95
2024-09-19 10:08:06.131000,418.5589982665392,9
2024-09-19 10:08:06.187000,418.5326553494577,5
2024-09-19 10:08:06.231000,418.490742344315,96
2024-09-19 10:08:06.243000,418.5322275723694,11
2024-09-19 10:08:06.398000,418.51111814109424,997
2024-09-19 10:08:06.408000,418.489050964761,12
2024-09-19 10:08:06.412000,418.5404047388864,96
2024-09-19 10:08:06.441000,418.5287883119343,10
2024-09-19 10:08:06.505000,418.5212122370508,104
2024-09-19 10:08:06.530000,418.5305605064121,1001
2024-09-19 10:08:06.535000,418.4952595429549,8
2024-09-19 10:08:06.539000,418.524997273772,98
2024-09-19 10:08:06.551000,418.5072935512521,102
2024-09-19 10:08:06.551000,418.54932296823,998
2024-09-19 10:08:06.562000,418.5037799419198,96
2024-09-19 10:08:06.603000,418.4942041700593,101
2024-09-19 10:08:06.636000,418.5457819843712,8
2024-09-19 10:08:06.639000,418.5150252324928,7
2024-09-19 10:08:06.659000,418.5045782197963,1003
2024-09-19 10:08:06.690000,418.5011608017133,9
2024-09-19 10:08:06.716000,418.53812093750224,102
2024-09-19 10:08:06.741000,418.5014968632658,1005
2024-09-19 10:08:06.752000,418.56789362393937,8
2024-09-19 10:08:06.791000,418.496572286673,1003
2024-09-19 10:08:06.988000,418.48815550601967,99
2024-09-19 10:08:07.022000,418.5339020145803,5
2024-09-19 10:08:07.205000,418.5261911416741,998
2024-09-19 10:08:07.205000,418.5048824441367,96
2024-09-19 10:08:07.243000,418.5275052603936,102
2024-09-19 10:08:07.428000,418.5163422908165,104
2024-09-19 10:08:07.549000,418.5145672105856,10
2024-09-19 10:08:07.565000,418.5234262146177,1000
2024-09-19 10:08:07.726000,418.5028461385078,1005
2024-09-19 10:08:07.793000,418.5251651243397,7
2024-09-19 10:08:07.840000,418.5172279899096,103
2024-09-19 10:08:07.870000,418.53517432967976,13
2024-09-19 10:08:07.903000,418.53727395634286,995
2024-09-19 10:08:07.980000,418.5091555092825,100
2024-09-19 10:08:07.997000,418.52616623582367,103
2024-09-19 10:08:08.040000,418.5226037758131,10
2024-09-19 10:08:08.073000,418.5356630370537,995
2024-09-19 10:08:08.207000,418.53848488754346,10
2024-09-19 10:08:08.220000,418.5261699619186,1004
2024-09-19 10:08:08.300000,418.551477574198,104
2024-09-19 10:08:08.345000,418.54252919414864,995
2024-09-19 10:08:08.390000,418.5367541991169,995
2024-09-19 10:08:08.444000,418.5417418419918,1003
2024-09-19 10:08:08.514000,418.531448310027,8
2024-09-19 10:08:08.600000,418.5317154286019,997
2024-09-19 10:08:08.613000,418.5365543303367,13
2024-09-19 10:08:08.623000,418.5349108100287,15
2024-09-19 10:08:08.698000,418.5219059042541,998
2024-09-19 10:08:08.714000,418.5222547979188,997
2024-09-19 10:08:08.764000,418.5619401116887,1000
2024-09-19 10:08:08.779000,418.5306610688549,102
2024-09-19 10:08:08.848000,418.5409103638554,7
2024-09-19 10:08:08.878000,418.5631237605661,11
2024-09-19 10:08:08.881000,418.5300515867828,99
2024-09-19 10:08:08.918000,418.55575071434464,99
2024-09-19 10:08:08.930000,418.5301025849692,103
2024-09-19 10:08:08.978000,418.5139724654324,996
2024-09-19 10:08:10.064000,418.5499463058468,12
2024-09-19 10:08:10.144000,418.5988896621545,99
2024-09-19 10:08:10.170000,418.58278819082057,997
2024-09-19 10:08:10.192000,418.6309063565113,98
2024-09-19 10:08:10.229000,418.59859652226,999
2024-09-19 10:08:10.258000,418.5882482848921,1001
2024-09-19 10:08:10.297000,418.5693274239858,8
2024-09-19 10:08:10.329000,418.6148179018328,100
2024-09-19 10:08:10.551000,418.6193893250915,1001
2024-09-19 10:08:10.709000,418.5589790536841,100
2024-09-19 10:08:10.732000,418.5595466917591,12
2024-09-19 10:08:10.813000,418.578968507685,1005
2024-09-19 10:08:10.816000,418.6027205520549,100
2024-09-19 10:08:10.895000,418.606040537954,8
2024-09-19 10:08:10.899000,418.56589673849726,1002
2024-09-19 10:08:10.909000,418.6174905963007,1002
2024-09-19 10:08:11.085000,418.6144376835414,98
2024-09-19 10:08:11.123000,418.6240901710552,11
2024-09-19 10:08:11.327000,418.60001904469937,996
2024-09-19 10:08:11.359000,418.6424456582547,96
2024-09-19 10:08:11.482000,418.642746865453,100
2024-09-19 10:08:11.536000,418.621457483713,1001
2024-09-19 10:08:11.594000,418.63388252926063,8
2024-09-19 10:08:11.653000,418.6115453173815,5
2024-09-19 10:08:11.711000,418.6162374719797,996
2024-09-19 10:08:11.771000,418.5979423938,102
2024-09-19 10:08:11.827000,418.6347038372992,15
2024-09-19 10:08:11.885000,418.63777304009113,5
2024-09-19 10:08:12.036000,418.6604228050901,997
2024-09-19 10:08:12.043000,418.6533334852156,1003
2024-09-19 10:08:12.093000,418.65055243604206,6
2024-09-19 10:08:12.094000,418.616230872348,999
2024-09-19 10:08:12.198000,418.64584584833307,104
2024-09-19 10:08:12.209000,418.6339002875181,96
2024-09-19 10:08:12.227000,418.6438412310784,996
2024-09-19 10:08:12.359000,418.6511447337693,99
2024-09-19 10:08:12.370000,418.63415276017565,97
2024-09-19 10:08:12.703000,418.6319304178154,99
2024-09-19 10:08:12.864000,418.6390363638176,101
2024-09-19 10:08:12.936000,418.6443655848485,101
2024-09-19 10:08:13,418.67965918810455,1002
2024-09-19 10:08:13.038000,418.6762660462073,5
2024-09-19 10:08:13.135000,418.6648390126558,6
2024-09-19 10:08:13.142000,418.6757923365845,95
2024-09-19 10:08:13.172000,418.66934355392624,13
2024-09-19 10:08:13.224000,418.6809326180346,1003
2024-09-19 10:08:13.266000,418.66341611238096,1000
2024-09-19 10:08:13.274000,418.6539203161653,8
2024-09-19 10:08:13.295000,418.6497740942033,1005
2024-09-19 10:08:13.321000,418.6280990175618,1003
2024-09-19 10:08:13.346000,418.64577527393055,99
2024-09-19 10:08:13.428000,418.6330520904644,995
2024-09-19 10:08:13.483000,418.6819878438493,1000
2024-09-19 10:08:13.492000,418.6621523049821,1002
2024-09-19 10:08:13.582000,418.66625638761286,1001
2024-09-19 10:08:13.599000,418.6611936175357,9
2024-09-19 10:08:13.646000,418.657957185396,1001
2024-09-19 10:08:13.714000,418.6635792737524,105
2024-09-19 10:08:13.747000,418.6675695365696,95
2024-09-19 10:08:13.772000,418.665974463816,102
2024-09-19 10:08:13.783000,418.6598378073929,8
2024-09-19 10:08:13.797000,418.6326493927888,6
2024-09-19 10:08:13.851000,418.6025650144898,103
2024-09-19 10:08:13.872000,418.6645288538841,5
2024-09-19 10:08:13.915000,418.6650694928084,11
2024-09-19 10:08:13.982000,418.61944907494217,102
2024-09-19 10:08:14.383000,418.6575069977601,98
2024-09-19 10:08:14.395000,418.6635968365594,996
2024-09-19 10:08:14.402000,418.6565954552378,97
2024-09-19 10:08:14.432000,418.630583547089,14
2024-09-19 10:08:14.435000,418.64301002202274,100
2024-09-19 10:08:14.498000,418.6485510217258,104
2024-09-19 10:08:14.688000,418.6462241851965,12
2024-09-19 10:08:14.700000,418.6156729963177,999
2024-09-19 10:08:14.797000,418.6260670421168,104
2024-09-19 10:08:15.055000,418.6474462932869,9
2024-09-19 10:08:15.114000,418.61403874676586,7
2024-09-19 10:08:15.425000,418.6352239551208,95
2024-09-19 10:08:15.525000,418.647869653678,12
2024-09-19 10:08:15.547000,418.6275194983426,99
2024-09-19 10:08:15.596000,418.5945606934861,1005
2024-09-19 10:08:15.630000,418.6529471960631,13
2024-09-19 10:08:15.687000,418.6527348215436,5
2024-09-19 10:08:15.694000,418.6489228256698,15
2024-09-19 10:08:15.819000,418.6127262608747,95
2024-09-19 10:08:16.001000,418.6454136898704,996
2024-09-19 10:08:16.154000,418.6404293328257,5
2024-09-19 10:08:16.258000,418.65055536601153,996
2024-09-19 10:08:16.603000,418.6380472176156,100
2024-09-19 10:08:16.762000,418.6480262803457,1004
2024-09-19 10:08:17.185000,418.6775376648753,98
2024-09-19 10:08:17.206000,418.67157392678473,997
2024-09-19 10:08:17.339000,418.6561052937834,11
2024-09-19 10:08:17.350000,418.6505844574045,1001
2024-09-19 10:08:17.411000,418.6403791909736,996
2024-09-19 10:08:17.441000,418.63350607371615,95
2024-09-19 10:08:17.540000,418.68621672241744,9
2024-09-19 10:08:17.629000,418.6543211404275,14
2024-09-19 10:08:17.733000,418.6688491108875,11
2024-09-19 10:08:17.755000,418.6642527960704,103
2024-09-19 10:08:18.442000,418.6307947959766,998
2024-09-19 10:08:19.074000,418.61941609565673,5
2024-09-19 10:08:19.114000,418.5875175538148,99
2024-09-19 10:08:19.158000,418.5879259051663,14
2024-09-19 10:08:19.230000,418.590063399369,15
2024-09-19 10:08:19.334000,418.591717537106,102
2024-09-19 10:08:19.409000,418.62894324554327,99
2024-09-19 10:08:19.447000,418.593558483782,1001
2024-09-19 10:08:19.448000,418.6265469699041,12
2024-09-19 10:08:19.473000,418.5936705852531,1004
2024-09-19 10:08:19.572000,418.5889370681761,9
2024-09-19 10:08:19.586000,418.5834424829854,999
2024-09-19 10:08:19.659000,418.60241557642047,998
2024-09-19 10:08:19.791000,418.5832297760044,1003
2024-09-19 10:08:19.821000,418.63403142804657,100
2024-09-19 10:08:19.921000,418.6245904762317,999
2024-09-19 10:08:19.982000,418.59182791007856,11
2024-09-19 10:08:19.998000,418.587664947213,15
2024-09-19 10:08:20.070000,418.62398280401857,1002
2024-09-19 10:08:20.372000,418.6365380357056,997
2024-09-19 10:08:20.455000,418.644982083585,11
2024-09-19 10:08:20.524000,418.6420186521552,101
2024-09-19 10:08:20.680000,418.6155324906492,995
2024-09-19 10:08:20.712000,418.6165687181964,7
2024-09-19 10:08:20.726000,418.6385274554156,998
2024-09-19 10:08:20.753000,418.6255849634517,996
2024-09-19 10:08:20.842000,418.6390875307815,1001
2024-09-19 10:08:20.851000,418.6347131328155,5
2024-09-19 10:08:20.990000,418.6261876830002,999
2024-09-19 10:08:21.031000,418.5049176742469,12
2024-09-19 10:08:21.072000,418.5426252653709,1001
2024-09-19 10:08:21.090000,418.55592564575153,1005
2024-09-19 10:08:21.094000,418.5544513772256,12
2024-09-19 10:08:21.143000,418.618854626662,97
2024-09-19 10:08:21.188000,418.6222454509849,13
2024-09-19 10:08:21.208000,418.5895027612334,104
2024-09-19 10:08:21.260000,418.5505033090771,10
2024-09-19 10:08:21.278000,418.5232327302918,1001
2024-09-19 10:08:21.293000,418.6035846101799,1002
2024-09-19 10:08:21.372000,418.506432066002,103
2024-09-19 10:08:21.393000,418.5753568323357,102
2024-09-19 10:08:21.476000,418.5164361796526,1001
2024-09-19 10:08:21.480000,418.618466128792,8
2024-09-19 10:08:21.539000,418.55281148012347,98
2024-09-19 10:08:21.552000,418.61912440360953,997
2024-09-19 10:08:21.566000,418.5109387777156,103
2024-09-19 10:08:21.608000,418.5227084990681,100
2024-09-19 10:08:21.661000,418.6158106828811,8
2024-09-19 10:08:21.668000,418.5322625636323,99
2024-09-19 10:08:21.763000,418.6069811879012,11
2024-09-19 10:08:21.764000,418.6386671345179,999
2024-09-19 10:08:21.828000,418.5974782567921,6
2024-09-19 10:08:21.900000,418.5615971809407,1005
2024-09-19 10:08:21.904000,418.6054268012051,102
2024-09-19 10:08:21.931000,418.53684506365937,12
2024-09-19 10:08:22.016000,418.5187114653001,100
2024-09-19 10:08:22.028000,418.49675660684267,5
2024-09-19 10:08:22.151000,418.50204140478246,997
2024-09-19 10:08:22.160000,418.5123520196133,96
2024-09-19 10:08:22.166000,418.4773388862364,98
2024-09-19 10:08:22.171000,418.5148774588096,1001
2024-09-19 10:08:22.228000,418.5236426506341,1002
2024-09-19 10:08:22.311000,418.5036454051635,98
2024-09-19 10:08:22.323000,418.50130688963816,97
2024-09-19 10:08:22.370000,418.5304912857673,998
2024-09-19 10:08:22.378000,418.51314791006206,96
2024-09-19 10:08:22.379000,418.4960770586454,1000
2024-09-19 10:08:22.422000,418.4790267736923,100
2024-09-19 10:08:22.424000,418.4768384996513,103
2024-09-19 10:08:22.479000,418.48401687453753,1003
2024-09-19 10:08:22.565000,418.482440870297,1005
2024-09-19 10:08:22.698000,418.5199422803167,97
2024-09-19 10:08:22.736000,418.5004087613468,1005
2024-09-19 10:08:22.767000,418.5177111834159,999
2024-09-19 10:08:22.835000,418.498861104068,1005
2024-09-19 10:08:22.839000,418.526826825018,101
2024-09-19 10:08:22.912000,418.48849775011087,95
2024-09-19 10:08:23.005000,418.4709339387194,1003
2024-09-19 10:08:23.142000,418.5026393475829,5
2024-09-19 10:08:23.161000,418.4872507929542,1002
2024-09-19 10:08:23.231000,418.487049090264,1002
2024-09-19 10:08:23.370000,418.5033128831848,997
2024-09-19 10:08:23.570000,418.5001919057074,99
2024-09-19 10:08:23.639000,418.4886205449519,95
2024-09-19 10:08:23.858000,418.4841478554468,12
2024-09-19 10:08:23.860000,418.47919332534417,996
2024-09-19 10:08:23.863000,418.4787262552599,1000
2024-09-19 10:08:23.894000,418.503202280894,102
2024-09-19 10:08:23.931000,418.4879630757351,102
2024-09-19 10:08:23.957000,418.505985122478,1005
2024-09-19 10:08:23.971000,418.4945801574828,101
2024-09-19 10:08:24.010000,418.47978859448193,105
2024-09-19 10:08:24.235000,418.4656461918785,997
2024-09-19 10:08:24.306000,418.4802957899781,14
2024-09-19 10:08:24.307000,418.4729717519226,13
2024-09-19 10:08:24.742000,418.4680464445978,10
2024-09-19 10:08:24.842000,418.4958434197841,15
2024-09-19 10:08:24.910000,418.5093670957607,1002
2024-09-19 10:08:24.971000,418.4714735165173,10
2024-09-19 10:08:25.169000,418.5374538068393,997
2024-09-19 10:08:25.290000,418.5267834484711,99
2024-09-19 10:08:25.537000,418.5358906170496,7
2024-09-19 10:08:25.652000,418.528505365344,103
2024-09-19 10:08:25.785000,418.51089491071775,995
2024-09-19 10:08:25.841000,418.5283610990237,14
2024-09-19 10:08:25.950000,418.5107719512948,12
2024-09-19 10:08:26.086000,418.5179215677976,96
2024-09-19 10:08:26.171000,418.51437926926695,104
2024-09-19 10:08:26.195000,418.435343527996,999
2024-09-19 10:08:26.196000,418.5166998277336,1003
2024-09-19 10:08:26.254000,418.4619055689176,996
2024-09-19 10:08:26.277000,418.55198840678094,101
2024-09-19 10:08:26.297000,418.53541363802697,6
2024-09-19 10:08:26.421000,418.5437757669417,98
2024-09-19 10:08:26.429000,418.53412085912527,99
2024-09-19 10:08:26.567000,418.5402036594539,103
2024-09-19 10:08:26.570000,418.4955398257016,8
2024-09-19 10:08:26.607000,418.4794590877132,101
2024-09-19 10:08:26.770000,418.5128233112074,999
2024-09-19 10:08:26.802000,418.4690623593453,996
2024-09-19 10:08:26.834000,418.5377818093292,9
2024-09-19 10:08:26.887000,418.4499017468202,1001
2024-09-19 10:08:26.915000,418.528738489205,8
2024-09-19 10:08:27.036000,418.4623847467034,14
2024-09-19 10:08:27.081000,418.495469262825,95
2024-09-19 10:08:27.102000,418.4526338379994,6
2024-09-19 10:08:27.338000,418.4394734261024,9
2024-09-19 10:08:27.421000,418.4515870153291,8
2024-09-19 10:08:27.443000,418.5053851655427,5
2024-09-19 10:08:27.531000,418.48933185922414,99
2024-09-19 10:08:27.553000,418.4386540335894,7
2024-09-19 10:08:27.585000,418.4912820515013,99
2024-09-19 10:08:27.661000,418.4379542141091,98
2024-09-19 10:08:27.725000,418.4518021450141,99
2024-09-19 10:08:27.798000,418.4802470522568,995
2024-09-19 10:08:27.802000,418.4577428592021,9
2024-09-19 10:08:27.894000,418.4776398431504,996
2024-09-19 10:08:27.895000,418.4566711863265,105
2024-09-19 10:08:28.044000,418.5155497378601,1005
2024-09-19 10:08:28.083000,418.532243358169,1000
2024-09-19 10:08:28.119000,418.56005206915,1001
2024-09-19 10:08:28.143000,418.570208292643,97
2024-09-19 10:08:28.181000,418.5223538996228,98
2024-09-19 10:08:28.196000,418.52279565645,1004
2024-09-19 10:08:28.197000,418.5564150251806,995
2024-09-19 10:08:28.198000,418.5062369315454,997
2024-09-19 10:08:28.228000,418.517800004788,999
2024-09-19 10:08:28.253000,418.5242254461783,11
2024-09-19 10:08:28.254000,418.52968760312814,95
2024-09-19 10:08:28.301000,418.5754405989978,996
2024-09-19 10:08:28.328000,418.53383774554914,1001
2024-09-19 10:08:28.366000,418.5688320611928,999
2024-09-19 10:08:28.382000,418.5094115374011,101
2024-09-19 10:08:28.414000,418.5399040175868,9
2024-09-19 10:08:28.458000,418.5373315651457,1003
2024-09-19 10:08:28.522000,418.5383795334489,104
2024-09-19 10:08:28.582000,418.5363303852256,999
2024-09-19 10:08:28.611000,418.5458009448838,13
2024-09-19 10:08:28.631000,418.5245659692885,101
2024-09-19 10:08:28.636000,418.5276218073677,1005
2024-09-19 10:08:28.736000,418.5589600777173,997
2024-09-19 10:08:28.833000,418.5368046874552,1002
2024-09-19 10:08:28.867000,418.5321712548159,1003
2024-09-19 10:08:28.935000,418.55499681833584,1002
2024-09-19 10:08:28.940000,418.50072897043526,97
2024-09-19 10:08:28.949000,418.5237633848918,15
2024-09-19 10:08:28.995000,418.5192347605053,14
2024-09-19 10:08:29.033000,418.571555901743,95
2024-09-19 10:08:29.043000,418.5859071538507,996
2024-09-19 10:08:29.057000,418.61573985636966,95
2024-09-19 10:08:29.120000,418.5615336964254,13
2024-09-19 10:08:29.139000,418.5765221358709,15
2024-09-19 10:08:29.250000,418.5744394440644,99
2024-09-19 10:08:29.269000,418.6020372481941,11
2024-09-19 10:08:29.332000,418.5560531689334,1002
2024-09-19 10:08:29.362000,418.60977940772943,13
2024-09-19 10:08:29.405000,418.6163016389799,5
2024-09-19 10:08:29.409000,418.5696910023271,1003
2024-09-19 10:08:29.420000,418.5886492505925,997
2024-09-19 10:08:29.420000,418.63569166389664,14
2024-09-19 10:08:29.462000,418.5599999186401,14
2024-09-19 10:08:29.542000,418.6118679161506,1005
2024-09-19 10:08:29.623000,418.59939034858667,5
2024-09-19 10:08:29.655000,418.5878378176736,10
2024-09-19 10:08:29.770000,418.58337200737503,14
2024-09-19 10:08:29.812000,418.57403770523086,998
2024-09-19 10:08:29.829000,418.5902181376164,104
2024-09-19 10:08:29.928000,418.6218525297109,5
2024-09-19 10:08:30.063000,418.6716979716999,1005
2024-09-19 10:08:30.083000,418.66757451926605,1003
2024-09-19 10:08:30.102000,418.680012166104,996
2024-09-19 10:08:30.216000,418.69787972145,10
2024-09-19 10:08:30.254000,418.6649545853079,11
2024-09-19 10:08:30.257000,418.6792856924166,999
2024-09-19 10:08:30.271000,418.6683122879999,5
2024-09-19 10:08:30.310000,418.69016773811273,1004
2024-09-19 10:08:30.357000,418.67591115011714,102
2024-09-19 10:08:30.366000,418.6434284597801,12
2024-09-19 10:08:30.368000,418.6742681398198,103
2024-09-19 10:08:30.572000,418.6657176614201,99
2024-09-19 10:08:30.599000,418.6826541560189,1002
2024-09-19 10:08:30.617000,418.6273298923266,996
2024-09-19 10:08:30.683000,418.652378158436,5
2024-09-19 10:08:30.728000,418.70375875027577,96
2024-09-19 10:08:30.754000,418.6953750846682,8
2024-09-19 10:08:30.754000,418.6853423907581,105
2024-09-19 10:08:30.928000,418.6361055526984,14
2024-09-19 10:08:30.976000,418.6689542107828,95
2024-09-19 10:08:31.032000,418.587891275405,999
2024-09-19 10:08:31.045000,418.5945793597414,105
2024-09-19 10:08:31.054000,418.6218196051319,95
2024-09-19 10:08:31.111000,418.5525209793452,5
2024-09-19 10:08:31.114000,418.5791796331871,7
2024-09-19 10:08:31.208000,418.6511790850613,101
2024-09-19 10:08:31.227000,418.6221910897781,1005
2024-09-19 10:08:31.362000,418.5743938625495,99
2024-09-19 10:08:31.380000,418.5787301074332,1002
2024-09-19 10:08:31.401000,418.6882282098449,1005
2024-09-19 10:08:31.447000,418.64222955521217,105
2024-09-19 10:08:31.455000,418.62893543518334,995
2024-09-19 10:08:31.504000,418.56297466890624,998
2024-09-19 10:08:31.579000,418.56455128001113,1004
2024-09-19 10:08:31.591000,418.5662668412735,5
2024-09-19 10:08:31.623000,418.6844619864599,12
2024-09-19 10:08:31.623000,418.60660602194434,13
2024-09-19 10:08:31.746000,418.6369540718337,97
2024-09-19 10:08:31.779000,418.5828967946564,998
2024-09-19 10:08:31.782000,418.601061917318,12
2024-09-19 10:08:31.793000,418.5764162272964,97
2024-09-19 10:08:31.799000,418.6406457131061,9
2024-09-19 10:08:31.916000,418.6180856873735,7
2024-09-19 10:08:31.938000,418.6135764885857,7
2024-09-19 10:08:31.940000,418.6973127549937,102
2024-09-19 10:08:31.969000,418.573242995183,13
2024-09-19 10:08:31.989000,418.5446447659239,96
2024-09-19 10:08:32.066000,418.6285958225215,101
2024-09-19 10:08:32.096000,418.6451054352737,13
2024-09-19 10:08:32.099000,418.61420531326473,1004
2024-09-19 10:08:32.166000,418.6069134429004,97
2024-09-19 10:08:32.227000,418.6360319366834,95
2024-09-19 10:08:32.241000,418.63515330336696,998
2024-09-19 10:08:32.268000,418.6569515404095,12
2024-09-19 10:08:32.272000,418.61006678129775,104
2024-09-19 10:08:32.327000,418.6316471757802,97
2024-09-19 10:08:32.348000,418.5970673398522,7
2024-09-19 10:08:32.403000,418.6548532337793,995
2024-09-19 10:08:32.425000,418.6088660853033,997
2024-09-19 10:08:32.444000,418.6439393061882,997
2024-09-19 10:08:32.482000,418.6310157877791,102
2024-09-19 10:08:32.503000,418.6134240896534,1005
2024-09-19 10:08:32.552000,418.6362761140557,998
2024-09-19 10:08:32.563000,418.61388800294014,103
2024-09-19 10:08:32.565000,418.6156823734152,1001
2024-09-19 10:08:32.581000,418.60344390254056,14
2024-09-19 10:08:32.613000,418.628278877486,997
2024-09-19 10:08:32.641000,418.6190185583136,1000
2024-09-19 10:08:32.649000,418.6371313738886,101
2024-09-19 10:08:32.654000,418.6279123100149,1001
2024-09-19 10:08:32.820000,418.6538051571666,8
2024-09-19 10:08:32.897000,418.6111873359168,999
2024-09-19 10:08:32.963000,418.6541726433683,102
2024-09-19 10:08:33.005000,418.5681626644176,10
2024-09-19 10:08:33.228000,418.657433308808,6
2024-09-19 10:08:33.485000,418.6163105611709,11
2024-09-19 10:08:33.509000,418.6344548852029,995
2024-09-19 10:08:33.563000,418.62555899454384,96
2024-09-19 10:08:33.863000,418.6152904722129,104
2024-09-19 10:08:33.928000,418.63245442915866,996
2024-09-19 10:08:33.985000,418.6146385938157,1001
2024-09-19 10:08:33.986000,418.620505999513,101
2024-09-19 10:08:34.213000,418.5388874823377,10
2024-09-19 10:08:34.382000,418.5317749011305,105
2024-09-19 10:08:34.418000,418.52848571079744,96
2024-09-19 10:08:34.498000,418.5377122805072,996
2024-09-19 10:08:34.558000,418.5303585447432,14
2024-09-19 10:08:34.559000,418.5338546649469,1003
2024-09-19 10:08:34.623000,418.5579497913072,5
2024-09-19 10:08:34.729000,418.5300018481104,1003
2024-09-19 10:08:34.853000,418.5370598012356,1001
2024-09-19 10:08:34.909000,418.5362141605416,998
2024-09-19 10:08:34.943000,418.55672278898464,10
2024-09-19 10:08:35.024000,418.5882472262381,97
2024-09-19 10:08:35.099000,418.6314423076368,996
2024-09-19 10:08:35.152000,418.66840321291227,100
2024-09-19 10:08:35.262000,418.699781223474,8
2024-09-19 10:08:35.280000,418.6700503508615,103
2024-09-19 10:08:35.300000,418.6729388121518,1004
2024-09-19 10:08:35.332000,418.6489353985812,1001
2024-09-19 10:08:35.356000,418.6449960521607,97
2024-09-19 10:08:35.357000,418.6451985627922,999
2024-09-19 10:08:35.389000,418.68338965252855,1002
2024-09-19 10:08:35.411000,418.6475073384401,102
2024-09-19 10:08:35.419000,418.6754510834084,6
2024-09-19 10:08:35.447000,418.6148085618681,1001
2024-09-19 10:08:35.453000,418.6086630623074,1004
2024-09-19 10:08:35.474000,418.59551652622713,102
2024-09-19 10:08:35.536000,418.6651103673784,11
2024-09-19 10:08:35.539000,418.6188705138639,1002
2024-09-19 10:08:35.585000,418.5601677329731,8
2024-09-19 10:08:35.678000,418.6210992698173,104
2024-09-19 10:08:35.741000,418.6037520740664,103
2024-09-19 10:08:35.808000,418.6756703192268,96
2024-09-19 10:08:35.851000,418.6001620293995,998
2024-09-19 10:08:35.853000,418.6726960116262,8
2024-09-19 10:08:35.885000,418.68848236832656,7
2024-09-19 10:08:35.916000,418.6541339874053,97
2024-09-19 10:08:35.932000,418.6551967620431,5
2024-09-19 10:08:35.999000,418.69079707814456,996
2024-09-19 10:08:36.104000,418.6264132857075,6
2024-09-19 10:08:36.104000,418.657716190315,15
2024-09-19 10:08:36.183000,418.6474364974134,11
2024-09-19 10:08:36.210000,418.6384776602121,999
2024-09-19 10:08:36.231000,418.7128433080709,9
2024-09-19 10:08:36.340000,418.7064272117498,996
2024-09-19 10:08:36.344000,418.6504000228563,100
2024-09-19 10:08:36.357000,418.6767850061846,99
2024-09-19 10:08:36.384000,418.64434146233367,997
2024-09-19 10:08:36.426000,418.6635772793274,101
2024-09-19 10:08:36.444000,418.6316060718961,1003
2024-09-19 10:08:36.456000,418.6907550977733,11
2024-09-19 10:08:36.458000,418.6579887582644,999
2024-09-19 10:08:36.486000,418.6594188510207,97
2024-09-19 10:08:36.508000,418.6691384494584,101
2024-09-19 10:08:36.637000,418.6661708027819,8
2024-09-19 10:08:36.742000,418.6256275964274,6
2024-09-19 10:08:36.743000,418.6275480599161,104
2024-09-19 10:08:36.799000,418.6341241742465,7
2024-09-19 10:08:36.810000,418.6361696746175,100
2024-09-19 10:08:36.892000,418.69229252607926,995
2024-09-19 10:08:36.904000,418.65088610880457,100
2024-09-19 10:08:36.927000,418.6480642382116,100
2024-09-19 10:08:36.956000,418.6593431309875,1004
2024-09-19 10:08:36.969000,418.6560290239082,105
2024-09-19 10:08:36.993000,418.64308463906303,1001
2024-09-19 10:08:37.101000,418.6479183425646,9
2024-09-19 10:08:37.131000,418.6862774539805,95
2024-09-19 10:08:37.146000,418.67204562094383,1000
2024-09-19 10:08:37.163000,418.6758682850431,7
2024-09-19 10:08:37.173000,418.6634907450658,998
2024-09-19 10:08:37.204000,418.6702086186432,13
2024-09-19 10:08:37.242000,418.6344653508135,997
2024-09-19 10:08:37.321000,418.6766909404913,99
2024-09-19 10:08:37.507000,418.6428484430364,996
2024-09-19 10:08:37.511000,418.65241790803856,101
2024-09-19 10:08:37.636000,418.6522826118714,102
2024-09-19 10:08:37.789000,418.6582517967081,1003
2024-09-19 10:08:37.792000,418.649135651387,96
2024-09-19 10:08:37.794000,418.64450801696506,100
2024-09-19 10:08:37.817000,418.6751181297705,104
2024-09-19 10:08:37.821000,418.6819133956164,1005
2024-09-19 10:08:37.849000,418.6676395049976,998
2024-09-19 10:08:37.913000,418.67782737073225,14
2024-09-19 10:08:37.976000,418.6743295343503,995
2024-09-19 10:08:38.031000,418.7575624145579,8
2024-09-19 10:08:38.168000,418.70587054664986,99
2024-09-19 10:08:38.230000,418.6760911342094,1003
2024-09-19 10:08:38.257000,418.70058008532624,105
2024-09-19 10:08:38.456000,418.728344118098,995
2024-09-19 10:08:38.602000,418.7842794430968,105
2024-09-19 10:08:38.605000,418.757974229317,998
2024-09-19 10:08:38.634000,418.7343005716261,1005
2024-09-19 10:08:38.816000,418.71088295858834,5
2024-09-19 10:08:38.867000,418.6979493596058,12
2024-09-19 10:08:38.923000,418.773947414218,997
2024-09-19 10:08:39.009000,418.7835465957388,105
2024-09-19 10:08:39.025000,418.76041806430953,104
2024-09-19 10:08:39.075000,418.7701961280709,995
2024-09-19 10:08:39.120000,418.7198191817633,1001
2024-09-19 10:08:39.137000,418.7031860871722,996
2024-09-19 10:08:39.143000,418.6990981103184,998
2024-09-19 10:08:39.182000,418.745584344086,7
2024-09-19 10:08:39.200000,418.75655909294585,10
2024-09-19 10:08:39.228000,418.7602146872364,998
2024-09-19 10:08:39.277000,418.77937906180745,99
2024-09-19 10:08:39.426000,418.7482726304865,995
2024-09-19 10:08:39.443000,418.7706831449978,6
2024-09-19 10:08:39.563000,418.7451849193657,6
2024-09-19 10:08:39.592000,418.74804483049405,996
2024-09-19 10:08:39.631000,418.7768645762364,97
2024-09-19 10:08:39.688000,418.7118939992079,1003
2024-09-19 10:08:39.736000,418.772655555647,100
2024-09-19 10:08:39.749000,418.74350793380125,1004
2024-09-19 10:08:39.761000,418.7524635372599,5
2024-09-19 10:08:39.795000,418.7202340778293,14
2024-09-19 10:08:39.813000,418.77173077043744,100
2024-09-19 10:08:39.847000,418.7837753348463,96
2024-09-19 10:08:39.859000,418.7599962214567,95
2024-09-19 10:08:39.889000,418.7422534473407,95
2024-09-19 10:08:39.890000,418.7580407173824,11
2024-09-19 10:08:39.890000,418.70617888053175,999
2024-09-19 10:08:39.915000,418.7760244771514,100
2024-09-19 10:08:39.930000,418.731220755183,100
2024-09-19 10:08:39.951000,418.75228157318486,7
2024-09-19 10:08:40.066000,418.6819867483614,12
2024-09-19 10:08:40.149000,418.6910373086816,997
2024-09-19 10:08:40.248000,418.6931500511948,103
2024-09-19 10:08:40.381000,418.68478972316,102
2024-09-19 10:08:40.540000,418.68171439860674,1000
2024-09-19 10:08:40.605000,418.6928582211904,995
2024-09-19 10:08:40.691000,418.6827794936461,5
2024-09-19 10:08:40.849000,418.6895992193905,997
2024-09-19 10:08:40.931000,418.6775792745435,996
2024-09-19 10:08:41.081000,418.7070305887464,97
2024-09-19 10:08:41.139000,418.6636502903616,1004
2024-09-19 10:08:41.142000,418.6349095916275,11
2024-09-19 10:08:41.258000,418.6623038344588,999
2024-09-19 10:08:41.318000,418.7036036561652,9
2024-09-19 10:08:41.438000,418.7070546124576,1003
2024-09-19 10:08:41.467000,418.698022858992,1004
2024-09-19 10:08:41.471000,418.63495819748834,14
2024-09-19 10:08:41.557000,418.7267382753366,1001
2024-09-19 10:08:41.791000,418.6909902481491,97
2024-09-19 10:08:41.815000,418.7164966821332,7
2024-09-19 10:08:41.967000,418.6331011515936,6
2024-09-19 10:08:41.974000,418.6328002544861,998
2024-09-19 10:08:42.254000,418.65602690321646,1004
2024-09-19 10:08:42.298000,418.649418177905,998
2024-09-19 10:08:42.459000,418.6520454661221,7
2024-09-19 10:08:43.214000,418.6614540824417,1004
2024-09-19 10:08:43.396000,418.6492352873415,98
2024-09-19 10:08:43.412000,418.65834098647247,101
2024-09-19 10:08:43.418000,418.6685416191685,12
2024-09-19 10:08:43.455000,418.64415243821645,1000
2024-09-19 10:08:43.462000,418.6531942052417,13
2024-09-19 10:08:43.468000,418.6524547868057,102
2024-09-19 10:08:43.593000,418.6434995752177,15
2024-09-19 10:08:43.602000,418.6523622217597,97
2024-09-19 10:08:43.666000,418.6736980644391,10
2024-09-19 10:08:43.764000,418.65674321855454,7
2024-09-19 10:08:43.855000,418.6567517498175,96
2024-09-19 10:08:43.938000,418.6521464288096,1004
2024-09-19 10:08:43.999000,418.6233569461848,1001
2024-09-19 10:08:44.041000,418.60093160248925,12
2024-09-19 10:08:44.077000,418.5994820506558,104
2024-09-19 10:08:44.081000,418.6253644027908,13
2024-09-19 10:08:44.084000,418.619173527586,995
2024-09-19 10:08:44.096000,418.5649243600034,1000
2024-09-19 10:08:44.123000,418.60951313615226,12
2024-09-19 10:08:44.176000,418.5887806287277,1000
2024-09-19 10:08:44.329000,418.5962710753445,999
2024-09-19 10:08:44.335000,418.59033722824734,1003
2024-09-19 10:08:44.377000,418.55573981204026,997
2024-09-19 10:08:44.484000,418.6134169905858,1003
2024-09-19 10:08:44.571000,418.60927892546994,15
2024-09-19 10:08:44.582000,418.5957492107959,12
2024-09-19 10:08:44.744000,418.60058557786135,9
2024-09-19 10:08:44.766000,418.6256334875097,1000
2024-09-19 10:08:44.869000,418.5882342188473,11
2024-09-19 10:08:44.888000,418.5790984251879,97
2024-09-19 10:08:44.906000,418.6090947366824,96
2024-09-19 10:08:44.927000,418.6397115726826,102
2024-09-19 10:08:45.271000,418.6260637833655,11
2024-09-19 10:08:45.354000,418.6471736354619,1005
2024-09-19 10:08:45.395000,418.6619299258934,1001
2024-09-19 10:08:45.684000,418.6069458771569,1002
2024-09-19 10:08:45.856000,418.6757880763264,1003
2024-09-19 10:08:45.876000,418.6526818985259,97
2024-09-19 10:08:45.927000,418.6613316226124,15
2024-09-19 10:08:45.947000,418.6154808086615,1003
2024-09-19 10:08:46.053000,418.6881383211939,100
2024-09-19 10:08:46.321000,418.69733634735246,96
2024-09-19 10:08:46.369000,418.6888245906546,103
2024-09-19 10:08:46.563000,418.68092677616687,998
2024-09-19 10:08:46.701000,418.6745323491608,103
2024-09-19 10:08:46.903000,418.6833207281528,99
2024-09-19 10:08:47.371000,418.6701003112262,996
2024-09-19 10:08:47.439000,418.6816256152068,99
2024-09-19 10:08:47.487000,418.6806039040155,13
2024-09-19 10:08:47.615000,418.6768312969947,9
2024-09-19 10:08:47.662000,418.677261617048,1001
2024-09-19 10:08:48.042000,418.6070421856859,103
2024-09-19 10:08:48.094000,418.5910559949568,100
2024-09-19 10:08:48.116000,418.6082832892839,11
2024-09-19 10:08:48.119000,418.6391031161644,99
2024-09-19 10:08:48.175000,418.6746295628637,98
2024-09-19 10:08:48.176000,418.6703993423676,9
2024-09-19 10:08:48.304000,418.66455011328094,99
2024-09-19 10:08:48.311000,418.6565183442239,105
2024-09-19 10:08:48.319000,418.5838918934304,1005
2024-09-19 10:08:48.366000,418.5951776707161,995
2024-09-19 10:08:48.386000,418.6699357031683,1000
2024-09-19 10:08:48.393000,418.6742781232431,9
2024-09-19 10:08:48.393000,418.6224908848951,105
2024-09-19 10:08:48.405000,418.6759340233917,996
2024-09-19 10:08:48.405000,418.66166692550655,102
2024-09-19 10:08:48.460000,418.6748654457994,1000
2024-09-19 10:08:48.466000,418.6601560774473,105
2024-09-19 10:08:48.526000,418.5903761512421,15
2024-09-19 10:08:48.629000,418.5964838759287,995
2024-09-19 10:08:48.636000,418.6444482818343,13
2024-09-19 10:08:48.748000,418.6634810601333,99
2024-09-19 10:08:48.789000,418.6083832073259,996
2024-09-19 10:08:48.871000,418.66862866206753,999
2024-09-19 10:08:48.883000,418.5791987390282,96
2024-09-19 10:08:48.934000,418.59337127026527,96
2024-09-19 10:08:48.945000,418.68333286306506,10
2024-09-19 10:08:48.956000,418.6533034716318,104
2024-09-19 10:08:48.964000,418.6076227212224,96
2024-09-19 10:08:49.033000,418.6147646126898,999
2024-09-19 10:08:49.218000,418.6289539680433,1002
2024-09-19 10:08:49.221000,418.61191046798905,1004
2024-09-19 10:08:49.321000,418.61152074870114,95
2024-09-19 10:08:49.342000,418.5995299216333,1004
2024-09-19 10:08:49.345000,418.6258185411221,98
2024-09-19 10:08:49.387000,418.61342752662,9
2024-09-19 10:08:49.544000,418.60750854914335,100
2024-09-19 10:08:49.567000,418.61017792768246,5
2024-09-19 10:08:49.569000,418.6073521836486,100
2024-09-19 10:08:49.598000,418.6068822377026,997
2024-09-19 10:08:49.640000,418.6157650757004,999
2024-09-19 10:08:49.719000,418.6044448923293,103
2024-09-19 10:08:49.733000,418.6224415019457,12
2024-09-19 10:08:49.766000,418.6234231373096,1000
2024-09-19 10:08:49.774000,418.6231841232273,102
2024-09-19 10:08:49.779000,418.6130842173854,8
2024-09-19 10:08:49.811000,418.62304458158735,1003
2024-09-19 10:08:49.997000,418.6225794801914,998
2024-09-19 10:08:50.072000,418.6519494309696,12
2024-09-19 10:08:50.199000,418.66856573957705,1003
2024-09-19 10:08:50.435000,418.6496403610583,96
2024-09-19 10:08:50.491000,418.6484765186965,104
2024-09-19 10:08:50.604000,418.654413960556,103
2024-09-19 10:08:50.654000,418.6673852432441,1002
2024-09-19 10:08:50.881000,418.6659490351231,996
2024-09-19 10:08:51.021000,418.651796130444,12
2024-09-19 10:08:51.038000,418.6493580817959,1000
2024-09-19 10:08:51.098000,418.6750444777636,1000
2024-09-19 10:08:51.145000,418.67786879049714,997
2024-09-19 10:08:51.322000,418.66987396769287,98
2024-09-19 10:08:51.342000,418.6531099264022,995
2024-09-19 10:08:51.354000,418.6794529944493,7
2024-09-19 10:08:51.430000,418.65782540820254,15
2024-09-19 10:08:51.471000,418.676574108177,997
2024-09-19 10:08:51.471000,418.6646585097727,99
2024-09-19 10:08:51.561000,418.6789999637504,12
2024-09-19 10:08:51.589000,418.6674211378796,1002
2024-09-19 10:08:51.607000,418.6731459790256,7
2024-09-19 10:08:51.657000,418.6620339973215,9
2024-09-19 10:08:51.731000,418.6827754690117,14
2024-09-19 10:08:51.752000,418.6772122967405,10
2024-09-19 10:08:51.775000,418.6626416099796,1001
2024-09-19 10:08:51.819000,418.6526037731573,13
2024-09-19 10:08:51.862000,418.6668671714869,103
2024-09-19 10:08:51.866000,418.6612779539636,6
2024-09-19 10:08:51.873000,418.672837029213,12
2024-09-19 10:08:51.888000,418.6742942342459,11
2024-09-19 10:08:51.998000,418.66753042808335,95
2024-09-19 10:08:52.052000,418.652598497734,96
2024-09-19 10:08:52.357000,418.6575634425528,98
2024-09-19 10:08:52.466000,418.6364214591029,7
2024-09-19 10:08:52.473000,418.65264414159793,13
2024-09-19 10:08:52.538000,418.6243247201408,13
2024-09-19 10:08:52.599000,418.65643935602697,100
2024-09-19 10:08:52.608000,418.6446031197664,1002
2024-09-19 10:08:52.642000,418.6463056454062,103
2024-09-19 10:08:52.870000,418.6347039398203,11
2024-09-19 10:08:53.115000,418.5599165861255,105
2024-09-19 10:08:53.356000,418.5784794652553,1003
2024-09-19 10:08:53.357000,418.5769551858997,104
2024-09-19 10:08:53.539000,418.5536834441361,995
2024-09-19 10:08:53.634000,418.5760941814605,1003
2024-09-19 10:08:53.677000,418.5868232527114,6
2024-09-19 10:08:53.680000,418.5653072797245,7
2024-09-19 10:08:53.730000,418.5792381500008,13
2024-09-19 10:08:53.758000,418.6126347179361,15
2024-09-19 10:08:53.820000,418.5882978465761,6
2024-09-19 10:08:53.843000,418.6368935208874,15
2024-09-19 10:08:53.851000,418.6187251729768,99
2024-09-19 10:08:53.877000,418.5694037076668,999
2024-09-19 10:08:53.927000,418.5698888896574,11
2024-09-19 10:08:53.969000,418.6081069328641,10
2024-09-19 10:08:53.992000,418.5849947759437,7
2024-09-19 10:08:53.998000,418.60923047154057,9
2024-09-19 10:08:54.079000,418.5597413779526,13
2024-09-19 10:08:54.125000,418.56075838296863,103
2024-09-19 10:08:54.127000,418.55570443732427,97
2024-09-19 10:08:54.170000,418.5606728461132,1001
2024-09-19 10:08:54.188000,418.58460903006176,1005
2024-09-19 10:08:54.298000,418.5705447032674,104
2024-09-19 10:08:54.501000,418.56481293557925,9
2024-09-19 10:08:54.565000,418.579308033653,1005
2024-09-19 10:08:54.582000,418.5782554967383,1002
2024-09-19 10:08:54.603000,418.5588247849142,103
2024-09-19 10:08:54.872000,418.585091236505,12
2024-09-19 10:08:54.881000,418.5768035332841,102
2024-09-19 10:08:55.332000,418.5335747290526,105
2024-09-19 10:08:55.535000,418.5400547144526,5
2024-09-19 10:08:55.742000,418.5433009264754,14
2024-09-19 10:08:55.812000,418.5525973908634,998
2024-09-19 10:08:55.882000,418.561969146764,14
2024-09-19 10:08:56.176000,418.5936785594261,995
2024-09-19 10:08:56.256000,418.61184591667393,995
2024-09-19 10:08:56.642000,418.5896988180922,996
2024-09-19 10:08:57.001000,418.5859226569445,98
2024-09-19 10:08:57.054000,418.55041377258567,5
2024-09-19 10:08:57.083000,418.5669695359627,97
2024-09-19 10:08:57.103000,418.60129408972153,99
2024-09-19 10:08:57.161000,418.5984534926883,103
2024-09-19 10:08:57.216000,418.58491323090135,7
2024-09-19 10:08:57.252000,418.59283906085307,1000
2024-09-19 10:08:57.447000,418.58734289987854,11
2024-09-19 10:08:57.525000,418.5971012342209,11
2024-09-19 10:08:57.537000,418.610671614832,8
2024-09-19 10:08:57.627000,418.58209890545294,5
2024-09-19 10:08:57.684000,418.5857298647669,5
2024-09-19 10:08:57.725000,418.5892959784135,998
2024-09-19 10:08:57.776000,418.5885736414228,1002
2024-09-19 10:08:57.879000,418.55967693693657,102
2024-09-19 10:08:57.916000,418.5672114470175,105
2024-09-19 10:08:58.013000,418.589671247477,12
2024-09-19 10:08:58.065000,418.59445500035855,5
2024-09-19 10:08:58.077000,418.5676598504411,14
2024-09-19 10:08:58.134000,418.5877674078466,999
2024-09-19 10:08:58.136000,418.5755343932373,998
2024-09-19 10:08:58.184000,418.5748225133377,8
2024-09-19 10:08:58.307000,418.5856676046304,999
2024-09-19 10:08:58.356000,418.5736604656841,105
2024-09-19 10:08:58.454000,418.5824989785916,12
2024-09-19 10:08:58.465000,418.5866282696357,8
2024-09-19 10:08:58.575000,418.5968367152603,97
2024-09-19 10:08:58.626000,418.5821374181963,1001
2024-09-19 10:08:58.630000,418.579456829934,104
2024-09-19 10:08:58.785000,418.6071881950729,999
2024-09-19 10:08:58.804000,418.56860569543113,5
2024-09-19 10:08:58.857000,418.58987895489474,100
2024-09-19 10:08:58.926000,418.57687899023983,103
2024-09-19 10:08:58.929000,418.5770474017078,995
2024-09-19 10:08:58.957000,418.5514858625723,999
2024-09-19 10:08:59.015000,418.6669415856061,995
2024-09-19 10:08:59.065000,418.5850451503391,1003
2024-09-19 10:08:59.071000,418.6808868755804,8
2024-09-19 10:08:59.095000,418.6604564149,6
2024-09-19 10:08:59.133000,418.67311217780974,13
2024-09-19 10:08:59.166000,418.6336576048077,95
2024-09-19 10:08:59.185000,418.6257245980269,7
2024-09-19 10:08:59.204000,418.5789414358373,15
2024-09-19 10:08:59.209000,418.6521082504562,99
2024-09-19 10:08:59.217000,418.65146913416487,1003
2024-09-19 10:08:59.287000,418.66378282430287,96
2024-09-19 10:08:59.300000,418.6540924889941,14
2024-09-19 10:08:59.363000,418.6610099573375,6
2024-09-19 10:08:59.366000,418.583335798476,102
2024-09-19 10:08:59.435000,418.6075776612204,98
2024-09-19 10:08:59.457000,418.6178349413869,5
2024-09-19 10:08:59.541000,418.5710338727052,9
2024-09-19 10:08:59.575000,418.5894978542148,15
2024-09-19 10:08:59.654000,418.6530860346102,998
2024-09-19 10:08:59.657000,418.5912075525285,96
2024-09-19 10:08:59.667000,418.68648839998536,14
2024-09-19 10:08:59.799000,418.6536592443581,13
2024-09-19 10:08:59.845000,418.5855032704984,7
2024-09-19 10:08:59.924000,418.58155793314006,999
2024-09-19 10:08:59.935000,418.63857032576766,7
