Timestamp,Price,Size
2024-09-18 15:49:00.052000,416.0720113810208,99
2024-09-18 15:49:00.053000,415.9614763286087,103
2024-09-18 15:49:00.054000,416.0686896029728,102
2024-09-18 15:49:00.085000,415.9573319158404,104
2024-09-18 15:49:00.119000,416.05307915671926,5
2024-09-18 15:49:00.162000,415.97276160744553,15
2024-09-18 15:49:00.233000,416.0585838547571,14
2024-09-18 15:49:00.376000,415.9512294150378,95
2024-09-18 15:49:00.381000,415.9423572545811,996
2024-09-18 15:49:00.430000,415.9852703750298,998
2024-09-18 15:49:00.443000,416.03520036214456,9
2024-09-18 15:49:00.541000,416.0162078778814,9
2024-09-18 15:49:00.548000,415.9825382553618,102
2024-09-18 15:49:00.575000,415.9508209069914,101
2024-09-18 15:49:00.642000,415.9650781333663,6
2024-09-18 15:49:00.644000,415.9242995921719,1001
2024-09-18 15:49:00.681000,415.9774561620846,104
2024-09-18 15:49:00.816000,415.9946722571657,995
2024-09-18 15:49:00.850000,416.0019422636209,995
2024-09-18 15:49:00.869000,415.9582599588134,15
2024-09-18 15:49:00.874000,416.0263911390978,14
2024-09-18 15:49:00.903000,416.02392485861856,98
2024-09-18 15:49:00.975000,415.9601354225616,95
2024-09-18 15:49:00.986000,415.9563923977457,100
2024-09-18 15:49:02.039000,416.004225812844,14
2024-09-18 15:49:02.049000,416.0482832097629,996
2024-09-18 15:49:02.097000,416.0662033633739,14
2024-09-18 15:49:02.099000,415.99570732712914,12
2024-09-18 15:49:02.182000,415.9972488846557,1002
2024-09-18 15:49:02.258000,416.054929215385,996
2024-09-18 15:49:02.278000,416.0081027131639,12
2024-09-18 15:49:02.290000,416.002746873491,999
2024-09-18 15:49:02.340000,415.9879223954534,14
2024-09-18 15:49:02.368000,416.06453346138017,1002
2024-09-18 15:49:02.401000,416.0343570638065,995
2024-09-18 15:49:02.415000,416.04154965345367,97
2024-09-18 15:49:02.431000,416.0082497085912,101
2024-09-18 15:49:02.490000,416.0180242930376,12
2024-09-18 15:49:02.542000,415.9947502329641,103
2024-09-18 15:49:02.554000,415.9931485587939,997
2024-09-18 15:49:02.589000,416.0745198693875,1003
2024-09-18 15:49:02.599000,415.9756176712229,1002
2024-09-18 15:49:02.619000,416.0436880899817,995
2024-09-18 15:49:02.629000,416.0029289300784,998
2024-09-18 15:49:02.861000,416.0406993950703,13
2024-09-18 15:49:02.894000,416.0281066705472,12
2024-09-18 15:49:02.899000,416.0023463644343,97
2024-09-18 15:49:02.924000,416.0043410202617,10
2024-09-18 15:49:02.943000,416.0540201045815,1004
2024-09-18 15:49:03.717000,415.98038227296666,997
2024-09-18 15:49:03.791000,415.9892139596,96
2024-09-18 15:49:03.848000,415.9967333608463,7
2024-09-18 15:49:04.073000,416.0036096889822,998
2024-09-18 15:49:04.076000,416.0182270334749,9
2024-09-18 15:49:04.148000,415.9961128146911,98
2024-09-18 15:49:04.155000,416.0106455889936,999
2024-09-18 15:49:04.315000,415.9929795033576,7
2024-09-18 15:49:04.434000,416.0180513676483,15
2024-09-18 15:49:04.454000,416.0066955902256,101
2024-09-18 15:49:04.455000,416.0078928845424,7
2024-09-18 15:49:04.465000,416.00324070606496,999
2024-09-18 15:49:04.470000,416.0148992146906,998
2024-09-18 15:49:04.507000,415.9917385464312,102
2024-09-18 15:49:04.508000,416.01943428591113,101
2024-09-18 15:49:04.524000,416.0068079155191,100
2024-09-18 15:49:04.598000,416.02386181968336,5
2024-09-18 15:49:04.620000,416.0212181818118,10
2024-09-18 15:49:04.622000,415.9937559991256,11
2024-09-18 15:49:04.625000,415.99576558459233,998
2024-09-18 15:49:04.644000,416.0241902754729,1002
2024-09-18 15:49:04.649000,416.0006972524138,1005
2024-09-18 15:49:04.657000,415.9928757413192,995
2024-09-18 15:49:04.663000,415.997118942229,1004
2024-09-18 15:49:04.684000,416.0102180600185,9
2024-09-18 15:49:04.773000,416.0101621124822,5
2024-09-18 15:49:04.839000,416.0113007804032,14
2024-09-18 15:49:04.885000,416.011186998545,998
2024-09-18 15:49:04.888000,415.9809566846409,105
2024-09-18 15:49:04.930000,416.0050095332684,998
2024-09-18 15:49:04.934000,416.0139099887992,104
2024-09-18 15:49:04.982000,415.9852769242775,13
2024-09-18 15:49:05.123000,415.9914649849368,99
2024-09-18 15:49:05.126000,415.9842658428509,995
2024-09-18 15:49:05.179000,415.9988589253069,6
2024-09-18 15:49:05.183000,416.00165563690126,996
2024-09-18 15:49:05.186000,416.0111247713919,995
2024-09-18 15:49:05.257000,415.9881644862767,13
2024-09-18 15:49:05.272000,415.99892858099184,10
2024-09-18 15:49:05.353000,416.0413139465544,1002
2024-09-18 15:49:05.386000,416.0366082085485,995
2024-09-18 15:49:05.418000,416.0183276304018,996
2024-09-18 15:49:05.505000,415.9981335294565,15
2024-09-18 15:49:05.508000,416.0083385339894,8
2024-09-18 15:49:05.513000,415.9959851502096,1005
2024-09-18 15:49:05.549000,415.9872692967492,11
2024-09-18 15:49:05.637000,415.96928280669226,5
2024-09-18 15:49:05.723000,416.0266492386645,101
2024-09-18 15:49:05.837000,415.9672969949972,997
2024-09-18 15:49:05.840000,416.0190418334435,14
2024-09-18 15:49:05.842000,415.9603317849308,104
2024-09-18 15:49:05.852000,415.9805573489441,13
2024-09-18 15:49:05.877000,416.02270511749896,5
2024-09-18 15:49:05.890000,415.9696269150946,105
2024-09-18 15:49:05.915000,415.9764609577618,98
2024-09-18 15:49:05.959000,416.0070653898141,95
2024-09-18 15:49:05.974000,416.009564638317,1004
2024-09-18 15:49:06.017000,415.96264345421696,5
2024-09-18 15:49:06.089000,415.940418436621,14
2024-09-18 15:49:06.094000,415.9410020976671,101
2024-09-18 15:49:06.231000,415.9568875240546,997
2024-09-18 15:49:06.275000,415.9864096665447,9
2024-09-18 15:49:06.279000,415.9420694752674,1005
2024-09-18 15:49:06.369000,415.9614242573913,97
2024-09-18 15:49:06.458000,415.944704472942,1005
2024-09-18 15:49:06.467000,415.9365354649277,104
2024-09-18 15:49:06.525000,415.9649051925071,9
2024-09-18 15:49:06.551000,416.003875197484,999
2024-09-18 15:49:06.572000,415.9733509880664,14
2024-09-18 15:49:06.672000,415.9823952983987,10
2024-09-18 15:49:06.814000,415.9457376765578,10
2024-09-18 15:49:06.931000,415.944476054152,14
2024-09-18 15:49:07.001000,415.87232182699927,15
2024-09-18 15:49:07.022000,415.8780244745948,9
2024-09-18 15:49:07.057000,415.9145299184628,14
2024-09-18 15:49:07.152000,415.900583383477,103
2024-09-18 15:49:07.157000,415.85073273579286,995
2024-09-18 15:49:07.164000,415.9036983593496,104
2024-09-18 15:49:07.185000,415.9060809850792,102
2024-09-18 15:49:07.208000,415.8978411141424,999
2024-09-18 15:49:07.263000,415.9297463173896,995
2024-09-18 15:49:07.275000,415.9005583866093,12
2024-09-18 15:49:07.283000,415.9010075837638,1003
2024-09-18 15:49:07.283000,415.86022294539447,105
2024-09-18 15:49:07.409000,415.8802923873541,10
2024-09-18 15:49:07.418000,415.8466690055868,6
2024-09-18 15:49:07.419000,415.8944314755551,100
2024-09-18 15:49:07.529000,415.8804321553027,1002
2024-09-18 15:49:07.571000,415.9156776324208,99
2024-09-18 15:49:07.579000,415.8760053220168,1003
2024-09-18 15:49:07.637000,415.863179203559,1001
2024-09-18 15:49:07.738000,415.882859261933,1003
2024-09-18 15:49:07.739000,415.82411399152267,95
2024-09-18 15:49:07.799000,415.8941286658585,97
2024-09-18 15:49:07.813000,415.88155603070703,5
2024-09-18 15:49:07.886000,415.8591113620308,101
2024-09-18 15:49:07.894000,415.8969161828597,14
2024-09-18 15:49:07.926000,415.9121933566069,6
2024-09-18 15:49:07.950000,415.9178632444392,100
2024-09-18 15:49:07.954000,415.91063488244606,1002
2024-09-18 15:49:07.981000,412.5114349008525,1004
2024-09-18 15:49:07.992000,415.867382904007,999
2024-09-18 15:49:08.004000,415.857799335982,10
2024-09-18 15:49:08.022000,415.83766635626,97
2024-09-18 15:49:08.036000,415.8301139437019,996
2024-09-18 15:49:08.110000,415.912511320934,5
2024-09-18 15:49:08.138000,415.85401129430977,1004
2024-09-18 15:49:08.154000,415.8630687085124,996
2024-09-18 15:49:08.245000,415.895783340329,996
2024-09-18 15:49:08.273000,415.9129649341986,1001
2024-09-18 15:49:08.296000,415.83668046764825,998
2024-09-18 15:49:08.377000,415.8745888230542,102
2024-09-18 15:49:08.395000,415.84088710666987,101
2024-09-18 15:49:08.440000,415.86943857706274,6
2024-09-18 15:49:08.458000,415.8651144463691,105
2024-09-18 15:49:08.463000,415.8969626561138,98
2024-09-18 15:49:08.467000,415.8977521267313,6
2024-09-18 15:49:08.504000,415.85446065187904,104
2024-09-18 15:49:08.531000,415.8450327070104,9
2024-09-18 15:49:08.543000,415.8257059944845,105
2024-09-18 15:49:08.670000,415.81874364205873,998
2024-09-18 15:49:08.752000,415.8656688163949,104
2024-09-18 15:49:08.800000,415.83124013284487,1003
2024-09-18 15:49:08.804000,415.88585095819866,995
2024-09-18 15:49:08.894000,415.8926958212168,97
2024-09-18 15:49:08.899000,415.8972916273614,104
2024-09-18 15:49:09.037000,415.9003723909088,104
2024-09-18 15:49:09.132000,415.94868356739073,11
2024-09-18 15:49:09.149000,415.8909429961035,11
2024-09-18 15:49:09.168000,415.9123285546279,7
2024-09-18 15:49:09.292000,415.8966718787293,1002
2024-09-18 15:49:09.321000,415.8914053010708,15
2024-09-18 15:49:09.341000,415.9119926227901,101
2024-09-18 15:49:09.350000,415.9050168607635,99
2024-09-18 15:49:09.380000,415.9251941056406,11
2024-09-18 15:49:09.394000,415.8993044535812,11
2024-09-18 15:49:09.418000,415.92329410139297,999
2024-09-18 15:49:09.440000,415.8930467245953,997
2024-09-18 15:49:09.493000,415.9200918933091,14
2024-09-18 15:49:09.537000,415.90379263510687,1002
2024-09-18 15:49:09.584000,415.9427872520786,95
2024-09-18 15:49:09.613000,415.8957546501417,999
2024-09-18 15:49:09.675000,415.91455319943935,12
2024-09-18 15:49:09.701000,415.8938260939676,9
2024-09-18 15:49:09.722000,415.92635770469326,5
2024-09-18 15:49:09.767000,415.9138561933264,105
2024-09-18 15:49:09.837000,415.9136296776917,1001
2024-09-18 15:49:09.861000,415.91528086038994,98
2024-09-18 15:49:09.978000,415.93034911121134,95
2024-09-18 15:49:09.986000,415.9250898973703,6
2024-09-18 15:49:11.752000,415.8940244122337,996
2024-09-18 15:49:12.022000,415.8954872075602,98
2024-09-18 15:49:12.233000,415.8653945510597,95
2024-09-18 15:49:12.536000,415.8908091070491,996
2024-09-18 15:49:12.655000,415.87184161514415,1003
2024-09-18 15:49:12.700000,415.8741757095602,1000
2024-09-18 15:49:12.811000,415.8727821817935,99
2024-09-18 15:49:12.838000,415.8918253599204,99
2024-09-18 15:49:12.891000,415.85722225187607,105
2024-09-18 15:49:12.944000,415.855824791804,98
2024-09-18 15:49:13.001000,415.8826000355023,13
2024-09-18 15:49:13.030000,415.8575876184759,6
2024-09-18 15:49:13.138000,415.86192316338753,97
2024-09-18 15:49:13.165000,415.861297909004,12
2024-09-18 15:49:13.299000,415.88830953802704,11
2024-09-18 15:49:13.324000,412.6222680810094,7
2024-09-18 15:49:13.342000,415.8665522877485,104
2024-09-18 15:49:13.392000,415.8648482693485,9
2024-09-18 15:49:13.421000,415.8536941487234,14
2024-09-18 15:49:13.501000,415.8901660919104,12
2024-09-18 15:49:13.583000,415.8676208232065,5
2024-09-18 15:49:13.625000,415.8662055429778,995
2024-09-18 15:49:13.656000,415.88058518803984,1000
2024-09-18 15:49:13.685000,415.8700433564108,11
2024-09-18 15:49:13.688000,415.857676890913,1002
2024-09-18 15:49:13.707000,415.8587508581016,96
2024-09-18 15:49:13.707000,415.8881059197385,104
2024-09-18 15:49:13.719000,415.8524380731316,13
2024-09-18 15:49:13.727000,415.8822739290237,1003
2024-09-18 15:49:13.901000,415.8779601227244,104
2024-09-18 15:49:13.942000,415.8730062172619,1005
2024-09-18 15:49:13.947000,415.8790950896847,102
2024-09-18 15:49:13.993000,415.8814378733885,13
2024-09-18 15:49:14.452000,415.8428426738681,10
2024-09-18 15:49:15.043000,415.8320880989886,1001
2024-09-18 15:49:15.056000,415.8270871991455,101
2024-09-18 15:49:15.082000,415.8328544258897,5
2024-09-18 15:49:15.093000,415.8070100401288,95
2024-09-18 15:49:15.153000,415.8356985514615,1000
2024-09-18 15:49:15.161000,415.8123560885923,104
2024-09-18 15:49:15.216000,415.8203808462098,102
2024-09-18 15:49:15.259000,415.8256874749795,95
2024-09-18 15:49:15.420000,415.8236086443798,99
2024-09-18 15:49:15.428000,415.823008160805,11
2024-09-18 15:49:15.495000,415.8223612277966,13
2024-09-18 15:49:15.542000,415.80816936162375,103
2024-09-18 15:49:15.648000,415.8248272259311,1000
2024-09-18 15:49:15.688000,415.8406170494269,1005
2024-09-18 15:49:16.115000,415.83153748397655,1001
2024-09-18 15:49:17.115000,415.882924920381,104
2024-09-18 15:49:17.124000,415.87264878698153,15
2024-09-18 15:49:17.176000,415.85911227102497,100
2024-09-18 15:49:17.262000,415.8833957843418,100
2024-09-18 15:49:17.365000,415.87546019769167,8
2024-09-18 15:49:17.572000,415.8803938744316,5
2024-09-18 15:49:17.592000,415.8615511416138,98
2024-09-18 15:49:17.617000,415.84188620695056,997
2024-09-18 15:49:17.708000,415.8667682760556,999
2024-09-18 15:49:17.870000,415.8784159596913,997
2024-09-18 15:49:17.905000,415.88327975325456,12
2024-09-18 15:49:17.985000,415.8689105554919,995
2024-09-18 15:49:18.056000,415.9533387009866,997
2024-09-18 15:49:18.074000,415.943771920912,1005
2024-09-18 15:49:18.152000,415.9554641161486,997
2024-09-18 15:49:18.176000,415.8902113427281,7
2024-09-18 15:49:18.182000,415.9039106023435,102
2024-09-18 15:49:18.185000,415.8952163219515,1002
2024-09-18 15:49:18.201000,415.8966027462503,103
2024-09-18 15:49:18.261000,415.9182727347885,1001
2024-09-18 15:49:18.261000,415.9418503516499,95
2024-09-18 15:49:18.314000,415.9296254887049,96
2024-09-18 15:49:18.375000,415.9516180450042,15
2024-09-18 15:49:18.410000,415.9117167816349,101
2024-09-18 15:49:18.432000,415.9413017651726,13
2024-09-18 15:49:18.446000,415.9305487443189,1001
2024-09-18 15:49:18.495000,415.9154376782474,1001
2024-09-18 15:49:18.499000,415.9446124690328,100
2024-09-18 15:49:18.534000,415.9279229783208,8
2024-09-18 15:49:18.545000,415.9358496814944,6
2024-09-18 15:49:19.065000,415.9517823897075,102
2024-09-18 15:49:19.067000,415.9644061464825,15
2024-09-18 15:49:19.136000,415.9441205647783,14
2024-09-18 15:49:19.144000,415.9708269619333,99
2024-09-18 15:49:19.163000,415.9488673106606,14
2024-09-18 15:49:19.197000,415.97970994898265,995
2024-09-18 15:49:19.198000,415.986277823827,12
2024-09-18 15:49:19.203000,415.9557894681229,9
2024-09-18 15:49:19.261000,415.9704710916839,96
2024-09-18 15:49:19.341000,415.9437315763956,1000
2024-09-18 15:49:19.427000,415.9519512678056,998
2024-09-18 15:49:19.460000,415.9373404849442,99
2024-09-18 15:49:19.495000,415.9974746856242,1004
2024-09-18 15:49:19.524000,415.9774503025061,9
2024-09-18 15:49:19.625000,415.97367651849385,102
2024-09-18 15:49:19.690000,415.96613103236194,101
2024-09-18 15:49:19.710000,415.9478700267651,1002
2024-09-18 15:49:19.762000,415.9911391640029,11
2024-09-18 15:49:19.770000,415.9827384267673,1002
2024-09-18 15:49:19.806000,415.9742404274188,95
2024-09-18 15:49:19.901000,415.9880212657383,12
2024-09-18 15:49:19.914000,415.9494074226401,1001
2024-09-18 15:49:19.924000,415.9549205913557,102
2024-09-18 15:49:19.935000,415.9505843076844,997
2024-09-18 15:49:19.944000,415.9669531973757,1004
2024-09-18 15:49:19.955000,415.9701568607413,104
2024-09-18 15:49:19.966000,415.9701248814872,103
2024-09-18 15:49:19.970000,415.94339483788406,102
2024-09-18 15:49:20.196000,415.9365727909878,14
2024-09-18 15:49:20.199000,415.94206661475255,98
2024-09-18 15:49:20.254000,415.9326936184028,12
2024-09-18 15:49:20.263000,415.9388655505371,995
2024-09-18 15:49:20.399000,415.91565938213904,998
2024-09-18 15:49:20.450000,415.9399406510768,104
2024-09-18 15:49:20.582000,415.9456610006992,1001
2024-09-18 15:49:20.927000,415.9566195060037,101
2024-09-18 15:49:21.082000,415.9029980803137,6
2024-09-18 15:49:21.218000,415.910501255619,1004
2024-09-18 15:49:21.229000,415.92753770945393,997
2024-09-18 15:49:21.256000,415.91646374728015,996
2024-09-18 15:49:21.265000,415.9087369828768,14
2024-09-18 15:49:21.382000,415.9316790078259,1002
2024-09-18 15:49:21.423000,415.9137974998711,105
2024-09-18 15:49:21.436000,415.95208209786,1002
2024-09-18 15:49:21.489000,415.93525324944073,98
2024-09-18 15:49:21.509000,415.93407857574056,1002
2024-09-18 15:49:21.514000,415.9333426753926,8
2024-09-18 15:49:21.551000,415.92581154867247,14
2024-09-18 15:49:21.643000,415.9264731674994,95
2024-09-18 15:49:21.665000,415.92847227150094,1005
2024-09-18 15:49:21.698000,415.9274097914149,1003
2024-09-18 15:49:21.757000,415.9044361972725,997
2024-09-18 15:49:21.773000,415.92607218771855,995
2024-09-18 15:49:21.792000,415.9435986095601,10
2024-09-18 15:49:21.923000,415.9342362805281,1000
2024-09-18 15:49:21.927000,415.8913606413184,998
2024-09-18 15:49:22.021000,415.94454288001975,998
2024-09-18 15:49:22.044000,415.9033850843085,103
2024-09-18 15:49:22.096000,415.95140914289465,100
2024-09-18 15:49:22.107000,415.9500111458343,996
2024-09-18 15:49:22.122000,415.9608676629842,1002
2024-09-18 15:49:22.132000,415.9245356285562,101
2024-09-18 15:49:22.146000,415.9283070665091,95
2024-09-18 15:49:22.172000,415.8924113701092,997
2024-09-18 15:49:22.224000,415.9324112268301,99
2024-09-18 15:49:22.326000,415.9054114897641,998
2024-09-18 15:49:22.362000,415.89091891196233,998
2024-09-18 15:49:22.385000,415.93542922676585,1000
2024-09-18 15:49:22.409000,415.9058236927652,12
2024-09-18 15:49:22.495000,415.9379100996039,104
2024-09-18 15:49:22.540000,415.9181047757157,101
2024-09-18 15:49:22.554000,415.93947884599766,97
2024-09-18 15:49:22.562000,415.9426049095751,1005
2024-09-18 15:49:22.608000,415.9339205317356,13
2024-09-18 15:49:22.610000,415.903655885234,996
2024-09-18 15:49:22.634000,415.9354183200148,8
2024-09-18 15:49:22.652000,415.9450712082216,8
2024-09-18 15:49:22.660000,415.9474252506001,105
2024-09-18 15:49:22.710000,415.9578332103313,1004
2024-09-18 15:49:22.742000,415.9327773965164,97
2024-09-18 15:49:22.866000,415.93078176427554,100
2024-09-18 15:49:22.884000,415.9463698786319,1002
2024-09-18 15:49:22.937000,415.945173874343,11
2024-09-18 15:49:22.943000,415.9302929050322,5
2024-09-18 15:49:23.019000,415.93239035727777,105
2024-09-18 15:49:23.062000,415.9295181531311,1005
2024-09-18 15:49:23.092000,415.91850282788096,97
2024-09-18 15:49:23.109000,415.9187068175204,7
2024-09-18 15:49:23.137000,415.9151601893863,15
2024-09-18 15:49:23.250000,415.9258702546874,995
2024-09-18 15:49:23.452000,415.92242888630375,99
2024-09-18 15:49:23.454000,415.9324296467904,96
2024-09-18 15:49:23.460000,415.9100011773036,997
2024-09-18 15:49:23.476000,415.9415034046143,95
2024-09-18 15:49:23.577000,415.9457422609667,997
2024-09-18 15:49:23.624000,415.9257204775399,6
2024-09-18 15:49:23.627000,415.95588605207365,11
2024-09-18 15:49:23.639000,415.9324461612544,12
2024-09-18 15:49:23.794000,415.9042730385318,14
2024-09-18 15:49:23.816000,415.90146099623166,5
2024-09-18 15:49:23.829000,415.929908245404,7
2024-09-18 15:49:23.841000,415.9087195000759,13
2024-09-18 15:49:23.865000,415.93421023384894,1000
2024-09-18 15:49:23.897000,415.92985539276526,999
2024-09-18 15:49:23.996000,415.93822804595726,101
2024-09-18 15:49:24.033000,415.8789395244027,103
2024-09-18 15:49:24.048000,415.8702383274468,997
2024-09-18 15:49:24.153000,415.8106847879512,15
2024-09-18 15:49:24.168000,415.8237675423509,102
2024-09-18 15:49:24.169000,415.8588551027469,102
2024-09-18 15:49:24.174000,415.8757845085145,1002
2024-09-18 15:49:24.203000,415.91942551624686,105
2024-09-18 15:49:24.234000,415.8791667129437,14
2024-09-18 15:49:24.246000,415.9086186609794,12
2024-09-18 15:49:24.290000,415.763202964642,103
2024-09-18 15:49:24.295000,415.9161821225997,1004
2024-09-18 15:49:24.301000,415.92277730789874,105
2024-09-18 15:49:24.371000,415.9259972632986,995
2024-09-18 15:49:24.372000,415.93430943304463,1003
2024-09-18 15:49:24.381000,415.9235889319338,97
2024-09-18 15:49:24.385000,415.8263184516529,96
2024-09-18 15:49:24.528000,415.796198313561,998
2024-09-18 15:49:24.588000,415.91658139519103,1005
2024-09-18 15:49:24.639000,415.8233060765071,995
2024-09-18 15:49:24.641000,415.83921326824486,1004
2024-09-18 15:49:24.733000,415.8260037413157,12
2024-09-18 15:49:24.750000,415.7649101546467,996
2024-09-18 15:49:24.756000,415.76237290542826,1002
2024-09-18 15:49:24.822000,415.78890718496416,105
2024-09-18 15:49:24.870000,415.7949540915523,1003
2024-09-18 15:49:24.871000,415.8365819542164,5
2024-09-18 15:49:24.889000,415.8608498417418,995
2024-09-18 15:49:24.919000,415.75827099118914,1005
2024-09-18 15:49:24.979000,415.7819106469174,1005
2024-09-18 15:49:25.652000,415.78863246562753,101
2024-09-18 15:49:26.071000,415.8034957187086,8
2024-09-18 15:49:27.077000,415.7814002362896,1000
2024-09-18 15:49:27.084000,415.79707798688776,1000
2024-09-18 15:49:27.383000,415.8010100871463,996
2024-09-18 15:49:27.443000,415.8041261860856,13
2024-09-18 15:49:27.629000,412.5113669905873,97
2024-09-18 15:49:28.021000,415.7687490058893,5
2024-09-18 15:49:28.029000,415.7750429577861,12
2024-09-18 15:49:28.056000,415.7406865308263,11
2024-09-18 15:49:28.066000,415.7787919658063,1005
2024-09-18 15:49:28.084000,415.7461296457512,103
2024-09-18 15:49:28.169000,415.78457027959774,1002
2024-09-18 15:49:28.182000,415.7666791147066,997
2024-09-18 15:49:28.217000,415.7510813879398,996
2024-09-18 15:49:28.228000,415.7660879738695,96
2024-09-18 15:49:28.310000,415.7601354260752,14
2024-09-18 15:49:28.336000,415.79537760085935,96
2024-09-18 15:49:28.428000,415.7815025695894,1001
2024-09-18 15:49:28.455000,415.7565769255356,9
2024-09-18 15:49:28.464000,415.76856128969234,14
2024-09-18 15:49:28.527000,415.76930005868,6
2024-09-18 15:49:28.553000,415.7774941309001,8
2024-09-18 15:49:28.556000,415.7782144731148,98
2024-09-18 15:49:28.564000,415.7541696716248,13
2024-09-18 15:49:28.583000,415.7678393849413,97
2024-09-18 15:49:28.728000,415.7527845438317,95
2024-09-18 15:49:28.729000,415.7607821693347,98
2024-09-18 15:49:28.813000,415.7581643560838,999
2024-09-18 15:49:28.843000,415.73295828563255,100
2024-09-18 15:49:28.849000,415.7577120366838,998
2024-09-18 15:49:28.879000,415.76994431268594,5
2024-09-18 15:49:28.883000,415.767752354078,1003
2024-09-18 15:49:28.908000,415.7537845453327,997
2024-09-18 15:49:29.024000,415.801589697862,8
2024-09-18 15:49:29.170000,415.8221070903896,98
2024-09-18 15:49:29.225000,415.82036921422167,1001
2024-09-18 15:49:29.229000,415.8131555170692,6
2024-09-18 15:49:29.373000,415.7886679916133,997
2024-09-18 15:49:29.526000,415.8015443128701,1002
2024-09-18 15:49:29.654000,415.8009961793359,103
2024-09-18 15:49:29.658000,415.815446340091,9
2024-09-18 15:49:29.834000,415.8336645018345,1004
2024-09-18 15:49:29.906000,415.7876964396633,998
2024-09-18 15:49:29.949000,415.7941428369377,999
2024-09-18 15:49:29.966000,415.7941820340991,6
2024-09-18 15:49:30.027000,415.7880531053945,104
2024-09-18 15:49:30.171000,415.7979278007404,95
2024-09-18 15:49:30.185000,415.75942590225503,9
2024-09-18 15:49:30.278000,415.79622639701694,1003
2024-09-18 15:49:30.304000,415.7911328802104,1004
2024-09-18 15:49:30.386000,415.795789777486,5
2024-09-18 15:49:30.402000,415.77726500417714,995
2024-09-18 15:49:30.407000,415.7902877607803,1000
2024-09-18 15:49:30.423000,415.7686198017246,999
2024-09-18 15:49:30.437000,415.7992486694136,95
2024-09-18 15:49:30.464000,415.7988542994833,9
2024-09-18 15:49:30.523000,415.77839932459153,1000
2024-09-18 15:49:30.579000,415.78083343927847,6
2024-09-18 15:49:30.637000,415.7979782921238,13
2024-09-18 15:49:30.661000,415.78265854682286,15
2024-09-18 15:49:30.677000,415.80269501611536,1001
2024-09-18 15:49:30.709000,415.80471471534986,1000
2024-09-18 15:49:30.762000,415.79606080988407,1003
2024-09-18 15:49:30.799000,415.770812635124,8
2024-09-18 15:49:30.821000,415.7810095604786,7
2024-09-18 15:49:30.856000,415.797192925164,98
2024-09-18 15:49:31.016000,415.7662272872621,1005
2024-09-18 15:49:31.023000,415.77491052911887,96
2024-09-18 15:49:31.095000,415.7758862373424,999
2024-09-18 15:49:31.138000,415.779527176821,9
2024-09-18 15:49:31.182000,415.76829348593446,999
2024-09-18 15:49:31.252000,415.8350442090353,14
2024-09-18 15:49:31.268000,415.7834811822245,100
2024-09-18 15:49:31.367000,415.8379823790779,105
2024-09-18 15:49:31.375000,415.8210508629933,995
2024-09-18 15:49:31.482000,415.7693591636915,102
2024-09-18 15:49:31.483000,415.78488810937154,6
2024-09-18 15:49:31.487000,415.7599571940227,1005
2024-09-18 15:49:31.527000,415.75193856045496,98
2024-09-18 15:49:31.546000,415.8186650419648,995
2024-09-18 15:49:31.668000,415.8113819370878,997
2024-09-18 15:49:31.699000,415.80685173861775,6
2024-09-18 15:49:31.730000,415.7943735442313,1004
2024-09-18 15:49:31.749000,415.7930615513459,95
2024-09-18 15:49:31.859000,415.8020826881612,102
2024-09-18 15:49:31.922000,415.7830392850392,99
2024-09-18 15:49:31.936000,415.8194323368826,97
2024-09-18 15:49:32.016000,415.86389779825913,105
2024-09-18 15:49:32.048000,415.8231272659997,996
2024-09-18 15:49:32.143000,415.8445521868438,1002
2024-09-18 15:49:32.170000,415.8360928762806,11
2024-09-18 15:49:32.173000,415.8463253621896,10
2024-09-18 15:49:32.185000,415.8425305271975,99
2024-09-18 15:49:32.220000,415.8564089999806,997
2024-09-18 15:49:32.244000,415.882968046578,12
2024-09-18 15:49:32.371000,415.8740449484633,15
2024-09-18 15:49:32.389000,415.87687738424927,997
2024-09-18 15:49:32.403000,415.8811497269569,12
2024-09-18 15:49:32.410000,415.84610754471385,105
2024-09-18 15:49:32.417000,415.87619598076304,9
2024-09-18 15:49:32.448000,415.8658166512929,105
2024-09-18 15:49:32.460000,415.8462713792844,9
2024-09-18 15:49:32.468000,415.8739822697254,1000
2024-09-18 15:49:32.493000,415.88456482111707,996
2024-09-18 15:49:32.542000,412.5321207750822,998
2024-09-18 15:49:32.588000,415.8599300406124,1005
2024-09-18 15:49:32.806000,415.8556475341864,101
2024-09-18 15:49:32.823000,415.8731489335226,99
2024-09-18 15:49:32.921000,415.8898117236171,1000
2024-09-18 15:49:32.959000,415.8272228240082,13
2024-09-18 15:49:32.963000,415.8803496222415,1004
2024-09-18 15:49:32.968000,415.8830550351967,995
2024-09-18 15:49:33.157000,415.8405960716159,102
2024-09-18 15:49:33.656000,415.8516648793676,1005
2024-09-18 15:49:34.079000,415.8291070039658,101
2024-09-18 15:49:34.106000,415.8226444112551,997
2024-09-18 15:49:34.269000,412.5450536948628,14
2024-09-18 15:49:34.275000,415.83190309967824,997
2024-09-18 15:49:34.341000,415.8001002880367,7
2024-09-18 15:49:34.367000,415.8255159141426,1004
2024-09-18 15:49:34.378000,415.8465960510967,1000
2024-09-18 15:49:34.397000,415.8213892461941,1003
2024-09-18 15:49:34.410000,415.8424862847555,5
2024-09-18 15:49:34.451000,415.84538120011104,98
2024-09-18 15:49:34.725000,415.8388992173652,999
2024-09-18 15:49:34.867000,415.8322939657357,102
2024-09-18 15:49:34.949000,415.823119922108,998
2024-09-18 15:49:34.995000,415.8414964776876,102
2024-09-18 15:49:36.040000,415.7841711190981,11
2024-09-18 15:49:36.220000,415.815506356738,100
2024-09-18 15:49:36.402000,415.7874144581848,1004
2024-09-18 15:49:36.440000,415.801805522202,1001
2024-09-18 15:49:36.470000,415.79466459877233,101
2024-09-18 15:49:36.583000,415.8356496392146,999
2024-09-18 15:49:36.591000,415.8014890431969,14
2024-09-18 15:49:36.784000,415.7733605071672,104
2024-09-18 15:49:37.092000,415.84717502327567,11
2024-09-18 15:49:37.101000,415.85595841539,95
2024-09-18 15:49:37.149000,415.85660986163214,103
2024-09-18 15:49:37.208000,415.8345280819918,1000
2024-09-18 15:49:37.244000,415.84043140231967,103
2024-09-18 15:49:37.343000,415.848893035276,98
2024-09-18 15:49:37.354000,415.8459690715761,7
2024-09-18 15:49:37.452000,415.8293082531444,10
2024-09-18 15:49:37.625000,415.826642925501,998
2024-09-18 15:49:37.677000,415.85292916215457,101
2024-09-18 15:49:37.682000,415.8624697528299,103
2024-09-18 15:49:37.770000,415.8307627201942,100
2024-09-18 15:49:37.815000,415.8620703109143,12
2024-09-18 15:49:37.903000,415.8451229493166,13
2024-09-18 15:49:37.944000,415.8467856830136,995
2024-09-18 15:49:38.100000,415.7897769952051,12
2024-09-18 15:49:38.195000,415.8132552234301,105
2024-09-18 15:49:38.284000,415.8292405866935,1005
2024-09-18 15:49:38.407000,415.8243380692913,8
2024-09-18 15:49:38.450000,415.83746116329615,995
2024-09-18 15:49:38.471000,415.80925698004216,998
2024-09-18 15:49:38.519000,415.7881715639037,100
2024-09-18 15:49:38.539000,415.7800418054933,7
2024-09-18 15:49:38.712000,415.7999402735156,5
2024-09-18 15:49:38.713000,415.794045660253,8
2024-09-18 15:49:38.751000,415.8382627515327,1004
2024-09-18 15:49:38.761000,415.7837265941863,99
2024-09-18 15:49:38.786000,415.8075029993977,10
2024-09-18 15:49:38.802000,415.8011186053637,1002
2024-09-18 15:49:38.904000,415.7853744749646,100
2024-09-18 15:49:39.047000,415.8578461665657,999
2024-09-18 15:49:39.784000,415.8500486775334,15
2024-09-18 15:49:39.862000,415.8548945817943,8
2024-09-18 15:49:39.881000,415.85007161062174,95
2024-09-18 15:49:40.015000,415.94719734510886,12
2024-09-18 15:49:40.022000,415.90439665231065,10
2024-09-18 15:49:40.045000,415.91666608397645,1002
2024-09-18 15:49:40.113000,415.8361632288851,10
2024-09-18 15:49:40.166000,415.8337355454457,1001
2024-09-18 15:49:40.198000,415.9219562975616,998
2024-09-18 15:49:40.199000,415.8648930992811,1004
2024-09-18 15:49:40.245000,415.9023987062175,12
2024-09-18 15:49:40.286000,415.84839638016746,14
2024-09-18 15:49:40.288000,415.908445774841,96
2024-09-18 15:49:40.353000,415.9086538110371,1003
2024-09-18 15:49:40.425000,415.87184723670686,100
2024-09-18 15:49:40.438000,415.8812743889218,103
2024-09-18 15:49:40.600000,415.93237353789937,12
2024-09-18 15:49:40.673000,415.9439470337132,1002
2024-09-18 15:49:40.677000,415.89319548210864,99
2024-09-18 15:49:40.698000,415.9364672706621,100
2024-09-18 15:49:40.701000,415.90877137507,15
2024-09-18 15:49:40.707000,415.89992512437055,12
2024-09-18 15:49:40.753000,415.8422590223837,5
2024-09-18 15:49:40.768000,415.8576742455203,1002
2024-09-18 15:49:40.772000,415.87063775322736,7
2024-09-18 15:49:40.780000,415.89044879670143,10
2024-09-18 15:49:40.851000,415.8910911506175,996
2024-09-18 15:49:40.970000,415.9271810040924,14
2024-09-18 15:49:40.983000,415.9154139808657,104
2024-09-18 15:49:40.996000,415.94102989008695,1004
2024-09-18 15:49:41.001000,415.8683810231264,101
2024-09-18 15:49:41.044000,415.8767751271382,102
2024-09-18 15:49:41.169000,415.87352951285726,5
2024-09-18 15:49:41.202000,415.8678381556441,95
2024-09-18 15:49:41.217000,415.9030989119945,1005
2024-09-18 15:49:41.331000,415.8955897336149,5
2024-09-18 15:49:41.345000,415.8989777015887,1005
2024-09-18 15:49:41.534000,415.874951704314,95
2024-09-18 15:49:41.559000,415.8798913983014,96
2024-09-18 15:49:41.637000,415.88953077295673,999
2024-09-18 15:49:41.774000,415.8900404929759,11
2024-09-18 15:49:41.795000,415.9061716900297,11
2024-09-18 15:49:41.798000,415.8898929204781,99
2024-09-18 15:49:41.890000,415.8705794139741,6
2024-09-18 15:49:42.012000,415.8295227130029,997
2024-09-18 15:49:42.013000,415.85715192279554,997
2024-09-18 15:49:42.122000,415.85591296409314,12
2024-09-18 15:49:42.138000,415.8555005761185,1000
2024-09-18 15:49:42.175000,415.84513868017393,95
2024-09-18 15:49:42.207000,415.8699381059113,12
2024-09-18 15:49:42.267000,415.8533804758072,102
2024-09-18 15:49:42.421000,415.8747650207677,9
2024-09-18 15:49:42.425000,415.8447284286893,1004
2024-09-18 15:49:42.435000,415.8603140137604,1001
2024-09-18 15:49:42.462000,415.8585894741864,102
2024-09-18 15:49:42.469000,415.8583648160909,5
2024-09-18 15:49:42.499000,415.8578427009381,1005
2024-09-18 15:49:42.565000,415.85004865568686,9
2024-09-18 15:49:42.595000,415.86517915024746,996
2024-09-18 15:49:42.644000,415.8283660973521,102
2024-09-18 15:49:42.654000,415.84886255346487,1000
2024-09-18 15:49:42.662000,415.8523933819063,995
2024-09-18 15:49:42.671000,415.86831639294985,995
2024-09-18 15:49:42.800000,415.8408771688923,95
2024-09-18 15:49:42.801000,415.84903686926725,1002
2024-09-18 15:49:42.850000,415.83992228955697,1004
2024-09-18 15:49:42.867000,415.8316046727823,997
2024-09-18 15:49:42.896000,415.8450682263452,96
2024-09-18 15:49:42.896000,415.86138889242415,105
2024-09-18 15:49:42.897000,415.87351232498935,995
2024-09-18 15:49:42.920000,415.83348155722086,96
2024-09-18 15:49:42.925000,415.8547196544042,1003
2024-09-18 15:49:43.061000,415.8572946588042,99
2024-09-18 15:49:43.100000,415.8718394087347,96
2024-09-18 15:49:43.154000,415.8732756373498,1005
2024-09-18 15:49:43.178000,415.88163315779775,8
2024-09-18 15:49:43.179000,415.8615807068838,998
2024-09-18 15:49:43.211000,415.8840614280104,997
2024-09-18 15:49:43.230000,415.8531628371061,99
2024-09-18 15:49:43.240000,415.8795111217623,1004
2024-09-18 15:49:43.373000,415.8778406275064,5
2024-09-18 15:49:43.439000,415.8578966662693,1000
2024-09-18 15:49:43.517000,415.8733823966989,1005
2024-09-18 15:49:43.558000,415.8779781234889,7
2024-09-18 15:49:43.598000,415.8686197666064,1003
2024-09-18 15:49:43.713000,415.8577744601313,1002
2024-09-18 15:49:43.836000,415.870859968097,104
2024-09-18 15:49:43.898000,415.85187869146847,104
2024-09-18 15:49:43.973000,415.8590576325225,6
2024-09-18 15:49:43.977000,415.8655883820511,998
2024-09-18 15:49:43.980000,415.8776312910879,103
2024-09-18 15:49:43.998000,415.8920407848325,9
2024-09-18 15:49:44.014000,415.8387104725649,11
2024-09-18 15:49:44.026000,415.8299754389833,15
2024-09-18 15:49:44.031000,415.82436474956415,995
2024-09-18 15:49:44.148000,415.8239505925695,1001
2024-09-18 15:49:44.690000,415.809424919744,12
2024-09-18 15:49:44.760000,415.833777107473,998
2024-09-18 15:49:44.785000,415.839690283416,1004
2024-09-18 15:49:45.110000,415.82311835750056,97
2024-09-18 15:49:45.202000,415.84770381449664,1005
2024-09-18 15:49:45.230000,415.8234116679777,105
2024-09-18 15:49:45.329000,415.8062468673415,1001
2024-09-18 15:49:45.617000,415.8445367165372,99
2024-09-18 15:49:46.041000,415.8099551332376,995
2024-09-18 15:49:46.258000,415.7911681198782,14
2024-09-18 15:49:46.825000,415.8170768732248,6
2024-09-18 15:49:46.847000,415.7957796336565,1000
2024-09-18 15:49:46.902000,415.842245183729,14
2024-09-18 15:49:46.911000,415.8208399351854,995
2024-09-18 15:49:46.948000,415.8341935408178,10
2024-09-18 15:49:46.960000,415.801598358564,7
2024-09-18 15:49:47.452000,415.8014552806352,998
2024-09-18 15:49:48.027000,415.8628846346188,12
2024-09-18 15:49:48.033000,415.8782855130263,99
2024-09-18 15:49:48.041000,415.8360414921329,15
2024-09-18 15:49:48.150000,415.8299209951151,1004
2024-09-18 15:49:48.155000,415.81149817303015,12
2024-09-18 15:49:48.217000,415.89090906414526,5
2024-09-18 15:49:48.221000,415.9037480332608,999
2024-09-18 15:49:48.223000,415.8223908496991,10
2024-09-18 15:49:48.309000,415.8117764563756,1001
2024-09-18 15:49:48.326000,415.8874032776784,101
2024-09-18 15:49:48.360000,415.9374950519584,14
2024-09-18 15:49:48.428000,415.9007407606388,8
2024-09-18 15:49:48.469000,415.9213495587688,9
2024-09-18 15:49:48.470000,415.8728522496713,995
2024-09-18 15:49:48.519000,415.8941982519674,5
2024-09-18 15:49:48.602000,415.94730545306845,5
2024-09-18 15:49:48.685000,415.83629632022416,100
2024-09-18 15:49:48.704000,415.95439836048587,998
2024-09-18 15:49:48.705000,415.8341908693113,96
2024-09-18 15:49:48.733000,415.8098798902728,996
2024-09-18 15:49:48.770000,415.9145868101008,11
2024-09-18 15:49:48.857000,415.8236964457906,1002
2024-09-18 15:49:48.941000,415.9199683301524,102
2024-09-18 15:49:48.942000,415.9162045475193,999
2024-09-18 15:49:49.082000,415.9375286462368,998
2024-09-18 15:49:49.178000,415.93413530960726,998
2024-09-18 15:49:49.364000,415.9293723548478,8
2024-09-18 15:49:49.571000,415.9038766226943,98
2024-09-18 15:49:49.770000,415.92758457403215,103
2024-09-18 15:49:49.777000,415.9256331320488,102
2024-09-18 15:49:49.889000,415.9370329869469,13
2024-09-18 15:49:49.891000,415.94463870975767,10
2024-09-18 15:49:49.916000,415.925395693778,100
2024-09-18 15:49:50.103000,415.95105625146033,1005
2024-09-18 15:49:50.775000,415.9438390806201,1004
2024-09-18 15:49:50.877000,415.9530365536692,1001
2024-09-18 15:49:50.967000,415.96256584234345,9
2024-09-18 15:49:51.039000,415.9781514850749,1001
2024-09-18 15:49:51.138000,415.95046076758257,995
2024-09-18 15:49:51.150000,415.9393401136893,996
2024-09-18 15:49:51.283000,415.968256948622,999
2024-09-18 15:49:51.436000,415.9762845612037,1003
2024-09-18 15:49:51.472000,415.9232921412963,6
2024-09-18 15:49:51.491000,415.9424808181463,102
2024-09-18 15:49:51.503000,415.9599617663226,14
2024-09-18 15:49:51.615000,415.9730528671376,103
2024-09-18 15:49:51.617000,415.9765246388485,101
2024-09-18 15:49:51.641000,415.90683733503374,996
2024-09-18 15:49:51.649000,415.91262855205656,100
2024-09-18 15:49:51.893000,415.94448014548647,10
2024-09-18 15:49:52.005000,415.9144256368118,95
2024-09-18 15:49:52.028000,415.9102610776423,997
2024-09-18 15:49:52.053000,415.9292578054767,10
2024-09-18 15:49:52.086000,415.8910797011632,10
2024-09-18 15:49:52.089000,415.93525094785866,96
2024-09-18 15:49:52.111000,415.9022200164301,8
2024-09-18 15:49:52.248000,415.90480573780746,99
2024-09-18 15:49:52.453000,415.9310477138667,100
2024-09-18 15:49:52.482000,415.9462871378757,5
2024-09-18 15:49:52.483000,415.9517732420475,96
2024-09-18 15:49:52.595000,415.9084698876905,95
2024-09-18 15:49:52.606000,415.9039537759409,999
2024-09-18 15:49:52.684000,415.9159187218714,97
2024-09-18 15:49:52.694000,415.8963334660955,98
2024-09-18 15:49:52.708000,415.9301738690152,1000
2024-09-18 15:49:52.792000,415.9415713724362,100
2024-09-18 15:49:52.852000,415.8830550990856,6
2024-09-18 15:49:52.950000,415.9042914024536,105
2024-09-18 15:49:52.975000,415.94131798581645,1005
2024-09-18 15:49:52.984000,415.9625413368997,996
2024-09-18 15:49:54.196000,415.9279757895143,7
2024-09-18 15:49:54.478000,415.9515268687076,996
2024-09-18 15:49:54.802000,415.9483152368611,104
2024-09-18 15:49:54.907000,415.9222856587597,997
2024-09-18 15:49:54.958000,415.9347366129709,1001
2024-09-18 15:49:55.040000,415.9485885989904,13
2024-09-18 15:49:55.091000,415.94707429013016,14
2024-09-18 15:49:55.092000,415.9531565227166,103
2024-09-18 15:49:55.110000,415.943840906956,97
2024-09-18 15:49:55.113000,415.9457795455245,100
2024-09-18 15:49:55.148000,412.6192402886586,998
2024-09-18 15:49:55.515000,415.9542641395828,102
2024-09-18 15:49:55.579000,412.57842249111104,995
2024-09-18 15:49:55.779000,415.9431826488304,10
2024-09-18 15:49:55.826000,415.9497327744146,98
2024-09-18 15:49:55.965000,415.9411197055803,103
2024-09-18 15:49:56.110000,415.92983938944985,7
2024-09-18 15:49:56.178000,415.9370751943934,1003
2024-09-18 15:49:56.286000,415.9559569614788,6
2024-09-18 15:49:56.325000,415.92036402100666,97
2024-09-18 15:49:56.430000,415.925129599193,97
2024-09-18 15:49:56.431000,415.9377711307087,101
2024-09-18 15:49:56.480000,415.9244480664164,1002
2024-09-18 15:49:56.951000,415.9323894388188,101
2024-09-18 15:49:56.957000,415.9422413909195,1005
2024-09-18 15:49:57.077000,415.95197059584575,12
2024-09-18 15:49:57.088000,415.94617378795726,99
2024-09-18 15:49:57.106000,415.9441718009545,95
2024-09-18 15:49:57.169000,415.97295822221287,15
2024-09-18 15:49:57.175000,415.94784616215065,1002
2024-09-18 15:49:57.203000,415.9510923132212,15
2024-09-18 15:49:57.227000,416.01605086939617,103
2024-09-18 15:49:57.241000,415.9928398740586,1005
2024-09-18 15:49:57.336000,416.01551674656827,995
2024-09-18 15:49:57.368000,415.9634568494264,105
2024-09-18 15:49:57.380000,415.95870763971857,98
2024-09-18 15:49:57.381000,415.98155657982574,102
2024-09-18 15:49:57.415000,415.9423845936165,15
2024-09-18 15:49:57.521000,416.0007910776087,5
2024-09-18 15:49:57.700000,416.0155223259815,11
2024-09-18 15:49:57.754000,415.9486198013605,104
2024-09-18 15:49:57.798000,415.9798438469874,9
2024-09-18 15:49:57.805000,416.0138118437116,13
2024-09-18 15:49:57.851000,415.9897050783509,10
2024-09-18 15:49:57.862000,416.0309896730584,96
2024-09-18 15:49:57.885000,416.0026016162224,102
2024-09-18 15:49:57.947000,415.9861445238217,7
2024-09-18 15:49:57.979000,416.011148716554,1003
2024-09-18 15:49:57.992000,415.9921999075225,1005
2024-09-18 15:49:58.011000,416.0000507327596,14
2024-09-18 15:49:58.021000,416.08829372420655,998
2024-09-18 15:49:58.059000,416.0549493046125,104
2024-09-18 15:49:58.109000,416.01414223215227,104
2024-09-18 15:49:58.109000,416.08818876535,1004
2024-09-18 15:49:58.251000,416.0665564892727,104
2024-09-18 15:49:58.297000,416.0314525965432,1002
2024-09-18 15:49:58.334000,416.058034596364,1004
2024-09-18 15:49:58.454000,416.0201588049682,996
2024-09-18 15:49:58.516000,416.1067408060254,11
2024-09-18 15:49:58.540000,416.0321338097218,96
2024-09-18 15:49:58.595000,416.0461922518009,7
2024-09-18 15:49:58.600000,416.00569467383735,8
2024-09-18 15:49:58.616000,416.0169115223405,99
2024-09-18 15:49:58.634000,416.0875781692978,104
2024-09-18 15:49:58.644000,416.027451500617,13
2024-09-18 15:49:58.700000,416.0389122391905,98
2024-09-18 15:49:58.790000,416.0538561467219,1004
2024-09-18 15:49:58.829000,416.083378545143,103
2024-09-18 15:49:58.834000,416.034939103158,1005
2024-09-18 15:49:58.876000,416.07171987597167,1001
2024-09-18 15:49:58.894000,416.088235715251,9
2024-09-18 15:49:58.932000,416.0574471159493,101
2024-09-18 15:49:58.936000,416.0548859293039,10
2024-09-18 15:49:58.988000,416.0313692811252,14
2024-09-18 15:49:59.020000,416.0249060507873,999
2024-09-18 15:49:59.062000,415.97660214179257,1005
2024-09-18 15:49:59.069000,416.0259865309338,1000
2024-09-18 15:49:59.080000,415.9822436574565,101
2024-09-18 15:49:59.118000,416.0059570548761,101
2024-09-18 15:49:59.282000,415.9861996645489,1005
2024-09-18 15:49:59.285000,415.998430943669,105
2024-09-18 15:49:59.299000,416.0057903371765,96
2024-09-18 15:49:59.353000,416.0101736983432,98
2024-09-18 15:49:59.386000,416.0012590879582,1004
2024-09-18 15:49:59.526000,415.9852474488978,11
2024-09-18 15:49:59.598000,416.0063603338005,1001
2024-09-18 15:49:59.603000,415.9925942820648,97
2024-09-18 15:49:59.643000,416.034961903284,1004
2024-09-18 15:49:59.730000,415.9689264968412,99
2024-09-18 15:49:59.737000,416.0158314369841,5
2024-09-18 15:49:59.781000,415.97119764276255,1003
2024-09-18 15:49:59.852000,416.0172692607199,95
