Timestamp,Price,Size
2024-09-18 10:36:00.033000,411.67730830897887,10
2024-09-18 10:36:00.105000,411.68358842781294,1003
2024-09-18 10:36:00.136000,411.70512993962177,1002
2024-09-18 10:36:00.157000,411.7150697042284,996
2024-09-18 10:36:00.183000,411.6392424830221,102
2024-09-18 10:36:00.191000,411.7021651404118,996
2024-09-18 10:36:00.196000,411.6470257261539,6
2024-09-18 10:36:00.200000,411.6977928971379,9
2024-09-18 10:36:00.226000,411.72829641283886,13
2024-09-18 10:36:00.423000,411.71725593642526,105
2024-09-18 10:36:00.470000,411.6875956056342,101
2024-09-18 10:36:00.481000,411.721458139254,102
2024-09-18 10:36:00.496000,411.66233944416985,996
2024-09-18 10:36:00.503000,411.7085775250004,15
2024-09-18 10:36:00.520000,411.6608301297626,12
2024-09-18 10:36:00.525000,411.6797712205634,1003
2024-09-18 10:36:00.539000,411.7156603540984,8
2024-09-18 10:36:00.563000,411.6429579037698,997
2024-09-18 10:36:00.670000,411.7285533580856,96
2024-09-18 10:36:00.684000,411.6647730970553,1002
2024-09-18 10:36:00.722000,411.6843053352141,1003
2024-09-18 10:36:00.730000,411.6923949812395,11
2024-09-18 10:36:00.737000,411.6884365417609,12
2024-09-18 10:36:00.751000,411.7098102255849,997
2024-09-18 10:36:00.792000,411.6595290801673,996
2024-09-18 10:36:00.826000,411.6820639822883,98
2024-09-18 10:36:00.832000,411.64362606228855,95
2024-09-18 10:36:00.981000,411.7101090988988,996
2024-09-18 10:36:01.045000,411.64526997297423,105
2024-09-18 10:36:01.065000,411.6379961741874,12
2024-09-18 10:36:01.119000,411.6541142627763,995
2024-09-18 10:36:01.192000,411.6827304086952,1002
2024-09-18 10:36:01.302000,411.6846942143477,14
2024-09-18 10:36:01.399000,411.6389925478227,9
2024-09-18 10:36:01.509000,411.6675446458272,14
2024-09-18 10:36:01.542000,411.6688536628543,100
2024-09-18 10:36:01.724000,411.6744434742718,7
2024-09-18 10:36:01.734000,411.6308014474744,11
2024-09-18 10:36:01.743000,411.6584339870399,1005
2024-09-18 10:36:01.920000,411.6337373759746,1004
2024-09-18 10:36:01.973000,411.6401064780894,99
2024-09-18 10:36:02.033000,411.6994823156075,102
2024-09-18 10:36:02.057000,411.7061289718689,102
2024-09-18 10:36:02.111000,411.67865608284166,15
2024-09-18 10:36:02.188000,411.6741168300927,5
2024-09-18 10:36:02.260000,411.69044106778,10
2024-09-18 10:36:02.318000,411.7142429609064,10
2024-09-18 10:36:02.377000,411.6766921370092,9
2024-09-18 10:36:02.390000,411.7269928793609,8
2024-09-18 10:36:02.407000,411.6533520748415,5
2024-09-18 10:36:02.410000,411.6613349901273,99
2024-09-18 10:36:02.508000,411.7069800219848,996
2024-09-18 10:36:02.547000,411.6776344509684,997
2024-09-18 10:36:02.552000,411.7204131326092,8
2024-09-18 10:36:02.571000,411.7091007143091,1002
2024-09-18 10:36:02.615000,411.7029390324135,96
2024-09-18 10:36:02.631000,411.7251070314065,98
2024-09-18 10:36:02.646000,411.73074343530106,98
2024-09-18 10:36:02.681000,411.6621368228021,99
2024-09-18 10:36:02.683000,411.6840811451174,999
2024-09-18 10:36:02.685000,411.6877346933983,997
2024-09-18 10:36:02.709000,411.6963910001685,997
2024-09-18 10:36:02.723000,411.7335556050567,5
2024-09-18 10:36:02.817000,411.6826040804841,1000
2024-09-18 10:36:02.873000,411.7056583586715,5
2024-09-18 10:36:02.927000,411.7319400180711,998
2024-09-18 10:36:02.999000,411.72713148035234,101
2024-09-18 10:36:03.055000,411.6870915880111,14
2024-09-18 10:36:03.061000,411.7333833382126,1000
2024-09-18 10:36:03.062000,411.6953612004706,14
2024-09-18 10:36:03.114000,411.63446938902047,8
2024-09-18 10:36:03.294000,411.6489858795929,12
2024-09-18 10:36:03.350000,411.6890984569692,14
2024-09-18 10:36:03.368000,411.6959619985777,999
2024-09-18 10:36:03.395000,411.64452100477945,105
2024-09-18 10:36:03.416000,411.6939840681129,1005
2024-09-18 10:36:03.426000,411.6485189565842,1001
2024-09-18 10:36:03.455000,411.7069117041954,13
2024-09-18 10:36:03.692000,411.6689945713359,13
2024-09-18 10:36:03.706000,411.69775264253474,1001
2024-09-18 10:36:03.862000,411.70137487174776,1005
2024-09-18 10:36:03.989000,411.6997319334556,1004
2024-09-18 10:36:04.078000,411.6236152501608,101
2024-09-18 10:36:04.214000,411.6522762187895,102
2024-09-18 10:36:04.322000,411.6075489998858,105
2024-09-18 10:36:04.350000,411.70253440568126,96
2024-09-18 10:36:04.461000,411.6763475350215,14
2024-09-18 10:36:04.479000,411.6959772204525,5
2024-09-18 10:36:04.548000,411.6193894935232,5
2024-09-18 10:36:04.629000,411.68672653383,5
2024-09-18 10:36:04.686000,411.6198598086618,14
2024-09-18 10:36:04.772000,411.640325929064,14
2024-09-18 10:36:05.057000,411.6942087574826,1000
2024-09-18 10:36:05.091000,411.74721315088686,10
2024-09-18 10:36:05.108000,411.6814329640948,11
2024-09-18 10:36:05.158000,411.7135839926596,1002
2024-09-18 10:36:05.162000,411.7091190340475,12
2024-09-18 10:36:05.241000,411.67846680699046,6
2024-09-18 10:36:05.295000,411.72265421256407,8
2024-09-18 10:36:05.295000,411.71609110592334,95
2024-09-18 10:36:05.298000,411.711854187776,10
2024-09-18 10:36:05.309000,411.6727720465531,103
2024-09-18 10:36:05.313000,411.744500558258,1004
2024-09-18 10:36:05.344000,411.7278780582748,9
2024-09-18 10:36:05.362000,411.7200691765394,999
2024-09-18 10:36:05.385000,411.70361124202617,9
2024-09-18 10:36:05.404000,411.7462265759003,97
2024-09-18 10:36:05.452000,411.7445693877131,102
2024-09-18 10:36:05.606000,411.71231435722376,14
2024-09-18 10:36:05.770000,411.71566117419246,11
2024-09-18 10:36:05.778000,411.7372536673103,997
2024-09-18 10:36:05.813000,411.7389221251682,1000
2024-09-18 10:36:05.834000,411.7402517989863,95
2024-09-18 10:36:05.845000,411.7137453698278,102
2024-09-18 10:36:05.859000,411.69177280475753,1001
2024-09-18 10:36:05.908000,411.7517191847908,8
2024-09-18 10:36:05.933000,411.7270965775618,996
2024-09-18 10:36:05.936000,411.7075885375424,95
2024-09-18 10:36:05.965000,411.70892278845696,1000
2024-09-18 10:36:05.980000,411.7450145202513,101
2024-09-18 10:36:06.071000,411.8504652934381,102
2024-09-18 10:36:06.107000,411.8412495451257,1000
2024-09-18 10:36:06.219000,411.7839858327296,104
2024-09-18 10:36:06.258000,411.768184596075,8
2024-09-18 10:36:06.369000,411.87997006199726,13
2024-09-18 10:36:06.447000,411.8294672275111,999
2024-09-18 10:36:06.448000,411.8583137262872,95
2024-09-18 10:36:06.459000,411.8018509648034,5
2024-09-18 10:36:06.481000,411.8554187606062,98
2024-09-18 10:36:06.492000,411.8380668262533,1000
2024-09-18 10:36:06.548000,411.841307515903,98
2024-09-18 10:36:06.607000,411.8555969751684,5
2024-09-18 10:36:06.696000,411.86521411879215,13
2024-09-18 10:36:06.757000,411.7978276028283,1005
2024-09-18 10:36:06.788000,411.8384274032339,997
2024-09-18 10:36:06.798000,411.8684951476242,7
2024-09-18 10:36:06.801000,411.78715084440176,999
2024-09-18 10:36:06.821000,411.87784543746335,1002
2024-09-18 10:36:06.831000,411.8509550411229,104
2024-09-18 10:36:06.840000,411.8835210449655,1001
2024-09-18 10:36:06.860000,411.8301783949895,95
2024-09-18 10:36:06.864000,411.864735258444,12
2024-09-18 10:36:06.919000,411.8721411859072,100
2024-09-18 10:36:06.954000,411.7729377494916,97
2024-09-18 10:36:06.961000,411.7840066789834,103
2024-09-18 10:36:06.973000,411.8519433009069,104
2024-09-18 10:36:07.099000,411.8684588181901,6
2024-09-18 10:36:07.168000,411.8641518973354,1000
2024-09-18 10:36:07.235000,411.8685126488138,995
2024-09-18 10:36:07.325000,411.8755857272858,996
2024-09-18 10:36:07.329000,411.8614918757413,11
2024-09-18 10:36:07.331000,411.8626205692246,97
2024-09-18 10:36:07.461000,411.8790741125677,1003
2024-09-18 10:36:07.481000,411.8531150662912,102
2024-09-18 10:36:07.524000,411.8557590218828,996
2024-09-18 10:36:07.528000,411.879982812896,998
2024-09-18 10:36:07.543000,411.8711266027436,13
2024-09-18 10:36:07.546000,411.8789027816776,98
2024-09-18 10:36:07.557000,411.87538592631546,8
2024-09-18 10:36:07.578000,411.88243143178113,99
2024-09-18 10:36:07.622000,411.85897649035854,103
2024-09-18 10:36:07.642000,411.89135070460907,98
2024-09-18 10:36:07.685000,411.8589242388521,1003
2024-09-18 10:36:07.762000,411.871903425826,99
2024-09-18 10:36:07.788000,411.8705830351237,105
2024-09-18 10:36:07.809000,411.88515450935415,1005
2024-09-18 10:36:07.857000,411.8715035581783,1003
2024-09-18 10:36:07.868000,411.87264979903887,7
2024-09-18 10:36:07.884000,411.8775013274966,1001
2024-09-18 10:36:07.891000,411.8742957939272,14
2024-09-18 10:36:07.917000,411.879395949582,14
2024-09-18 10:36:07.991000,411.87998089100176,995
2024-09-18 10:36:08.100000,411.8553527595795,1002
2024-09-18 10:36:08.121000,411.9336704005344,998
2024-09-18 10:36:08.168000,411.9080797240106,6
2024-09-18 10:36:08.388000,411.9149217327628,12
2024-09-18 10:36:08.400000,411.93878530096094,11
2024-09-18 10:36:08.524000,411.8951078627903,999
2024-09-18 10:36:08.532000,411.9156719687869,1000
2024-09-18 10:36:08.713000,411.8730609027484,1005
2024-09-18 10:36:08.933000,411.88187732029553,1004
2024-09-18 10:36:08.978000,411.8580141433943,995
2024-09-18 10:36:09.014000,411.8662641457484,103
2024-09-18 10:36:09.041000,411.8538324072835,102
2024-09-18 10:36:09.087000,411.8648563850634,997
2024-09-18 10:36:09.350000,411.87705287107286,96
2024-09-18 10:36:09.408000,411.89350622058697,1005
2024-09-18 10:36:09.504000,411.8570809486836,1001
2024-09-18 10:36:09.581000,411.8538273054514,7
2024-09-18 10:36:09.751000,411.87026361544457,1000
2024-09-18 10:36:09.832000,411.8777576878347,95
2024-09-18 10:36:09.904000,411.8686180421482,999
2024-09-18 10:36:10.036000,411.8996748869574,11
2024-09-18 10:36:10.092000,411.9007414256347,1001
2024-09-18 10:36:10.103000,411.9081850966748,1003
2024-09-18 10:36:10.180000,411.91927494015147,15
2024-09-18 10:36:10.216000,411.91217524628814,1004
2024-09-18 10:36:10.295000,411.8962469386842,103
2024-09-18 10:36:10.310000,411.8943225415323,995
2024-09-18 10:36:10.333000,411.9188490003765,8
2024-09-18 10:36:10.341000,411.885679191252,7
2024-09-18 10:36:10.385000,411.9049120826774,11
2024-09-18 10:36:10.426000,411.91618885420473,99
2024-09-18 10:36:10.440000,411.9140667671791,11
2024-09-18 10:36:10.466000,411.8944107779018,9
2024-09-18 10:36:10.608000,411.8488578339708,13
2024-09-18 10:36:10.636000,411.9183227504921,104
2024-09-18 10:36:10.712000,411.9050033497592,996
2024-09-18 10:36:10.739000,411.9176647471343,1002
2024-09-18 10:36:10.758000,411.864458338919,997
2024-09-18 10:36:10.782000,411.8927455439291,1004
2024-09-18 10:36:10.789000,411.8900321857904,13
2024-09-18 10:36:10.885000,411.9124068969366,99
2024-09-18 10:36:10.893000,411.87078590457855,100
2024-09-18 10:36:10.917000,411.8871132069144,7
2024-09-18 10:36:10.960000,411.90150273277646,99
2024-09-18 10:36:11.012000,411.92658575468585,104
2024-09-18 10:36:11.117000,411.9313068707485,997
2024-09-18 10:36:11.326000,411.9372611304237,1003
2024-09-18 10:36:11.648000,411.9393037084164,1000
2024-09-18 10:36:11.707000,411.94219014978,8
2024-09-18 10:36:11.730000,411.92724873594113,97
2024-09-18 10:36:11.748000,411.9351322095525,98
2024-09-18 10:36:11.829000,411.9275917115749,5
2024-09-18 10:36:11.927000,411.92614692380687,5
2024-09-18 10:36:11.961000,411.9236351498328,997
2024-09-18 10:36:12,411.9520854685845,7
2024-09-18 10:36:12.052000,411.9519321410478,1000
2024-09-18 10:36:12.108000,411.88048068601626,14
2024-09-18 10:36:12.188000,411.9152492998639,15
2024-09-18 10:36:12.220000,411.90094075034295,15
2024-09-18 10:36:12.221000,411.8874023219295,999
2024-09-18 10:36:12.253000,411.8919572897347,10
2024-09-18 10:36:12.270000,411.9338433397002,1004
2024-09-18 10:36:12.286000,411.9220880568615,1000
2024-09-18 10:36:12.290000,411.9044852831069,998
2024-09-18 10:36:12.300000,411.8825766673541,1005
2024-09-18 10:36:12.331000,411.915770560289,105
2024-09-18 10:36:12.337000,411.961219116268,100
2024-09-18 10:36:12.377000,411.9053635657932,1004
2024-09-18 10:36:12.380000,411.8835030914688,103
2024-09-18 10:36:12.404000,411.9389666038971,995
2024-09-18 10:36:12.505000,411.91479850504487,13
2024-09-18 10:36:12.572000,411.880027526552,12
2024-09-18 10:36:12.707000,411.88402805550817,14
2024-09-18 10:36:12.719000,411.9061580945344,10
2024-09-18 10:36:12.727000,411.87104768302646,14
2024-09-18 10:36:12.741000,411.9346591756194,12
2024-09-18 10:36:12.746000,411.9076754333995,104
2024-09-18 10:36:12.784000,411.9372396615818,99
2024-09-18 10:36:12.906000,411.9031854254741,5
2024-09-18 10:36:12.950000,411.89239277741535,95
2024-09-18 10:36:12.958000,411.9686659338447,12
2024-09-18 10:36:12.963000,411.9273079173002,6
2024-09-18 10:36:12.988000,411.9628495360308,11
2024-09-18 10:36:12.991000,411.8800723560746,12
2024-09-18 10:36:13.143000,411.947369691226,9
2024-09-18 10:36:13.241000,411.9726252377658,7
2024-09-18 10:36:13.284000,411.95123908920186,998
2024-09-18 10:36:13.296000,411.9131751162936,1004
2024-09-18 10:36:13.516000,411.9789475012385,100
2024-09-18 10:36:13.559000,411.92738614365305,997
2024-09-18 10:36:13.631000,411.94169137019605,97
2024-09-18 10:36:13.783000,411.9287116600122,95
2024-09-18 10:36:14.090000,411.9509136136453,5
2024-09-18 10:36:14.220000,411.92639648888496,998
2024-09-18 10:36:14.256000,411.9109181654675,15
2024-09-18 10:36:14.274000,411.9356066012634,8
2024-09-18 10:36:14.279000,411.9586242838408,98
2024-09-18 10:36:14.316000,411.9592160344627,10
2024-09-18 10:36:14.326000,411.9293423557237,8
2024-09-18 10:36:14.365000,411.9018528035685,11
2024-09-18 10:36:14.390000,411.9169007381919,1004
2024-09-18 10:36:14.451000,411.903118438601,998
2024-09-18 10:36:14.490000,411.9667324778404,5
2024-09-18 10:36:14.522000,411.9009523114369,7
2024-09-18 10:36:14.566000,411.9491750234927,995
2024-09-18 10:36:14.589000,411.9077893786427,12
2024-09-18 10:36:14.617000,411.9593706547303,10
2024-09-18 10:36:14.744000,411.9236105982853,97
2024-09-18 10:36:14.758000,411.9518743327873,1004
2024-09-18 10:36:14.759000,411.9222795661908,14
2024-09-18 10:36:14.802000,411.9539790342677,95
2024-09-18 10:36:14.848000,411.9191979637666,9
2024-09-18 10:36:14.861000,411.947566030585,12
2024-09-18 10:36:14.877000,411.9277763733771,12
2024-09-18 10:36:14.898000,411.9472457543294,100
2024-09-18 10:36:14.969000,411.9254955897312,12
2024-09-18 10:36:15.019000,411.97828349369325,101
2024-09-18 10:36:15.041000,411.97635538425,1001
2024-09-18 10:36:15.049000,411.9121671279845,101
2024-09-18 10:36:15.173000,411.9956577367952,102
2024-09-18 10:36:15.208000,411.9951011999878,99
2024-09-18 10:36:15.230000,411.94274069444793,998
2024-09-18 10:36:15.260000,411.9966319701721,1004
2024-09-18 10:36:15.262000,411.9820788686205,10
2024-09-18 10:36:15.267000,411.9390957427676,100
2024-09-18 10:36:15.307000,411.9957649134348,998
2024-09-18 10:36:15.333000,411.98307643002113,100
2024-09-18 10:36:15.346000,411.9853700176246,998
2024-09-18 10:36:15.492000,411.9564003633705,15
2024-09-18 10:36:15.564000,411.9337798627811,99
2024-09-18 10:36:15.566000,411.9911734747473,1000
2024-09-18 10:36:15.586000,411.93188482819954,98
2024-09-18 10:36:15.612000,411.9767491251899,95
2024-09-18 10:36:15.649000,411.9540977922181,100
2024-09-18 10:36:15.662000,411.98276611299895,1002
2024-09-18 10:36:15.686000,411.9052957948648,96
2024-09-18 10:36:15.698000,411.9812537158583,95
2024-09-18 10:36:15.830000,411.9744191679306,13
2024-09-18 10:36:15.844000,411.9910103672569,1002
2024-09-18 10:36:15.901000,411.96581053576136,97
2024-09-18 10:36:15.964000,411.9808903935639,1002
2024-09-18 10:36:16.045000,411.974369491086,15
2024-09-18 10:36:16.056000,411.9831558721929,11
2024-09-18 10:36:16.166000,411.93690237465177,11
2024-09-18 10:36:16.207000,411.9836644197369,11
2024-09-18 10:36:16.273000,411.9647002593035,8
2024-09-18 10:36:16.462000,411.9490306957893,10
2024-09-18 10:36:16.710000,411.98051712951417,9
2024-09-18 10:36:16.805000,411.9652838456751,100
2024-09-18 10:36:17.150000,411.92874959885233,95
2024-09-18 10:36:17.226000,411.9239360913224,13
2024-09-18 10:36:17.229000,411.9190287072067,1000
2024-09-18 10:36:17.238000,411.9258577591368,104
2024-09-18 10:36:17.253000,411.9244988759884,1003
2024-09-18 10:36:17.619000,411.9289068721967,96
2024-09-18 10:36:17.742000,411.91637884430617,1004
2024-09-18 10:36:17.770000,411.9139872755808,100
2024-09-18 10:36:17.914000,411.9172074189344,96
2024-09-18 10:36:17.980000,411.9240264645196,11
2024-09-18 10:36:18.026000,411.9035290716786,97
2024-09-18 10:36:18.056000,411.9477267914801,100
2024-09-18 10:36:18.134000,411.9071602383706,1005
2024-09-18 10:36:18.161000,411.9601313289393,1004
2024-09-18 10:36:18.269000,411.9273222148949,11
2024-09-18 10:36:18.361000,411.9261602353136,7
2024-09-18 10:36:18.379000,411.91762571308703,997
2024-09-18 10:36:18.418000,411.9425593171362,103
2024-09-18 10:36:18.428000,411.8785698715057,99
2024-09-18 10:36:18.432000,411.9512726941381,15
2024-09-18 10:36:18.471000,411.94377106463696,99
2024-09-18 10:36:18.500000,411.8883793570832,1003
2024-09-18 10:36:18.518000,411.9154134667013,996
2024-09-18 10:36:18.539000,411.94331368143537,996
2024-09-18 10:36:18.599000,411.91952654150873,7
2024-09-18 10:36:18.655000,411.9246550121818,10
2024-09-18 10:36:18.714000,411.900378381189,103
2024-09-18 10:36:18.762000,411.937172446333,105
2024-09-18 10:36:18.768000,411.9580752747817,97
2024-09-18 10:36:18.819000,411.917238758202,99
2024-09-18 10:36:18.831000,411.9252038440597,96
2024-09-18 10:36:18.849000,411.9247181138597,11
2024-09-18 10:36:18.967000,411.8914161789842,99
2024-09-18 10:36:19.050000,411.9208510844237,1000
2024-09-18 10:36:19.133000,411.9161330477274,1004
2024-09-18 10:36:19.867000,411.90144067123896,5
2024-09-18 10:36:20.755000,411.9174787592773,8
2024-09-18 10:36:21.088000,411.9806298331755,101
2024-09-18 10:36:21.090000,411.9370609646577,1000
2024-09-18 10:36:21.103000,411.98254917405,1002
2024-09-18 10:36:21.126000,411.913584690507,1003
2024-09-18 10:36:21.177000,411.92275657690107,999
2024-09-18 10:36:21.216000,411.96957526620434,11
2024-09-18 10:36:21.233000,411.9589087087968,996
2024-09-18 10:36:21.238000,411.9637621280485,6
2024-09-18 10:36:21.269000,411.9795035994736,103
2024-09-18 10:36:21.351000,411.9654792493304,15
2024-09-18 10:36:21.355000,411.99096727726345,998
2024-09-18 10:36:21.357000,411.96572820560107,95
2024-09-18 10:36:21.453000,411.9812015048413,998
2024-09-18 10:36:21.563000,411.9759877671637,7
2024-09-18 10:36:21.566000,411.94238025926137,12
2024-09-18 10:36:21.655000,411.965545273872,9
2024-09-18 10:36:21.711000,411.9953767613155,998
2024-09-18 10:36:21.789000,411.9812852501124,99
2024-09-18 10:36:21.807000,411.9434626843942,9
2024-09-18 10:36:21.819000,411.9402365801445,95
2024-09-18 10:36:21.872000,411.9194646332403,8
2024-09-18 10:36:21.897000,411.9609187132936,97
2024-09-18 10:36:22.010000,412.0642325232902,1004
2024-09-18 10:36:22.059000,411.9572922643895,996
2024-09-18 10:36:22.066000,411.9645174383848,104
2024-09-18 10:36:22.078000,412.02929122981215,1005
2024-09-18 10:36:22.092000,412.0246103546031,9
2024-09-18 10:36:22.163000,412.02907107424335,10
2024-09-18 10:36:22.194000,411.946632286336,996
2024-09-18 10:36:22.270000,412.0303237667679,1005
2024-09-18 10:36:22.291000,411.9531536849048,996
2024-09-18 10:36:22.357000,411.9427714770535,1000
2024-09-18 10:36:22.391000,411.9570655747891,95
2024-09-18 10:36:22.453000,411.9778565567547,100
2024-09-18 10:36:22.454000,412.0754781205976,995
2024-09-18 10:36:22.493000,411.9802767033439,996
2024-09-18 10:36:22.495000,412.0777255908548,1000
2024-09-18 10:36:22.520000,411.9863427889636,11
2024-09-18 10:36:22.555000,411.9429567978348,1003
2024-09-18 10:36:22.563000,411.9694924032615,14
2024-09-18 10:36:22.593000,412.02717271762674,98
2024-09-18 10:36:22.604000,412.0097908392733,104
2024-09-18 10:36:22.621000,411.9572238249117,1005
2024-09-18 10:36:22.727000,412.0355920805006,97
2024-09-18 10:36:22.784000,411.94352863841925,9
2024-09-18 10:36:22.834000,411.9928921050896,104
2024-09-18 10:36:22.852000,411.9823481984534,96
2024-09-18 10:36:22.854000,411.9476844800821,1000
2024-09-18 10:36:22.896000,411.9585147974471,8
2024-09-18 10:36:23.186000,412.0770808832005,1003
2024-09-18 10:36:23.377000,412.07568670583936,12
2024-09-18 10:36:23.389000,412.090912497759,95
2024-09-18 10:36:24.049000,412.1263658094669,101
2024-09-18 10:36:24.057000,412.1361448170572,8
2024-09-18 10:36:24.074000,412.1674768041804,103
2024-09-18 10:36:24.192000,412.1043844029954,99
2024-09-18 10:36:24.219000,412.1302198872537,98
2024-09-18 10:36:24.277000,412.1721265719773,12
2024-09-18 10:36:24.316000,412.17428413208427,1005
2024-09-18 10:36:24.328000,412.123130499158,104
2024-09-18 10:36:24.541000,412.0904788107001,998
2024-09-18 10:36:24.624000,412.12625747647775,102
2024-09-18 10:36:24.692000,412.131875035395,999
2024-09-18 10:36:24.764000,412.1247695157196,102
2024-09-18 10:36:25.151000,412.1883002144905,15
2024-09-18 10:36:25.404000,412.172636828225,995
2024-09-18 10:36:25.603000,412.1972710779008,1004
2024-09-18 10:36:25.783000,412.1845187708995,14
2024-09-18 10:36:26.125000,412.18691597427926,1004
2024-09-18 10:36:26.175000,412.17038137308384,8
2024-09-18 10:36:26.232000,412.1885800243307,5
2024-09-18 10:36:26.257000,412.1609943900394,6
2024-09-18 10:36:26.287000,412.1787959097911,99
2024-09-18 10:36:26.296000,412.1684444392147,1005
2024-09-18 10:36:26.309000,412.15771477141567,997
2024-09-18 10:36:26.352000,412.1678290934393,1003
2024-09-18 10:36:26.361000,412.1711620514687,1001
2024-09-18 10:36:26.400000,412.1684356849416,10
2024-09-18 10:36:26.650000,412.16741233080734,5
2024-09-18 10:36:26.859000,412.1629052088817,998
2024-09-18 10:36:26.864000,412.1655720690307,10
2024-09-18 10:36:26.865000,412.1626915324344,1002
2024-09-18 10:36:26.893000,412.1867154017635,1000
2024-09-18 10:36:26.936000,412.169511353752,15
2024-09-18 10:36:27.102000,412.1079910364555,104
2024-09-18 10:36:27.113000,412.1433431270075,14
2024-09-18 10:36:27.147000,412.1126771862049,1003
2024-09-18 10:36:27.173000,412.09614681768034,995
2024-09-18 10:36:27.192000,412.1577055937405,15
2024-09-18 10:36:27.193000,412.1101795661021,997
2024-09-18 10:36:27.244000,412.0881178125511,97
2024-09-18 10:36:27.366000,412.0985176628758,995
2024-09-18 10:36:27.426000,412.09634762885753,996
2024-09-18 10:36:27.446000,412.1167188955124,999
2024-09-18 10:36:27.493000,412.15364347076377,12
2024-09-18 10:36:27.518000,412.1025682397792,1002
2024-09-18 10:36:27.519000,412.083732266101,1002
2024-09-18 10:36:27.532000,412.1478521512903,98
2024-09-18 10:36:27.570000,412.0654899139223,998
2024-09-18 10:36:27.576000,412.1408535678737,995
2024-09-18 10:36:27.597000,412.0788326167968,995
2024-09-18 10:36:27.606000,412.1392549286432,999
2024-09-18 10:36:27.637000,412.1248194876605,100
2024-09-18 10:36:27.676000,412.15340941512216,95
2024-09-18 10:36:27.719000,412.0768694307538,98
2024-09-18 10:36:27.841000,412.0851007756657,1003
2024-09-18 10:36:27.853000,412.1353745978119,996
2024-09-18 10:36:27.870000,412.1431889524218,999
2024-09-18 10:36:27.919000,412.1544553095105,1004
2024-09-18 10:36:28.011000,412.0757780728208,95
2024-09-18 10:36:28.053000,412.08230072466097,99
2024-09-18 10:36:28.106000,412.0700461453709,995
2024-09-18 10:36:28.137000,412.0603592484578,14
2024-09-18 10:36:28.161000,412.0573408346148,7
2024-09-18 10:36:28.206000,412.0641615563673,998
2024-09-18 10:36:28.360000,412.07061247633993,14
2024-09-18 10:36:28.485000,412.1003649145559,998
2024-09-18 10:36:28.633000,412.058502459782,101
2024-09-18 10:36:28.755000,412.0887812760056,1001
2024-09-18 10:36:28.857000,412.0662808098476,999
2024-09-18 10:36:29.010000,412.0420474029775,5
2024-09-18 10:36:29.068000,412.06605580330194,11
2024-09-18 10:36:29.203000,412.1338784998497,99
2024-09-18 10:36:29.396000,412.070777330673,1003
2024-09-18 10:36:29.399000,412.0963712374543,98
2024-09-18 10:36:29.421000,412.07568289260433,10
2024-09-18 10:36:29.462000,412.0407803323144,5
2024-09-18 10:36:29.478000,412.074092243214,101
2024-09-18 10:36:29.501000,412.0653698260828,14
2024-09-18 10:36:29.546000,412.0602740807405,999
2024-09-18 10:36:29.555000,412.0841872174505,995
2024-09-18 10:36:29.572000,412.1348140660639,14
2024-09-18 10:36:29.628000,412.1182391878695,102
2024-09-18 10:36:29.678000,412.0532078275807,1001
2024-09-18 10:36:29.687000,412.10737225575895,105
2024-09-18 10:36:29.688000,412.0953866158736,7
2024-09-18 10:36:29.737000,412.0565813481191,998
2024-09-18 10:36:29.741000,412.0317859411465,103
2024-09-18 10:36:29.763000,412.1545591624925,1000
2024-09-18 10:36:29.779000,412.0587462374675,14
2024-09-18 10:36:29.830000,412.0922028793801,8
2024-09-18 10:36:29.938000,412.0834565087413,105
2024-09-18 10:36:29.939000,412.06477115508113,7
2024-09-18 10:36:29.947000,412.0461028348812,103
2024-09-18 10:36:30.010000,412.0948408590767,97
2024-09-18 10:36:30.056000,412.1779581405792,1001
2024-09-18 10:36:30.125000,412.1832449242468,997
2024-09-18 10:36:30.189000,412.09276595593207,9
2024-09-18 10:36:30.236000,412.13765293570606,97
2024-09-18 10:36:30.264000,412.1794438344837,104
2024-09-18 10:36:30.356000,412.1798574443466,1005
2024-09-18 10:36:30.383000,412.1961284103204,999
2024-09-18 10:36:30.418000,412.1369575292461,1002
2024-09-18 10:36:30.472000,412.16266707522834,1004
2024-09-18 10:36:30.480000,412.1923215593041,15
2024-09-18 10:36:30.485000,412.1462374489976,102
2024-09-18 10:36:30.495000,412.14973775099793,15
2024-09-18 10:36:30.500000,412.1492409407209,6
2024-09-18 10:36:30.535000,412.1162253449827,105
2024-09-18 10:36:30.549000,412.1868540132634,1002
2024-09-18 10:36:30.558000,412.1845088639849,105
2024-09-18 10:36:30.577000,412.1653030392509,1003
2024-09-18 10:36:30.678000,412.1753617978883,103
2024-09-18 10:36:30.687000,412.1461328255753,15
2024-09-18 10:36:30.723000,412.09528113023663,98
2024-09-18 10:36:30.730000,412.173436623928,14
2024-09-18 10:36:30.749000,412.1431466940134,104
2024-09-18 10:36:30.816000,412.1939372344557,997
2024-09-18 10:36:30.816000,412.1805833208916,99
2024-09-18 10:36:30.827000,412.1858275597637,998
2024-09-18 10:36:30.874000,412.1662720010007,103
2024-09-18 10:36:30.899000,412.17797350912775,100
2024-09-18 10:36:31.281000,412.181650453584,1000
2024-09-18 10:36:31.325000,412.2056842341472,100
2024-09-18 10:36:31.390000,412.2040600250905,15
2024-09-18 10:36:31.661000,412.1841048718072,1000
2024-09-18 10:36:31.918000,412.19057570176057,7
2024-09-18 10:36:32.056000,412.2234317507405,15
2024-09-18 10:36:32.057000,412.2085649723674,1001
2024-09-18 10:36:32.333000,412.190655245737,105
2024-09-18 10:36:32.569000,412.1723897520617,1002
2024-09-18 10:36:32.681000,412.2230490080808,7
2024-09-18 10:36:32.688000,412.2070822874397,8
2024-09-18 10:36:32.772000,412.2215179808608,95
2024-09-18 10:36:32.783000,412.20235732923845,104
2024-09-18 10:36:32.846000,412.19201367264526,10
2024-09-18 10:36:32.956000,412.2220360236691,1005
2024-09-18 10:36:32.961000,412.2124011048656,96
2024-09-18 10:36:33.017000,412.1979358508704,97
2024-09-18 10:36:33.109000,412.2316361449626,1000
2024-09-18 10:36:33.309000,412.15669389699394,99
2024-09-18 10:36:33.530000,412.1957076654288,1002
2024-09-18 10:36:33.592000,412.1461156308415,1003
2024-09-18 10:36:33.592000,412.157024828037,103
2024-09-18 10:36:33.594000,412.2389331507995,9
2024-09-18 10:36:33.824000,412.15415268385885,9
2024-09-18 10:36:33.845000,412.2062981320646,9
2024-09-18 10:36:33.852000,412.1505212855356,97
2024-09-18 10:36:33.903000,412.2371679036143,99
2024-09-18 10:36:33.951000,412.18048712501735,104
2024-09-18 10:36:33.974000,412.2177307577537,101
2024-09-18 10:36:33.983000,412.19477439227023,1003
2024-09-18 10:36:34.049000,412.1646430339024,105
2024-09-18 10:36:34.103000,412.13293462152575,14
2024-09-18 10:36:34.154000,412.1105065066599,6
2024-09-18 10:36:34.193000,412.1520500222208,5
2024-09-18 10:36:34.229000,412.1117930945406,6
2024-09-18 10:36:34.308000,412.13683775567233,98
2024-09-18 10:36:34.353000,412.10512163238144,1003
2024-09-18 10:36:34.383000,412.1445063260781,13
2024-09-18 10:36:34.459000,412.13518257639055,996
2024-09-18 10:36:34.530000,412.1612990177118,998
2024-09-18 10:36:34.552000,412.154198737388,5
2024-09-18 10:36:34.568000,412.1427823779071,99
2024-09-18 10:36:34.584000,412.111686737304,98
2024-09-18 10:36:34.598000,412.1421251906741,1000
2024-09-18 10:36:34.616000,412.12997232714736,102
2024-09-18 10:36:34.688000,412.139727094441,1003
2024-09-18 10:36:34.690000,412.15172809855966,13
2024-09-18 10:36:34.732000,412.1417681431642,13
2024-09-18 10:36:34.845000,412.1550818401148,101
2024-09-18 10:36:34.865000,412.1167443182409,6
2024-09-18 10:36:34.916000,412.1134976094813,999
2024-09-18 10:36:34.986000,412.1481497525349,102
2024-09-18 10:36:35.008000,412.1095516847046,98
2024-09-18 10:36:35.096000,412.09988371152576,8
2024-09-18 10:36:35.098000,412.1039280837676,1002
2024-09-18 10:36:35.231000,412.0803470778216,100
2024-09-18 10:36:35.257000,412.0937182276152,999
2024-09-18 10:36:35.270000,412.0699774331114,98
2024-09-18 10:36:35.341000,412.1028315666509,101
2024-09-18 10:36:35.342000,412.10137028340256,1005
2024-09-18 10:36:35.368000,412.0798761395171,5
2024-09-18 10:36:35.378000,412.07956194677774,8
2024-09-18 10:36:35.430000,412.1055394298937,7
2024-09-18 10:36:35.543000,412.10345258885707,96
2024-09-18 10:36:35.589000,412.0863966864321,999
2024-09-18 10:36:35.598000,412.1050299208324,9
2024-09-18 10:36:35.693000,412.12057878629855,8
2024-09-18 10:36:35.702000,412.10781824539424,105
2024-09-18 10:36:35.928000,412.09299910193465,9
2024-09-18 10:36:35.997000,412.091272303465,1005
2024-09-18 10:36:36.055000,412.1397764446441,101
2024-09-18 10:36:36.086000,412.1152206351389,11
2024-09-18 10:36:36.119000,412.1479806510994,98
2024-09-18 10:36:36.267000,412.1559908568577,1003
2024-09-18 10:36:36.407000,412.13806149536657,99
2024-09-18 10:36:36.541000,412.1450537629048,101
2024-09-18 10:36:36.608000,412.1138946924564,104
2024-09-18 10:36:36.848000,412.12337582921936,99
2024-09-18 10:36:36.904000,412.1391356087461,10
2024-09-18 10:36:37.610000,412.1163551650208,13
2024-09-18 10:36:38.026000,412.1052597256223,15
2024-09-18 10:36:38.043000,412.13789325568496,15
2024-09-18 10:36:38.060000,412.08938369326575,13
2024-09-18 10:36:38.114000,412.0887789885682,1005
2024-09-18 10:36:38.145000,412.1014771853347,7
2024-09-18 10:36:38.151000,412.10917860847496,1002
2024-09-18 10:36:38.153000,412.1412980254137,6
2024-09-18 10:36:38.191000,412.1454227018584,996
2024-09-18 10:36:38.267000,412.1344193471681,11
2024-09-18 10:36:38.371000,412.1604561212332,97
2024-09-18 10:36:38.376000,412.1855445683688,12
2024-09-18 10:36:38.398000,412.1137948457172,999
2024-09-18 10:36:38.430000,412.1461018347565,98
2024-09-18 10:36:38.532000,412.0867929063764,8
2024-09-18 10:36:38.586000,412.1375089685019,104
2024-09-18 10:36:38.595000,412.1198931355187,997
2024-09-18 10:36:38.596000,412.1583392589511,9
2024-09-18 10:36:38.604000,412.0828861108371,1003
2024-09-18 10:36:38.639000,412.1011552609654,95
2024-09-18 10:36:38.682000,412.0853800742551,105
2024-09-18 10:36:38.697000,412.08515610781103,1000
2024-09-18 10:36:38.716000,412.176135962354,998
2024-09-18 10:36:38.875000,412.11188056227456,995
2024-09-18 10:36:38.877000,412.1121816789503,1003
2024-09-18 10:36:38.886000,412.1569473817252,995
2024-09-18 10:36:38.943000,412.1029439860777,102
2024-09-18 10:36:38.977000,412.1497599716663,6
2024-09-18 10:36:38.995000,412.10916873261374,13
2024-09-18 10:36:39.064000,412.0240214093346,995
2024-09-18 10:36:39.216000,412.0341442464451,997
2024-09-18 10:36:39.310000,412.0461646744679,95
2024-09-18 10:36:39.403000,412.0277837398691,9
2024-09-18 10:36:39.458000,412.0498664037173,11
2024-09-18 10:36:39.460000,412.0501131066475,103
2024-09-18 10:36:39.483000,412.04683457083536,96
2024-09-18 10:36:39.494000,412.0376979756337,1003
2024-09-18 10:36:39.519000,412.05156835214814,99
2024-09-18 10:36:39.706000,412.0715703105102,1004
2024-09-18 10:36:39.954000,412.0266595168057,95
2024-09-18 10:36:40.119000,412.0466844290036,101
2024-09-18 10:36:40.205000,412.04399398389927,1000
2024-09-18 10:36:40.288000,412.0389549296911,1002
2024-09-18 10:36:40.532000,412.0590760769492,7
2024-09-18 10:36:40.721000,412.0408463136783,102
2024-09-18 10:36:40.859000,412.03538759675706,9
2024-09-18 10:36:40.890000,412.0313263217272,9
2024-09-18 10:36:40.896000,412.0181574112605,103
2024-09-18 10:36:40.904000,412.05880202442864,12
2024-09-18 10:36:40.977000,412.0337388540409,1004
2024-09-18 10:36:40.993000,412.0098604575796,9
2024-09-18 10:36:41.027000,411.9582420969946,104
2024-09-18 10:36:41.145000,411.9873335817705,15
2024-09-18 10:36:41.150000,411.9769410910447,5
2024-09-18 10:36:41.183000,411.9814156422578,997
2024-09-18 10:36:41.192000,411.9771917828248,8
2024-09-18 10:36:41.223000,411.9479875916194,998
2024-09-18 10:36:41.227000,411.9489586811735,15
2024-09-18 10:36:41.242000,412.0239363980188,7
2024-09-18 10:36:41.341000,411.927424486764,1001
2024-09-18 10:36:41.402000,411.9804954952804,95
2024-09-18 10:36:41.442000,411.9860600178324,11
2024-09-18 10:36:41.525000,411.9464150323796,97
2024-09-18 10:36:41.603000,411.99517683406526,996
2024-09-18 10:36:41.625000,411.9747557041997,11
2024-09-18 10:36:41.642000,411.94966804761,105
2024-09-18 10:36:41.678000,411.93093023415736,15
2024-09-18 10:36:41.703000,412.0119372944706,15
2024-09-18 10:36:41.751000,411.9948593645436,103
2024-09-18 10:36:41.802000,412.02005202457184,6
2024-09-18 10:36:41.869000,412.0013026933986,1001
2024-09-18 10:36:41.878000,411.9888523055093,15
2024-09-18 10:36:41.882000,411.9569081052703,96
2024-09-18 10:36:41.882000,412.0044283339806,1005
2024-09-18 10:36:41.925000,412.012615608412,1000
2024-09-18 10:36:41.964000,412.0078250564838,103
2024-09-18 10:36:42.247000,411.9947567804807,995
2024-09-18 10:36:42.345000,412.010900802596,8
2024-09-18 10:36:42.481000,411.9805902938435,13
2024-09-18 10:36:42.681000,411.9896261769753,1005
2024-09-18 10:36:42.746000,411.991434941502,5
2024-09-18 10:36:42.795000,411.98040391847707,1002
2024-09-18 10:36:44.013000,412.03978317828216,5
2024-09-18 10:36:44.112000,412.0105136420707,1001
2024-09-18 10:36:44.273000,412.028287528622,95
2024-09-18 10:36:44.294000,412.0204373983776,8
2024-09-18 10:36:44.315000,412.01296737622863,5
2024-09-18 10:36:44.437000,412.0187320242183,11
2024-09-18 10:36:44.444000,412.0129799551426,995
2024-09-18 10:36:44.448000,412.05495515837896,998
2024-09-18 10:36:44.468000,412.0394637173854,7
2024-09-18 10:36:44.532000,412.0444877562848,996
2024-09-18 10:36:44.539000,412.0408118659503,95
2024-09-18 10:36:44.765000,412.0536798965651,1002
2024-09-18 10:36:44.858000,412.0518705614066,99
2024-09-18 10:36:44.881000,412.0272031142515,9
2024-09-18 10:36:44.938000,412.0580503879525,104
2024-09-18 10:36:44.952000,412.041489140852,97
2024-09-18 10:36:44.984000,412.0493391089583,14
2024-09-18 10:36:45.509000,411.9902674229439,100
2024-09-18 10:36:45.736000,411.9806173103876,1005
2024-09-18 10:36:46.095000,412.0481852405652,96
2024-09-18 10:36:46.100000,412.0236886707696,1000
2024-09-18 10:36:46.119000,412.0921274863859,15
2024-09-18 10:36:46.152000,412.05742124167887,1002
2024-09-18 10:36:46.160000,412.1021416552966,998
2024-09-18 10:36:46.220000,412.043986380814,1000
2024-09-18 10:36:46.253000,412.08016940705454,96
2024-09-18 10:36:46.344000,412.0445714059254,1005
2024-09-18 10:36:46.364000,412.0860003150184,103
2024-09-18 10:36:46.471000,412.0534639764032,1001
2024-09-18 10:36:46.642000,412.10849364470886,95
2024-09-18 10:36:46.661000,412.0565471983722,7
2024-09-18 10:36:46.686000,412.0714581914543,1003
2024-09-18 10:36:46.712000,412.07813275087625,5
2024-09-18 10:36:46.752000,412.0709495666373,7
2024-09-18 10:36:46.774000,412.1045739625951,97
2024-09-18 10:36:46.885000,412.0623918985362,100
2024-09-18 10:36:46.913000,411.99432377968833,15
2024-09-18 10:36:47.035000,412.13157428788406,98
2024-09-18 10:36:47.041000,412.0929237933487,995
2024-09-18 10:36:47.052000,412.0713083261885,12
2024-09-18 10:36:47.060000,412.0839566693039,8
2024-09-18 10:36:47.124000,412.092511720862,6
2024-09-18 10:36:47.166000,412.1340025064376,13
2024-09-18 10:36:47.196000,412.0585539871333,997
2024-09-18 10:36:47.226000,412.0917000381263,995
2024-09-18 10:36:47.254000,412.0673187089494,9
2024-09-18 10:36:47.270000,412.1121042429571,96
2024-09-18 10:36:47.284000,412.0872315565052,999
2024-09-18 10:36:47.316000,412.08640692478656,1000
2024-09-18 10:36:47.339000,412.1100422567309,97
2024-09-18 10:36:47.372000,412.0861537670625,14
2024-09-18 10:36:47.401000,412.1042973974348,1004
2024-09-18 10:36:47.427000,412.0670012779523,7
2024-09-18 10:36:47.445000,412.1007386425677,996
2024-09-18 10:36:47.459000,412.0887170574233,6
2024-09-18 10:36:47.509000,412.14234306787625,13
2024-09-18 10:36:47.565000,412.1066985330842,99
2024-09-18 10:36:47.567000,412.1094247073783,102
2024-09-18 10:36:47.582000,412.1031210355917,1003
2024-09-18 10:36:47.750000,412.092707435056,15
2024-09-18 10:36:47.806000,412.0645291384315,10
2024-09-18 10:36:47.822000,412.10976959178623,999
2024-09-18 10:36:47.847000,412.0703843798456,12
2024-09-18 10:36:47.858000,412.114299309284,103
2024-09-18 10:36:47.859000,412.110155967998,995
2024-09-18 10:36:47.986000,412.1047550920702,99
2024-09-18 10:36:48.175000,412.0993606951541,13
2024-09-18 10:36:48.201000,412.1107917472816,105
2024-09-18 10:36:48.372000,412.1048536545992,996
2024-09-18 10:36:48.847000,412.0925501726252,12
2024-09-18 10:36:49.055000,412.1012603109473,103
2024-09-18 10:36:49.082000,412.1256932585127,99
2024-09-18 10:36:49.119000,412.1555110073736,99
2024-09-18 10:36:49.254000,412.137615123267,997
2024-09-18 10:36:49.370000,412.2094838485111,95
2024-09-18 10:36:49.382000,412.22703155503,100
2024-09-18 10:36:49.395000,412.0895915877315,1004
2024-09-18 10:36:49.485000,412.22530672917975,995
2024-09-18 10:36:49.541000,412.16781462813,102
2024-09-18 10:36:49.558000,412.2276177855504,1002
2024-09-18 10:36:49.569000,412.1146772050258,96
2024-09-18 10:36:49.677000,412.1937674415936,1003
2024-09-18 10:36:49.793000,412.2229389903836,8
2024-09-18 10:36:49.804000,412.1632836927007,7
2024-09-18 10:36:49.850000,412.1858519176873,11
2024-09-18 10:36:49.895000,412.257108157678,6
2024-09-18 10:36:49.940000,412.19336340055344,97
2024-09-18 10:36:49.983000,412.1386901786918,98
2024-09-18 10:36:49.992000,412.2480579601865,15
2024-09-18 10:36:50.100000,412.3157497824278,997
2024-09-18 10:36:50.135000,412.293521086684,997
2024-09-18 10:36:50.167000,412.29354957637184,103
2024-09-18 10:36:50.202000,412.3128319954452,1004
2024-09-18 10:36:50.266000,412.2849135040195,995
2024-09-18 10:36:50.389000,412.2867939847143,1000
2024-09-18 10:36:50.497000,412.2814429701612,101
2024-09-18 10:36:50.510000,412.312400373308,102
2024-09-18 10:36:50.582000,412.2786073013313,7
2024-09-18 10:36:50.731000,412.30500241330265,998
2024-09-18 10:36:50.788000,412.2865904162152,99
2024-09-18 10:36:50.949000,412.3014790172323,1002
2024-09-18 10:36:51.308000,412.27091633267145,997
2024-09-18 10:36:51.362000,412.2858492551269,6
2024-09-18 10:36:51.478000,412.2848477340282,1002
2024-09-18 10:36:51.600000,412.27183021484166,95
2024-09-18 10:36:51.604000,412.2762797845884,100
2024-09-18 10:36:51.627000,412.284971194764,99
2024-09-18 10:36:51.694000,412.2890877929202,6
2024-09-18 10:36:51.754000,412.28076045848354,9
2024-09-18 10:36:51.839000,412.2894334446208,99
2024-09-18 10:36:52.001000,412.2240386957998,103
2024-09-18 10:36:52.010000,412.1971626019239,999
2024-09-18 10:36:52.029000,412.279459803921,12
2024-09-18 10:36:52.060000,412.2698547096065,13
2024-09-18 10:36:52.070000,412.2904818968277,15
2024-09-18 10:36:52.186000,412.2325863626353,10
2024-09-18 10:36:52.231000,412.1745926974365,997
2024-09-18 10:36:52.317000,412.19038427656136,97
2024-09-18 10:36:52.472000,412.28422801766254,7
2024-09-18 10:36:52.492000,412.2999219894829,1002
2024-09-18 10:36:52.518000,412.1824807611532,95
2024-09-18 10:36:52.531000,412.20349364040425,1004
2024-09-18 10:36:52.542000,412.2005231043012,15
2024-09-18 10:36:52.547000,412.1888526017525,95
2024-09-18 10:36:52.753000,412.2933459509939,1004
2024-09-18 10:36:52.804000,412.30572619282793,1003
2024-09-18 10:36:52.892000,412.2996366398183,99
2024-09-18 10:36:54.096000,412.2203549123864,95
2024-09-18 10:36:54.142000,412.2369919857615,7
2024-09-18 10:36:54.198000,412.2121650261531,102
2024-09-18 10:36:54.252000,412.1891716314064,997
2024-09-18 10:36:54.255000,412.1824470199618,11
2024-09-18 10:36:54.274000,412.1921736385024,102
2024-09-18 10:36:54.275000,412.1993190966151,1004
2024-09-18 10:36:54.291000,412.2045164904707,95
2024-09-18 10:36:54.303000,412.2352885530169,96
2024-09-18 10:36:54.378000,412.18946849812926,95
2024-09-18 10:36:54.397000,412.2460077692416,5
2024-09-18 10:36:54.406000,412.2290172352583,6
2024-09-18 10:36:54.434000,412.23377118804086,13
2024-09-18 10:36:54.441000,412.2114239262504,1000
2024-09-18 10:36:54.481000,412.2287017321577,13
2024-09-18 10:36:54.491000,412.2622006906675,999
2024-09-18 10:36:54.516000,412.2106156654588,1002
2024-09-18 10:36:54.534000,412.2454547801651,100
2024-09-18 10:36:54.569000,412.1844269816396,11
2024-09-18 10:36:54.592000,412.2482135885032,15
2024-09-18 10:36:54.619000,412.230641001662,7
2024-09-18 10:36:54.670000,412.2311907296866,996
2024-09-18 10:36:54.778000,412.18876597187153,996
2024-09-18 10:36:54.850000,412.1800477689692,6
2024-09-18 10:36:54.853000,412.2573912921077,1001
2024-09-18 10:36:54.861000,412.21779545229936,7
2024-09-18 10:36:54.888000,412.2096075805792,5
2024-09-18 10:36:54.950000,412.2196516713577,997
2024-09-18 10:36:54.962000,412.1887300085425,6
2024-09-18 10:36:54.987000,412.24868735325146,95
2024-09-18 10:36:55.072000,412.2750792185981,103
2024-09-18 10:36:55.460000,412.2812248885592,999
2024-09-18 10:36:55.524000,412.29208302772287,99
2024-09-18 10:36:55.879000,412.29266766391896,14
2024-09-18 10:36:55.921000,412.2909225616367,103
2024-09-18 10:36:55.937000,412.2695242224125,95
2024-09-18 10:36:56.075000,412.29504395278286,1000
2024-09-18 10:36:56.097000,412.3061347083061,15
2024-09-18 10:36:56.106000,412.3204417262809,14
2024-09-18 10:36:56.113000,412.22113592149793,101
2024-09-18 10:36:56.130000,412.2500151181356,9
2024-09-18 10:36:56.140000,412.263330621016,103
2024-09-18 10:36:56.184000,412.2948266058453,15
2024-09-18 10:36:56.316000,412.26245881563375,97
2024-09-18 10:36:56.402000,412.2662469526709,12
2024-09-18 10:36:56.443000,412.3178358165344,8
2024-09-18 10:36:56.498000,412.28774676763567,1001
2024-09-18 10:36:56.502000,412.3068351395012,995
2024-09-18 10:36:56.523000,412.2232548302519,996
2024-09-18 10:36:56.550000,412.22796377031625,10
2024-09-18 10:36:56.596000,412.30283986614177,8
2024-09-18 10:36:56.639000,412.26175379702266,997
2024-09-18 10:36:56.692000,412.2890930686124,997
2024-09-18 10:36:56.707000,412.3169394734181,101
2024-09-18 10:36:56.764000,412.28980334504047,9
2024-09-18 10:36:56.766000,412.28115888265074,1005
2024-09-18 10:36:56.873000,412.2834004882365,1002
2024-09-18 10:36:56.926000,412.2742717796169,997
2024-09-18 10:36:56.930000,412.2993060056537,6
2024-09-18 10:36:56.974000,412.2919336458828,11
2024-09-18 10:36:56.982000,412.27923201228793,15
2024-09-18 10:36:56.995000,412.2581122325278,9
2024-09-18 10:36:57.075000,412.2254984323485,1002
2024-09-18 10:36:57.078000,412.20048808044174,997
2024-09-18 10:36:57.085000,412.2150512037572,5
2024-09-18 10:36:57.104000,412.2218949266147,1004
2024-09-18 10:36:57.140000,412.2030403980722,105
2024-09-18 10:36:57.190000,412.2098307486672,9
2024-09-18 10:36:57.199000,412.2026147406832,998
2024-09-18 10:36:57.226000,412.2110465331622,14
2024-09-18 10:36:57.252000,412.2676263230296,1005
2024-09-18 10:36:57.273000,412.2221520631314,97
2024-09-18 10:36:57.290000,412.2048368869414,13
2024-09-18 10:36:57.308000,412.2321561899236,15
2024-09-18 10:36:57.551000,412.215280360385,98
2024-09-18 10:36:57.561000,412.2140761448688,999
2024-09-18 10:36:57.586000,412.2195629181712,999
2024-09-18 10:36:57.591000,412.2324728387474,1001
2024-09-18 10:36:57.600000,412.1980146676369,13
2024-09-18 10:36:57.654000,412.2081285659071,996
2024-09-18 10:36:57.682000,412.2430042945158,15
2024-09-18 10:36:57.748000,412.19650682439504,7
2024-09-18 10:36:57.756000,412.21509614372286,1004
2024-09-18 10:36:57.809000,412.2173290413873,96
2024-09-18 10:36:57.924000,412.23162454516495,6
2024-09-18 10:36:57.960000,412.2160735954384,1005
2024-09-18 10:36:57.972000,412.2122107096866,1005
2024-09-18 10:36:58.055000,412.3131632328265,1001
2024-09-18 10:36:58.065000,412.24000962391017,8
2024-09-18 10:36:58.071000,412.349910122181,1005
2024-09-18 10:36:58.081000,412.3065268369761,7
2024-09-18 10:36:58.087000,412.238402911414,102
2024-09-18 10:36:58.238000,412.3567711034137,1002
2024-09-18 10:36:58.260000,412.292245339692,15
2024-09-18 10:36:58.286000,412.330974542958,11
2024-09-18 10:36:58.297000,412.29835420851504,12
2024-09-18 10:36:58.317000,412.3043272684339,100
2024-09-18 10:36:58.321000,412.3020589486546,996
2024-09-18 10:36:58.343000,412.3342403056769,14
2024-09-18 10:36:58.358000,412.2960615243102,100
2024-09-18 10:36:58.371000,412.3153198168065,100
2024-09-18 10:36:58.375000,412.3316158307572,1004
2024-09-18 10:36:58.394000,412.26178863440873,995
2024-09-18 10:36:58.452000,412.3086729022292,5
2024-09-18 10:36:58.622000,412.3082692665175,9
2024-09-18 10:36:58.699000,412.2541614088744,13
2024-09-18 10:36:58.753000,412.28521264560624,998
2024-09-18 10:36:58.882000,412.2498497706872,6
2024-09-18 10:36:59.122000,412.2888472767549,99
2024-09-18 10:36:59.252000,412.238677722672,105
2024-09-18 10:36:59.306000,412.2364980019856,998
2024-09-18 10:36:59.348000,412.2353630212114,996
2024-09-18 10:36:59.360000,412.2365151344895,1004
2024-09-18 10:36:59.432000,412.259583665865,1001
2024-09-18 10:36:59.501000,412.3045909018281,104
2024-09-18 10:36:59.555000,412.2810760152837,14
2024-09-18 10:36:59.669000,412.2428548224888,6
2024-09-18 10:36:59.759000,412.2439113362868,96
2024-09-18 10:36:59.769000,412.2434437113681,7
2024-09-18 10:36:59.779000,412.25053697218607,96
2024-09-18 10:36:59.811000,412.2445067661319,101
2024-09-18 10:36:59.845000,412.237475882567,6
2024-09-18 10:36:59.881000,412.2873031810876,1003
2024-09-18 10:36:59.896000,412.2446435071648,95
