Timestamp,Price,Size
2024-09-19 14:14:00.030000,418.116405694664,105
2024-09-19 14:14:00.041000,418.0724541056659,14
2024-09-19 14:14:00.060000,418.1010756930294,10
2024-09-19 14:14:00.292000,418.09127825703007,15
2024-09-19 14:14:00.342000,418.10241212998136,96
2024-09-19 14:14:00.459000,418.1067395025119,1002
2024-09-19 14:14:01.206000,418.11849574721583,97
2024-09-19 14:14:01.512000,418.1162229218704,997
2024-09-19 14:14:01.526000,418.1144825704004,9
2024-09-19 14:14:01.535000,418.1305008687801,6
2024-09-19 14:14:01.576000,418.1377882615831,101
2024-09-19 14:14:01.578000,418.1099663047041,12
2024-09-19 14:14:01.679000,418.1310889561753,105
2024-09-19 14:14:01.704000,418.0930104105611,997
2024-09-19 14:14:01.778000,418.0705796717983,996
2024-09-19 14:14:01.801000,418.1152411541186,8
2024-09-19 14:14:01.807000,418.13384181779054,97
2024-09-19 14:14:01.850000,418.1212642016375,14
2024-09-19 14:14:01.858000,418.1091404121628,995
2024-09-19 14:14:01.968000,418.1269825594839,1003
2024-09-19 14:14:02.250000,418.1455299494644,102
2024-09-19 14:14:02.477000,418.1306231443801,14
2024-09-19 14:14:02.573000,418.14142649511086,97
2024-09-19 14:14:02.674000,418.1212968535263,1002
2024-09-19 14:14:02.717000,418.1312601454964,1001
2024-09-19 14:14:03.146000,418.1931688039827,104
2024-09-19 14:14:03.264000,418.1758129947469,14
2024-09-19 14:14:03.341000,418.2087192421458,6
2024-09-19 14:14:03.347000,418.1887312034352,1004
2024-09-19 14:14:03.384000,418.186166379718,103
2024-09-19 14:14:03.412000,418.2097190052265,95
2024-09-19 14:14:03.413000,418.2249499694045,1005
2024-09-19 14:14:03.501000,418.2252213166722,101
2024-09-19 14:14:03.506000,418.1835892629001,10
2024-09-19 14:14:03.522000,418.2424998307616,104
2024-09-19 14:14:03.535000,418.1879527133645,98
2024-09-19 14:14:03.587000,418.259797314069,99
2024-09-19 14:14:03.628000,418.2337052358444,8
2024-09-19 14:14:03.656000,418.1679139480904,8
2024-09-19 14:14:03.687000,418.1631216744289,999
2024-09-19 14:14:03.715000,418.23817683965336,999
2024-09-19 14:14:03.720000,418.19830755395617,103
2024-09-19 14:14:03.751000,418.2025909875807,97
2024-09-19 14:14:03.809000,418.1955779494527,5
2024-09-19 14:14:03.820000,418.15371608473663,100
2024-09-19 14:14:03.858000,418.1731966582424,996
2024-09-19 14:14:03.906000,418.2221066337832,1002
2024-09-19 14:14:03.964000,418.2230559903838,99
2024-09-19 14:14:04.105000,418.20378680438574,7
2024-09-19 14:14:04.121000,418.16398589370937,100
2024-09-19 14:14:04.251000,418.1360685948336,96
2024-09-19 14:14:04.255000,418.2284070249848,1005
2024-09-19 14:14:04.281000,418.1036185375744,1005
2024-09-19 14:14:04.323000,418.2402267827576,1003
2024-09-19 14:14:04.413000,418.23924791793166,1003
2024-09-19 14:14:04.481000,418.1250935532349,999
2024-09-19 14:14:04.481000,418.18115708248735,12
2024-09-19 14:14:04.513000,418.1935554592654,101
2024-09-19 14:14:04.520000,418.2405979623644,996
2024-09-19 14:14:04.521000,418.0989762862629,1000
2024-09-19 14:14:04.528000,418.2440822241311,997
2024-09-19 14:14:04.562000,418.2318484189655,15
2024-09-19 14:14:04.564000,418.18337344530136,98
2024-09-19 14:14:04.613000,418.2252270778896,11
2024-09-19 14:14:04.689000,418.2405920871324,1001
2024-09-19 14:14:04.705000,418.2341829187458,1000
2024-09-19 14:14:04.726000,418.22109453529873,1004
2024-09-19 14:14:04.760000,418.2194742856135,11
2024-09-19 14:14:04.764000,418.23732070556224,1002
2024-09-19 14:14:04.830000,418.1149330778628,1004
2024-09-19 14:14:04.856000,418.1091063115933,102
2024-09-19 14:14:04.878000,418.2123969975961,9
2024-09-19 14:14:04.931000,418.2238372472787,5
2024-09-19 14:14:04.976000,418.2136863604787,1002
2024-09-19 14:14:05.114000,418.11504354146143,1001
2024-09-19 14:14:05.157000,418.1415002727288,101
2024-09-19 14:14:05.201000,418.11497378571534,997
2024-09-19 14:14:05.274000,418.1214126774982,96
2024-09-19 14:14:05.312000,418.12468225016926,11
2024-09-19 14:14:05.352000,418.1140514421386,96
2024-09-19 14:14:05.371000,418.1078138564854,105
2024-09-19 14:14:05.410000,418.10961760752025,1002
2024-09-19 14:14:05.466000,418.1252038022106,996
2024-09-19 14:14:05.479000,418.12459248339536,9
2024-09-19 14:14:05.483000,418.116766539784,7
2024-09-19 14:14:05.525000,418.1542943924183,99
2024-09-19 14:14:05.556000,418.128769823792,14
2024-09-19 14:14:05.641000,418.1372442459255,1000
2024-09-19 14:14:05.659000,418.1127007275035,12
2024-09-19 14:14:05.736000,418.1295690834517,95
2024-09-19 14:14:05.807000,418.1575699174834,102
2024-09-19 14:14:05.904000,418.1193537866389,995
2024-09-19 14:14:05.931000,418.1187847860844,7
2024-09-19 14:14:05.978000,418.1174578118587,999
2024-09-19 14:14:06.002000,418.1298422995781,15
2024-09-19 14:14:06.220000,418.142878932658,996
2024-09-19 14:14:06.284000,418.11752016255576,95
2024-09-19 14:14:06.367000,418.1223874899234,100
2024-09-19 14:14:06.368000,418.1725904420561,998
2024-09-19 14:14:06.385000,418.1597768158103,12
2024-09-19 14:14:06.392000,418.16252065102464,1005
2024-09-19 14:14:06.420000,418.1445083130561,5
2024-09-19 14:14:06.463000,418.1564033371892,1000
2024-09-19 14:14:06.536000,418.1650245364551,98
2024-09-19 14:14:06.554000,418.1330746927633,1002
2024-09-19 14:14:06.586000,418.1726130314021,95
2024-09-19 14:14:06.629000,418.1292385057047,1004
2024-09-19 14:14:06.671000,418.14708585176646,1003
2024-09-19 14:14:06.676000,418.13318544848346,100
2024-09-19 14:14:06.701000,418.1483589326288,102
2024-09-19 14:14:06.813000,418.1222623587064,996
2024-09-19 14:14:06.845000,418.1765185885197,5
2024-09-19 14:14:06.868000,418.12015261726873,96
2024-09-19 14:14:06.879000,418.12046625941525,13
2024-09-19 14:14:06.881000,418.1659189595511,8
2024-09-19 14:14:06.922000,418.130323605281,101
2024-09-19 14:14:07.055000,418.090455904002,6
2024-09-19 14:14:07.073000,418.0942840820688,1001
2024-09-19 14:14:07.075000,418.1496692022441,103
2024-09-19 14:14:07.111000,418.132634583986,14
2024-09-19 14:14:07.253000,418.1164787618474,1002
2024-09-19 14:14:07.262000,418.0999543493061,97
2024-09-19 14:14:07.348000,418.1158519605917,95
2024-09-19 14:14:07.357000,418.1206899056362,998
2024-09-19 14:14:07.385000,418.0935801475832,8
2024-09-19 14:14:07.429000,418.109312666367,7
2024-09-19 14:14:07.458000,418.1007232742573,104
2024-09-19 14:14:07.466000,418.0974264779336,95
2024-09-19 14:14:07.541000,418.1003340487033,998
2024-09-19 14:14:07.610000,418.1052044697879,100
2024-09-19 14:14:07.642000,418.1227810781943,996
2024-09-19 14:14:07.831000,418.1000696231174,999
2024-09-19 14:14:07.947000,418.1060313733096,1002
2024-09-19 14:14:08.119000,418.17627396553314,1000
2024-09-19 14:14:08.419000,418.1959486822892,1003
2024-09-19 14:14:08.520000,418.1739309835529,5
2024-09-19 14:14:08.558000,418.1865900204006,14
2024-09-19 14:14:08.636000,418.1831160613152,7
2024-09-19 14:14:08.766000,418.1873686740479,1005
2024-09-19 14:14:08.794000,418.20300156036245,1004
2024-09-19 14:14:08.801000,418.1808676809169,9
2024-09-19 14:14:08.827000,418.1906776589049,12
2024-09-19 14:14:09.087000,418.17347525526327,14
2024-09-19 14:14:09.894000,418.1807735592608,995
2024-09-19 14:14:10.278000,418.16949947360536,104
2024-09-19 14:14:10.402000,418.1761342296514,98
2024-09-19 14:14:10.649000,418.1844120051143,1002
2024-09-19 14:14:10.912000,418.1853654449876,103
2024-09-19 14:14:11.026000,418.2286192605339,99
2024-09-19 14:14:11.156000,418.1886633521665,8
2024-09-19 14:14:11.219000,418.1749966427052,15
2024-09-19 14:14:11.295000,418.17747491249554,999
2024-09-19 14:14:11.317000,418.2201691582293,97
2024-09-19 14:14:11.325000,418.1773925481139,997
2024-09-19 14:14:11.434000,418.18838006547264,5
2024-09-19 14:14:11.444000,418.23929047253927,102
2024-09-19 14:14:11.471000,418.24707925090667,999
2024-09-19 14:14:11.492000,418.23367236434126,11
2024-09-19 14:14:11.524000,418.2605542564383,6
2024-09-19 14:14:11.604000,418.216639202613,6
2024-09-19 14:14:11.606000,418.16910011890326,1002
2024-09-19 14:14:11.629000,418.24063586586567,8
2024-09-19 14:14:11.811000,418.22377460492464,97
2024-09-19 14:14:11.837000,418.2111348093829,104
2024-09-19 14:14:11.851000,418.23575247428033,15
2024-09-19 14:14:12.046000,418.2791538718145,999
2024-09-19 14:14:12.076000,418.3003673390082,99
2024-09-19 14:14:12.086000,418.3070546017578,1001
2024-09-19 14:14:12.115000,418.2697110812345,1005
2024-09-19 14:14:12.125000,418.2868724348024,98
2024-09-19 14:14:12.154000,418.2605823452681,12
2024-09-19 14:14:12.188000,418.26326484285534,95
2024-09-19 14:14:12.213000,418.26198520816047,995
2024-09-19 14:14:12.272000,418.2872162242736,12
2024-09-19 14:14:12.285000,418.30628289578624,997
2024-09-19 14:14:12.351000,418.318966758654,100
2024-09-19 14:14:12.584000,418.310256321476,15
2024-09-19 14:14:12.641000,418.2996782798487,10
2024-09-19 14:14:12.652000,418.30225784191146,13
2024-09-19 14:14:12.703000,418.2781771176872,1004
2024-09-19 14:14:12.716000,418.2888959231441,5
2024-09-19 14:14:12.722000,418.30967510857386,1001
2024-09-19 14:14:12.755000,418.26447068903656,10
2024-09-19 14:14:12.804000,418.2944358291023,7
2024-09-19 14:14:12.836000,418.3112406742307,101
2024-09-19 14:14:12.843000,418.2653594240193,1001
2024-09-19 14:14:12.857000,418.2895244355391,96
2024-09-19 14:14:12.972000,418.28574536772345,999
2024-09-19 14:14:13.107000,418.3781736848824,1000
2024-09-19 14:14:13.290000,418.3803847675854,100
2024-09-19 14:14:13.387000,418.3615657224016,97
2024-09-19 14:14:13.445000,418.3726613284826,1000
2024-09-19 14:14:13.485000,418.3807523196397,97
2024-09-19 14:14:13.647000,418.33791123884544,11
2024-09-19 14:14:13.696000,418.3294207200312,996
2024-09-19 14:14:13.824000,418.365579603553,997
2024-09-19 14:14:13.900000,418.3664795710405,15
2024-09-19 14:14:14.053000,418.36071427214233,11
2024-09-19 14:14:14.167000,418.3599357190277,999
2024-09-19 14:14:14.323000,418.3574305965327,7
2024-09-19 14:14:14.339000,418.3635842893637,999
2024-09-19 14:14:14.555000,418.3491803707976,1005
2024-09-19 14:14:14.619000,418.3644882303575,100
2024-09-19 14:14:14.634000,418.3644314389646,9
2024-09-19 14:14:14.669000,418.37563643686246,98
2024-09-19 14:14:14.937000,418.36418124344,96
2024-09-19 14:14:15.155000,418.35332254024144,995
2024-09-19 14:14:15.167000,418.3586559620813,10
2024-09-19 14:14:15.257000,418.34827268742487,103
2024-09-19 14:14:15.273000,418.3508898933568,99
2024-09-19 14:14:15.369000,418.3559979656464,995
2024-09-19 14:14:15.384000,418.3609505890052,999
2024-09-19 14:14:15.456000,418.32745727367126,104
2024-09-19 14:14:15.548000,418.3524763540471,97
2024-09-19 14:14:15.678000,418.3460002258229,12
2024-09-19 14:14:16.389000,418.3959455033988,101
2024-09-19 14:14:16.499000,418.39685534177846,9
2024-09-19 14:14:16.583000,418.3609389830599,997
2024-09-19 14:14:16.710000,418.3804491400039,9
2024-09-19 14:14:16.780000,418.40827361507206,997
2024-09-19 14:14:16.880000,418.4021255343804,11
2024-09-19 14:14:17.112000,418.3841017459599,999
2024-09-19 14:14:17.124000,418.36603999894,1002
2024-09-19 14:14:17.172000,418.361863187476,1004
2024-09-19 14:14:17.175000,418.33175382480704,97
2024-09-19 14:14:17.188000,418.3631744878149,102
2024-09-19 14:14:17.242000,418.3570104885935,99
2024-09-19 14:14:17.251000,418.3764036918485,1000
2024-09-19 14:14:17.381000,418.3513044061086,99
2024-09-19 14:14:17.404000,418.38949265226415,103
2024-09-19 14:14:17.511000,418.3263692008502,999
2024-09-19 14:14:17.600000,418.3593816826954,7
2024-09-19 14:14:17.614000,418.38254900698496,999
2024-09-19 14:14:17.661000,418.3744277799648,8
2024-09-19 14:14:17.673000,418.3270241981374,103
2024-09-19 14:14:17.786000,418.3522217769416,103
2024-09-19 14:14:17.796000,418.3550082645445,101
2024-09-19 14:14:17.830000,418.3457065270413,1004
2024-09-19 14:14:17.847000,418.3696794679428,95
2024-09-19 14:14:17.956000,418.3337642268965,996
2024-09-19 14:14:18.048000,418.3296110712389,105
2024-09-19 14:14:18.148000,418.3550453851111,102
2024-09-19 14:14:18.178000,418.3885544320918,10
2024-09-19 14:14:18.263000,418.37536105662303,13
2024-09-19 14:14:18.360000,418.3459888798073,1000
2024-09-19 14:14:18.392000,418.3916461711698,5
2024-09-19 14:14:18.459000,418.3955017552671,997
2024-09-19 14:14:18.743000,418.39038809140834,6
2024-09-19 14:14:18.745000,418.38613611881567,14
2024-09-19 14:14:18.779000,418.3371993502895,14
2024-09-19 14:14:18.931000,418.3835253310187,102
2024-09-19 14:14:18.938000,418.3880585606454,14
2024-09-19 14:14:18.977000,418.40078513734886,12
2024-09-19 14:14:19.019000,418.3068914299124,1001
2024-09-19 14:14:19.040000,418.3218163685907,105
2024-09-19 14:14:19.085000,418.322670304614,103
2024-09-19 14:14:19.106000,418.3395383768144,996
2024-09-19 14:14:19.120000,418.3296729705776,7
2024-09-19 14:14:19.139000,418.3340848124529,995
2024-09-19 14:14:19.145000,418.3277850963092,999
2024-09-19 14:14:19.182000,418.3246649561682,996
2024-09-19 14:14:19.365000,418.3298352329388,1005
2024-09-19 14:14:19.385000,418.3204452346456,1000
2024-09-19 14:14:19.403000,418.3383188587332,15
2024-09-19 14:14:19.508000,418.3425087397269,100
2024-09-19 14:14:19.558000,418.3057882918317,998
2024-09-19 14:14:19.586000,418.3355819023752,1004
2024-09-19 14:14:19.612000,418.32406055152,1000
2024-09-19 14:14:19.661000,418.3411565411369,1002
2024-09-19 14:14:19.788000,418.31207566866686,100
2024-09-19 14:14:19.809000,418.2968718027988,9
2024-09-19 14:14:19.846000,418.3264796220825,96
2024-09-19 14:14:19.880000,418.3373772445146,10
2024-09-19 14:14:19.884000,418.3189532325884,6
2024-09-19 14:14:19.897000,418.32856501043415,15
2024-09-19 14:14:19.905000,418.3235458564306,999
2024-09-19 14:14:20.047000,418.3453166633072,11
2024-09-19 14:14:20.077000,418.333787040693,10
2024-09-19 14:14:20.119000,418.3650286759367,14
2024-09-19 14:14:20.125000,418.3599946347964,1003
2024-09-19 14:14:20.144000,418.3290996216997,1001
2024-09-19 14:14:20.166000,418.3750704384931,95
2024-09-19 14:14:20.180000,418.3481186683955,1002
2024-09-19 14:14:20.224000,418.3533726509799,97
2024-09-19 14:14:20.249000,418.3518183173552,95
2024-09-19 14:14:20.318000,418.3820377738274,997
2024-09-19 14:14:20.383000,418.28706560907744,997
2024-09-19 14:14:20.384000,418.2997408504267,12
2024-09-19 14:14:20.467000,418.3413438543954,997
2024-09-19 14:14:20.543000,418.3227341745313,105
2024-09-19 14:14:20.566000,418.4007492711351,11
2024-09-19 14:14:20.580000,418.35880230610735,997
2024-09-19 14:14:20.599000,418.3598782111059,96
2024-09-19 14:14:20.630000,418.3231911400748,96
2024-09-19 14:14:20.646000,418.3470796493569,1001
2024-09-19 14:14:20.667000,418.3691783496494,104
2024-09-19 14:14:20.687000,418.3436671630127,6
2024-09-19 14:14:20.690000,418.3130847657577,996
2024-09-19 14:14:20.741000,418.3756427181671,102
2024-09-19 14:14:20.813000,418.3558705465357,95
2024-09-19 14:14:20.818000,418.2952870525936,96
2024-09-19 14:14:20.822000,418.3340893476113,998
2024-09-19 14:14:20.826000,418.30374702793233,1000
2024-09-19 14:14:20.854000,418.2965024924242,995
2024-09-19 14:14:20.877000,418.3700613359872,12
2024-09-19 14:14:21.001000,418.4355183129837,101
2024-09-19 14:14:21.025000,418.45447477072656,7
2024-09-19 14:14:21.130000,418.4096098166663,10
2024-09-19 14:14:21.231000,418.4172452887036,997
2024-09-19 14:14:21.237000,418.4652529937622,1000
2024-09-19 14:14:21.790000,418.3933618697227,105
2024-09-19 14:14:21.982000,418.4679550942315,95
2024-09-19 14:14:22.024000,418.4668953202185,995
2024-09-19 14:14:22.063000,418.4573281748296,1000
2024-09-19 14:14:22.189000,418.4653270330175,996
2024-09-19 14:14:22.211000,418.4477408424208,99
2024-09-19 14:14:22.247000,418.46481812641207,12
2024-09-19 14:14:22.349000,418.4494934278935,5
2024-09-19 14:14:22.354000,418.4725029036262,105
2024-09-19 14:14:22.461000,418.4642290670511,95
2024-09-19 14:14:22.461000,418.4513105953754,7
2024-09-19 14:14:22.463000,418.4706601748364,6
2024-09-19 14:14:22.495000,418.4770984175794,1003
2024-09-19 14:14:22.515000,418.4618646666279,1004
2024-09-19 14:14:22.517000,418.46395527321545,1003
2024-09-19 14:14:22.615000,418.457647319351,997
2024-09-19 14:14:22.643000,418.47614228990494,11
2024-09-19 14:14:22.685000,418.4640280807644,1003
2024-09-19 14:14:22.791000,418.496342518617,5
2024-09-19 14:14:22.794000,418.4984771128753,105
2024-09-19 14:14:22.804000,418.4491616473933,98
2024-09-19 14:14:22.856000,418.4782420910816,11
2024-09-19 14:14:22.902000,418.440010311028,5
2024-09-19 14:14:22.929000,418.44741444530194,99
2024-09-19 14:14:22.946000,418.4794970287495,14
2024-09-19 14:14:22.966000,418.452033326088,104
2024-09-19 14:14:22.973000,418.4788399219125,105
2024-09-19 14:14:23.271000,418.509341610274,5
2024-09-19 14:14:23.300000,418.5055768314973,13
2024-09-19 14:14:23.312000,418.5191688618484,103
2024-09-19 14:14:23.412000,418.5329278744362,102
2024-09-19 14:14:23.425000,418.4864096988461,8
2024-09-19 14:14:23.593000,418.462621290032,5
2024-09-19 14:14:23.916000,418.4972594467479,1002
2024-09-19 14:14:23.916000,418.540467579335,12
2024-09-19 14:14:24.002000,418.4995280634705,995
2024-09-19 14:14:24.155000,418.5357385584789,997
2024-09-19 14:14:24.318000,418.53244585274086,10
2024-09-19 14:14:24.328000,418.4939403819943,15
2024-09-19 14:14:24.373000,418.5232286320161,98
2024-09-19 14:14:24.406000,418.5200396474752,1000
2024-09-19 14:14:24.436000,418.53194075149247,95
2024-09-19 14:14:24.438000,418.5321656034715,9
2024-09-19 14:14:24.497000,418.52963522370857,1003
2024-09-19 14:14:24.604000,418.5306476265596,9
2024-09-19 14:14:24.605000,418.5404151336632,7
2024-09-19 14:14:24.610000,418.52380424015865,1000
2024-09-19 14:14:24.613000,418.4936048178925,995
2024-09-19 14:14:24.645000,418.51021767208,13
2024-09-19 14:14:24.671000,418.50102784232246,97
2024-09-19 14:14:24.765000,418.52260660588274,14
2024-09-19 14:14:24.790000,418.5049734204098,105
2024-09-19 14:14:24.805000,418.5054076216076,97
2024-09-19 14:14:24.866000,418.5354418789464,1001
2024-09-19 14:14:24.868000,418.54741443367016,13
2024-09-19 14:14:24.934000,418.52134305796113,6
2024-09-19 14:14:24.956000,418.54945522351215,14
2024-09-19 14:14:25.056000,418.5081171008376,104
2024-09-19 14:14:25.212000,418.4961267552568,101
2024-09-19 14:14:25.657000,418.5120513851034,14
2024-09-19 14:14:25.893000,418.5050884474609,1001
2024-09-19 14:14:26.058000,418.5705981478992,98
2024-09-19 14:14:26.104000,418.5808907017561,995
2024-09-19 14:14:26.179000,418.5593883011284,98
2024-09-19 14:14:26.195000,418.5918998703511,104
2024-09-19 14:14:26.196000,418.6075536245789,10
2024-09-19 14:14:26.202000,418.6068301669412,1003
2024-09-19 14:14:26.207000,418.5662181160328,13
2024-09-19 14:14:26.325000,418.5857954892686,97
2024-09-19 14:14:26.336000,418.53196937228375,1001
2024-09-19 14:14:26.440000,418.58407908040107,6
2024-09-19 14:14:26.493000,418.5922475013169,105
2024-09-19 14:14:26.620000,418.63856410586646,9
2024-09-19 14:14:26.626000,418.5794306815783,101
2024-09-19 14:14:26.635000,418.60437602142144,102
2024-09-19 14:14:26.645000,418.528452511488,95
2024-09-19 14:14:26.651000,418.5240924530961,997
2024-09-19 14:14:26.887000,418.5504972038169,998
2024-09-19 14:14:26.894000,418.61572452638734,7
2024-09-19 14:14:26.899000,418.5793207360547,100
2024-09-19 14:14:26.913000,418.57437944736256,98
2024-09-19 14:14:26.939000,418.61463034542646,1002
2024-09-19 14:14:26.997000,418.60306673024616,97
2024-09-19 14:14:26.997000,418.5962767678975,1005
2024-09-19 14:14:27.018000,418.6409511236358,104
2024-09-19 14:14:27.057000,418.5772782212709,97
2024-09-19 14:14:27.061000,418.6009707531715,99
2024-09-19 14:14:27.082000,418.5785707208231,995
2024-09-19 14:14:27.113000,418.6055695764943,15
2024-09-19 14:14:27.207000,418.6324491731255,101
2024-09-19 14:14:27.334000,418.6288117923335,1003
2024-09-19 14:14:27.401000,418.6350391724814,6
2024-09-19 14:14:27.500000,418.61506031663447,103
2024-09-19 14:14:27.541000,418.6020629570876,997
2024-09-19 14:14:27.604000,418.6183320838305,7
2024-09-19 14:14:27.611000,418.6243472595381,95
2024-09-19 14:14:27.637000,418.60555566942855,97
2024-09-19 14:14:27.678000,418.6243667410153,1001
2024-09-19 14:14:27.721000,418.5818728505797,1002
2024-09-19 14:14:27.727000,418.6040832170177,9
2024-09-19 14:14:27.751000,418.6302826515384,102
2024-09-19 14:14:27.875000,418.5706756778426,100
2024-09-19 14:14:27.948000,418.6052184014978,12
2024-09-19 14:14:28.110000,418.6221233474616,1005
2024-09-19 14:14:28.150000,418.63196085469366,102
2024-09-19 14:14:28.222000,418.6403754291992,7
2024-09-19 14:14:28.594000,418.5965960936047,6
2024-09-19 14:14:28.686000,418.6157205975872,96
2024-09-19 14:14:28.931000,418.6515533760565,1005
2024-09-19 14:14:29.007000,418.757657870826,8
2024-09-19 14:14:29.073000,418.66115652701,996
2024-09-19 14:14:29.091000,418.752370356555,12
2024-09-19 14:14:29.139000,418.72828455503634,996
2024-09-19 14:14:29.157000,418.7196929649775,96
2024-09-19 14:14:29.161000,418.773168083328,105
2024-09-19 14:14:29.201000,418.779194495027,1002
2024-09-19 14:14:29.239000,418.6827886535029,998
2024-09-19 14:14:29.258000,418.6977016649391,14
2024-09-19 14:14:29.296000,418.7017416051581,97
2024-09-19 14:14:29.408000,418.698454641598,996
2024-09-19 14:14:29.434000,418.6504126698631,995
2024-09-19 14:14:29.436000,418.75394388798566,105
2024-09-19 14:14:29.553000,418.6765345684067,102
2024-09-19 14:14:29.718000,418.6970203181069,99
2024-09-19 14:14:29.768000,418.76884887706666,1002
2024-09-19 14:14:29.783000,418.7801812190528,13
2024-09-19 14:14:29.950000,418.75120013506097,104
2024-09-19 14:14:29.983000,418.75198753447626,6
2024-09-19 14:14:30.070000,418.7401598839088,999
2024-09-19 14:14:30.126000,418.7513935524519,5
2024-09-19 14:14:30.132000,418.7724211008834,12
2024-09-19 14:14:30.148000,418.7932852329553,1000
2024-09-19 14:14:30.176000,418.7357331502434,98
2024-09-19 14:14:30.198000,418.7500900014055,101
2024-09-19 14:14:30.222000,418.755843477388,1005
2024-09-19 14:14:30.250000,418.7845810958421,12
2024-09-19 14:14:30.266000,418.74388430941696,996
2024-09-19 14:14:30.276000,418.7780979143527,1003
2024-09-19 14:14:30.277000,418.7500410694272,103
2024-09-19 14:14:30.291000,418.7438162291338,97
2024-09-19 14:14:30.305000,418.729408896964,1001
2024-09-19 14:14:30.310000,418.76868564787895,7
2024-09-19 14:14:30.375000,418.7932670012633,1003
2024-09-19 14:14:30.400000,418.8056484796797,9
2024-09-19 14:14:30.567000,418.7718158500704,102
2024-09-19 14:14:30.605000,418.7731823688932,96
2024-09-19 14:14:30.769000,418.7420814810329,1002
2024-09-19 14:14:30.787000,418.7575886494173,1005
2024-09-19 14:14:30.813000,418.75566394343934,998
2024-09-19 14:14:30.826000,418.7736407026632,95
2024-09-19 14:14:30.851000,418.776744263368,15
2024-09-19 14:14:30.913000,418.7997180811968,13
2024-09-19 14:14:30.972000,418.7392145505289,1005
2024-09-19 14:14:30.998000,418.7378378982273,1001
2024-09-19 14:14:31.066000,418.7745194018606,998
2024-09-19 14:14:31.403000,418.7718967411896,101
2024-09-19 14:14:31.740000,418.7632900965988,100
2024-09-19 14:14:32.009000,418.7834139319925,8
2024-09-19 14:14:32.010000,418.6792176097796,995
2024-09-19 14:14:32.071000,418.6631336149776,102
2024-09-19 14:14:32.110000,418.687297366108,13
2024-09-19 14:14:32.216000,418.69082156849447,15
2024-09-19 14:14:32.249000,418.7856883686272,1003
2024-09-19 14:14:32.278000,418.6702291967917,995
2024-09-19 14:14:32.290000,418.6625171964625,5
2024-09-19 14:14:32.294000,418.6674938815481,997
2024-09-19 14:14:32.297000,418.6835683666936,97
2024-09-19 14:14:32.336000,418.6732191061929,1001
2024-09-19 14:14:32.348000,418.7574370016492,10
2024-09-19 14:14:32.415000,418.66064315224907,14
2024-09-19 14:14:32.490000,418.664261404032,103
2024-09-19 14:14:32.517000,418.6831381420204,9
2024-09-19 14:14:32.523000,418.683692342145,1005
2024-09-19 14:14:32.547000,418.67140639353016,1004
2024-09-19 14:14:32.644000,418.7628530820057,7
2024-09-19 14:14:32.770000,418.7075304370869,105
2024-09-19 14:14:32.797000,418.6785270108148,1001
2024-09-19 14:14:32.829000,418.716867655298,1002
2024-09-19 14:14:32.871000,418.7099599190889,999
2024-09-19 14:14:32.898000,418.7481995565411,999
2024-09-19 14:14:32.902000,418.6678166573316,98
2024-09-19 14:14:32.919000,418.6614292104844,5
2024-09-19 14:14:33.069000,418.6819485294712,1005
2024-09-19 14:14:33.111000,418.6064707078883,103
2024-09-19 14:14:33.117000,418.6703320924136,1005
2024-09-19 14:14:33.133000,418.6108015947175,100
2024-09-19 14:14:33.181000,418.6730568670554,5
2024-09-19 14:14:33.302000,418.6663748979457,1005
2024-09-19 14:14:33.322000,418.6719735717893,95
2024-09-19 14:14:33.361000,418.6589219119924,97
2024-09-19 14:14:33.464000,418.6203840859475,103
2024-09-19 14:14:33.490000,418.6411059510227,8
2024-09-19 14:14:33.493000,418.6302961720347,998
2024-09-19 14:14:33.507000,418.61218151012565,12
2024-09-19 14:14:33.523000,418.6667198279707,102
2024-09-19 14:14:33.591000,418.68174979569926,95
2024-09-19 14:14:33.658000,418.599379521646,98
2024-09-19 14:14:33.762000,418.6215370044464,1000
2024-09-19 14:14:33.772000,418.6512912094793,6
2024-09-19 14:14:34.053000,418.5791199971846,101
2024-09-19 14:14:34.057000,418.5363575756751,96
2024-09-19 14:14:34.112000,418.5639670872285,10
2024-09-19 14:14:34.173000,418.5841100869621,97
2024-09-19 14:14:34.252000,418.60267468263214,6
2024-09-19 14:14:34.274000,418.5678632533538,998
2024-09-19 14:14:34.346000,418.5758285622127,14
2024-09-19 14:14:34.516000,418.5756620799175,98
2024-09-19 14:14:34.725000,418.57743249475374,11
2024-09-19 14:14:34.743000,418.5387518354212,98
2024-09-19 14:14:34.772000,418.53639565061457,5
2024-09-19 14:14:34.787000,418.5917310461898,8
2024-09-19 14:14:34.874000,418.542830802308,1004
2024-09-19 14:14:34.908000,418.5689928859029,6
2024-09-19 14:14:34.940000,418.56451611303817,104
2024-09-19 14:14:34.975000,418.5519100289,15
2024-09-19 14:14:35.421000,418.5490370018085,10
2024-09-19 14:14:35.868000,418.5393239742062,10
2024-09-19 14:14:35.898000,418.5691387265623,999
2024-09-19 14:14:36.061000,418.5198958662382,1003
2024-09-19 14:14:36.207000,418.5379759608032,102
2024-09-19 14:14:36.235000,418.4953298945012,104
2024-09-19 14:14:36.262000,418.5455448977769,5
2024-09-19 14:14:36.375000,418.5241448531127,100
2024-09-19 14:14:36.628000,418.5478881582464,97
2024-09-19 14:14:36.691000,418.5198829567992,6
2024-09-19 14:14:36.714000,418.5526904786016,12
2024-09-19 14:14:36.735000,418.5223874621428,103
2024-09-19 14:14:36.909000,418.5322213440156,997
2024-09-19 14:14:37.003000,418.575133482516,101
2024-09-19 14:14:37.070000,418.5584732869614,14
2024-09-19 14:14:37.091000,418.5774481318089,1002
2024-09-19 14:14:37.121000,418.60516788900384,1003
2024-09-19 14:14:37.196000,418.59877874302737,1003
2024-09-19 14:14:37.228000,418.56000999619965,995
2024-09-19 14:14:37.321000,418.5358405882224,1000
2024-09-19 14:14:37.346000,418.5617301285019,11
2024-09-19 14:14:37.357000,418.5878344657255,995
2024-09-19 14:14:37.398000,418.5956322476609,103
2024-09-19 14:14:37.411000,418.5546081960096,104
2024-09-19 14:14:37.463000,418.5781169155939,95
2024-09-19 14:14:37.490000,418.5826634223062,14
2024-09-19 14:14:37.572000,418.58791621245854,999
2024-09-19 14:14:37.593000,418.5730500642879,12
2024-09-19 14:14:37.646000,418.5612257298839,1005
2024-09-19 14:14:37.686000,418.5808668902617,1001
2024-09-19 14:14:37.783000,418.5836416981378,9
2024-09-19 14:14:37.792000,418.55438678606527,100
2024-09-19 14:14:37.794000,418.5800801815838,11
2024-09-19 14:14:37.818000,418.541842021688,9
2024-09-19 14:14:37.821000,418.5672700372954,8
2024-09-19 14:14:37.860000,418.5974441288951,7
2024-09-19 14:14:37.888000,418.5635472262872,97
2024-09-19 14:14:37.927000,418.5853164543626,996
2024-09-19 14:14:37.936000,418.59752382820153,1004
2024-09-19 14:14:37.943000,418.57249370692455,13
2024-09-19 14:14:37.963000,418.54818990443897,101
2024-09-19 14:14:38.008000,418.5581518467356,97
2024-09-19 14:14:38.253000,418.5727426680576,1001
2024-09-19 14:14:38.314000,418.5632562590809,999
2024-09-19 14:14:38.339000,418.5752260362697,12
2024-09-19 14:14:38.375000,418.56518822190753,996
2024-09-19 14:14:38.389000,418.5684516565432,6
2024-09-19 14:14:38.398000,418.5707738863997,5
2024-09-19 14:14:38.531000,418.6089808216449,99
2024-09-19 14:14:38.544000,418.585705505165,10
2024-09-19 14:14:38.637000,418.59826487494206,101
2024-09-19 14:14:38.707000,418.6142351321933,100
2024-09-19 14:14:38.720000,418.5529311220357,1000
2024-09-19 14:14:38.735000,418.6014316353899,96
2024-09-19 14:14:38.767000,418.5889656704701,105
2024-09-19 14:14:38.768000,418.56885703807234,14
2024-09-19 14:14:38.772000,418.5925825567067,100
2024-09-19 14:14:38.894000,418.5820213774434,9
2024-09-19 14:14:38.916000,418.6033578172937,95
2024-09-19 14:14:38.928000,418.5943728037841,997
2024-09-19 14:14:39.031000,418.6177220928632,1005
2024-09-19 14:14:39.034000,418.6208546791604,104
2024-09-19 14:14:39.048000,418.6231576121744,96
2024-09-19 14:14:39.054000,418.603748953088,103
2024-09-19 14:14:39.139000,418.58215734969366,11
2024-09-19 14:14:39.149000,418.6169912129618,1005
2024-09-19 14:14:39.183000,418.5954793031241,15
2024-09-19 14:14:39.207000,418.6286169660352,14
2024-09-19 14:14:39.312000,418.58781644774245,1004
2024-09-19 14:14:39.315000,418.64257107936425,1002
2024-09-19 14:14:39.427000,418.5839801903069,101
2024-09-19 14:14:39.601000,418.6102685424464,99
2024-09-19 14:14:39.609000,418.61511314686265,96
2024-09-19 14:14:39.672000,418.6262676040657,102
2024-09-19 14:14:39.680000,418.6133059967455,1003
2024-09-19 14:14:39.683000,418.6197322033385,1003
2024-09-19 14:14:39.808000,418.60091435160393,102
2024-09-19 14:14:39.825000,418.61474395442906,97
2024-09-19 14:14:39.851000,418.60324631492193,8
2024-09-19 14:14:39.949000,418.5975264724887,995
2024-09-19 14:14:40.018000,418.6528827906874,101
2024-09-19 14:14:40.022000,418.677788780804,8
2024-09-19 14:14:40.039000,418.6423322692928,96
2024-09-19 14:14:40.042000,418.645167589331,105
2024-09-19 14:14:40.108000,418.6712363592306,99
2024-09-19 14:14:40.184000,418.67243155452337,96
2024-09-19 14:14:40.248000,418.6298511722996,104
2024-09-19 14:14:40.308000,418.6604757020696,12
2024-09-19 14:14:40.312000,418.6534897939418,100
2024-09-19 14:14:40.339000,418.6312881003035,95
2024-09-19 14:14:40.448000,418.6408039857934,1002
2024-09-19 14:14:40.454000,418.6609480527102,101
2024-09-19 14:14:40.614000,418.6577495843383,1002
2024-09-19 14:14:40.711000,418.6472866701585,97
2024-09-19 14:14:40.734000,418.6682678974564,14
2024-09-19 14:14:40.764000,418.6477311476783,15
2024-09-19 14:14:40.864000,418.6441421553668,98
2024-09-19 14:14:40.961000,418.63443790050513,96
2024-09-19 14:14:40.986000,418.6596784458358,105
2024-09-19 14:14:41.447000,418.644706301932,1004
2024-09-19 14:14:41.514000,418.6313774832706,14
2024-09-19 14:14:41.516000,418.6441183333518,104
2024-09-19 14:14:41.565000,418.6526429970994,98
2024-09-19 14:14:41.572000,418.6453825126541,95
2024-09-19 14:14:41.632000,418.6412937109369,13
2024-09-19 14:14:41.702000,418.649497733099,996
2024-09-19 14:14:41.917000,418.6416028945731,13
2024-09-19 14:14:41.973000,418.627846923403,100
2024-09-19 14:14:42.217000,418.66078431488063,5
2024-09-19 14:14:42.243000,418.6729825805908,9
2024-09-19 14:14:42.337000,418.6631174075705,1001
2024-09-19 14:14:42.547000,418.6739555260012,14
2024-09-19 14:14:42.593000,418.6331835594351,97
2024-09-19 14:14:42.619000,418.6605022243351,104
2024-09-19 14:14:42.647000,418.6294405545312,14
2024-09-19 14:14:42.679000,418.6481352201216,998
2024-09-19 14:14:42.777000,418.6507787365181,1003
2024-09-19 14:14:42.858000,418.6345033700826,105
2024-09-19 14:14:42.892000,418.6701210756398,9
2024-09-19 14:14:42.986000,418.67541081649097,98
2024-09-19 14:14:43.157000,418.6488848071014,12
2024-09-19 14:14:43.159000,418.5688073040547,8
2024-09-19 14:14:43.182000,418.6691003051061,998
2024-09-19 14:14:43.248000,418.67177558020126,5
2024-09-19 14:14:43.267000,418.5811663285163,12
2024-09-19 14:14:43.269000,418.5566940940956,8
2024-09-19 14:14:43.315000,418.5556057335445,995
2024-09-19 14:14:43.322000,418.6385559360712,1003
2024-09-19 14:14:43.384000,418.65103797675846,5
2024-09-19 14:14:43.394000,418.6537992991312,101
2024-09-19 14:14:43.520000,418.6144378770711,1005
2024-09-19 14:14:43.599000,418.67534132434594,1003
2024-09-19 14:14:43.604000,418.6404961980388,8
2024-09-19 14:14:43.651000,418.6409566319608,101
2024-09-19 14:14:43.678000,418.64636977192674,101
2024-09-19 14:14:43.753000,418.668533501776,1003
2024-09-19 14:14:43.764000,418.66824586587495,1000
2024-09-19 14:14:43.786000,418.6375424025481,9
2024-09-19 14:14:43.794000,418.6345734738885,102
2024-09-19 14:14:43.857000,418.63518918928304,99
2024-09-19 14:14:43.880000,418.6127403053624,98
2024-09-19 14:14:43.901000,418.6694754219058,1003
2024-09-19 14:14:43.915000,418.6571230090667,98
2024-09-19 14:14:43.946000,418.6594495708293,6
2024-09-19 14:14:43.984000,418.6163012925929,100
2024-09-19 14:14:44.030000,418.4951328386619,101
2024-09-19 14:14:44.043000,418.5507145009744,104
2024-09-19 14:14:44.105000,418.4991619848212,1000
2024-09-19 14:14:44.177000,418.524225343793,6
2024-09-19 14:14:44.467000,418.5344488552204,8
2024-09-19 14:14:44.751000,418.5179827178956,1005
2024-09-19 14:14:44.769000,418.5119015597933,6
2024-09-19 14:14:44.817000,418.5129560247209,1001
2024-09-19 14:14:44.904000,418.5308734554619,7
2024-09-19 14:14:44.919000,418.5162119518584,96
2024-09-19 14:14:44.931000,418.5085550576289,97
2024-09-19 14:14:44.978000,418.5382540827944,99
2024-09-19 14:14:45.056000,418.5106854368297,998
2024-09-19 14:14:45.071000,418.4648474068749,7
2024-09-19 14:14:45.098000,418.4452060381374,95
2024-09-19 14:14:45.150000,418.4653573635704,102
2024-09-19 14:14:45.158000,418.46678616272783,1001
2024-09-19 14:14:45.228000,418.46972067982256,5
2024-09-19 14:14:45.247000,418.4590966660706,998
2024-09-19 14:14:45.289000,418.4363511085282,101
2024-09-19 14:14:45.440000,418.42949462797606,998
2024-09-19 14:14:45.443000,418.45684442760194,99
2024-09-19 14:14:45.456000,418.5069637657835,6
2024-09-19 14:14:45.465000,418.4926816990948,997
2024-09-19 14:14:45.479000,418.4792523788119,6
2024-09-19 14:14:45.613000,418.4532956148664,97
2024-09-19 14:14:45.618000,418.4275063214743,8
2024-09-19 14:14:45.632000,418.4537711028303,99
2024-09-19 14:14:45.655000,418.4802194701089,1001
2024-09-19 14:14:45.681000,418.50031308177785,95
2024-09-19 14:14:45.707000,418.464726175266,998
2024-09-19 14:14:45.714000,418.4701530018128,100
2024-09-19 14:14:45.747000,418.4545404621536,13
2024-09-19 14:14:45.751000,418.4712444719305,99
2024-09-19 14:14:45.813000,418.4607438880159,1003
2024-09-19 14:14:45.858000,418.4672516011696,101
2024-09-19 14:14:45.916000,418.4480935782919,1002
2024-09-19 14:14:45.968000,418.4973087283801,96
2024-09-19 14:14:46.058000,418.5120819169375,1002
2024-09-19 14:14:46.573000,418.52301673003296,101
2024-09-19 14:14:47.340000,418.5331566318822,104
2024-09-19 14:14:47.358000,418.4749101205351,10
2024-09-19 14:14:47.399000,418.50622478570864,95
2024-09-19 14:14:47.553000,418.5055169558171,9
2024-09-19 14:14:47.627000,418.49982594436585,97
2024-09-19 14:14:47.654000,418.5313140094806,1004
2024-09-19 14:14:47.660000,418.4674190272048,100
2024-09-19 14:14:47.664000,418.4790905096645,14
2024-09-19 14:14:47.743000,418.49062098409934,104
2024-09-19 14:14:47.759000,418.472098554885,1004
2024-09-19 14:14:47.786000,418.53547925222426,11
2024-09-19 14:14:47.803000,418.4864312161543,996
2024-09-19 14:14:47.999000,418.537688616955,103
2024-09-19 14:14:48.347000,418.4904038873791,1001
2024-09-19 14:14:48.484000,418.4822580112288,104
2024-09-19 14:14:48.533000,418.4878942929015,1002
2024-09-19 14:14:48.718000,418.4852837604931,1005
2024-09-19 14:14:48.735000,418.48221018075617,998
2024-09-19 14:14:49.109000,418.52218524133485,7
2024-09-19 14:14:49.164000,418.5254217238625,996
2024-09-19 14:14:49.177000,418.5030522646596,15
2024-09-19 14:14:49.179000,418.5082876662042,97
2024-09-19 14:14:49.181000,418.4815470822522,7
2024-09-19 14:14:49.204000,418.4760122208877,996
2024-09-19 14:14:49.248000,418.5605153823955,8
2024-09-19 14:14:49.274000,418.51749038553737,101
2024-09-19 14:14:49.290000,418.52266876709217,1002
2024-09-19 14:14:49.306000,418.4959068253569,14
2024-09-19 14:14:49.327000,418.49178538977753,6
2024-09-19 14:14:49.388000,418.4716386682529,1003
2024-09-19 14:14:49.402000,418.4877664792237,11
2024-09-19 14:14:49.427000,418.5533545519208,102
2024-09-19 14:14:49.436000,418.5222216066237,96
2024-09-19 14:14:49.498000,418.5137061321568,12
2024-09-19 14:14:49.508000,418.50854464541305,9
2024-09-19 14:14:49.547000,418.5036107239951,8
2024-09-19 14:14:49.565000,418.5291522030992,998
2024-09-19 14:14:49.572000,418.53288749269416,997
2024-09-19 14:14:49.620000,418.5214013419206,995
2024-09-19 14:14:49.732000,418.5244998383872,11
2024-09-19 14:14:49.760000,418.5244813210802,995
2024-09-19 14:14:49.779000,418.5227697132217,1003
2024-09-19 14:14:49.807000,418.4912393286932,995
2024-09-19 14:14:49.881000,418.5258985902679,95
2024-09-19 14:14:49.891000,418.4851949310585,98
2024-09-19 14:14:49.936000,418.4934045509983,12
2024-09-19 14:14:49.979000,418.5110695162279,98
2024-09-19 14:14:50.020000,418.4293745977392,101
2024-09-19 14:14:50.053000,418.5413429327936,13
2024-09-19 14:14:50.103000,418.4170715372067,13
2024-09-19 14:14:50.150000,418.5542996466238,1000
2024-09-19 14:14:50.201000,418.4405645274714,99
2024-09-19 14:14:50.259000,418.5675982323903,9
2024-09-19 14:14:50.267000,418.5413992141171,5
2024-09-19 14:14:50.294000,418.4607949856837,15
2024-09-19 14:14:50.353000,418.5195354858817,101
2024-09-19 14:14:50.501000,418.5408422808805,1004
2024-09-19 14:14:50.571000,418.5378739503004,1004
2024-09-19 14:14:50.583000,418.4932604851933,99
2024-09-19 14:14:50.658000,418.5477907047513,96
2024-09-19 14:14:50.746000,418.4655929532994,1005
2024-09-19 14:14:50.747000,418.53212427406913,1005
2024-09-19 14:14:50.747000,418.5641455529817,5
2024-09-19 14:14:50.757000,418.4450194203913,7
2024-09-19 14:14:50.781000,418.5342413381893,102
2024-09-19 14:14:50.804000,418.5709502487673,101
2024-09-19 14:14:50.831000,418.5424965341952,998
2024-09-19 14:14:50.857000,418.548287336993,101
2024-09-19 14:14:50.983000,418.5083609861027,996
2024-09-19 14:14:51.033000,418.45192482403456,100
2024-09-19 14:14:51.216000,418.439565704932,998
2024-09-19 14:14:51.284000,418.43301199932415,999
2024-09-19 14:14:51.424000,418.44796600785,7
2024-09-19 14:14:51.616000,418.4541769708686,8
2024-09-19 14:14:51.636000,418.430855476418,15
2024-09-19 14:14:51.719000,418.44692399982193,96
2024-09-19 14:14:51.845000,418.4210603164794,103
2024-09-19 14:14:51.895000,418.4437056370288,10
2024-09-19 14:14:51.902000,418.4671085627605,104
2024-09-19 14:14:51.907000,418.4424341060255,10
2024-09-19 14:14:51.960000,418.4284224846759,6
2024-09-19 14:14:52.066000,418.42487281608265,5
2024-09-19 14:14:52.148000,418.4145992192066,997
2024-09-19 14:14:52.152000,418.4048939262121,13
2024-09-19 14:14:52.160000,418.4470887872977,96
2024-09-19 14:14:52.193000,418.4203696068999,6
2024-09-19 14:14:52.280000,418.42145563997445,105
2024-09-19 14:14:52.315000,418.4336569696458,97
2024-09-19 14:14:52.351000,418.4305240748778,101
2024-09-19 14:14:52.356000,418.4122595159804,999
2024-09-19 14:14:52.407000,418.4370927893536,101
2024-09-19 14:14:52.462000,418.4211094113905,104
2024-09-19 14:14:52.626000,418.4540025006479,95
2024-09-19 14:14:52.640000,418.4423225626208,10
2024-09-19 14:14:52.642000,418.45503560600406,99
2024-09-19 14:14:52.670000,418.44301163321626,9
2024-09-19 14:14:52.671000,418.4294080263357,104
2024-09-19 14:14:52.676000,418.4320684389132,1001
2024-09-19 14:14:52.684000,418.4139850403603,1002
2024-09-19 14:14:52.691000,418.435556580037,99
2024-09-19 14:14:52.697000,418.4347928025202,105
2024-09-19 14:14:52.851000,418.4494554039704,98
2024-09-19 14:14:52.986000,418.450482281533,1003
2024-09-19 14:14:53.056000,418.4952508905685,8
2024-09-19 14:14:53.090000,418.45013604176137,1004
2024-09-19 14:14:53.186000,418.4579530622755,102
2024-09-19 14:14:53.337000,418.4533601912897,104
2024-09-19 14:14:53.385000,418.4415522422781,1002
2024-09-19 14:14:53.413000,418.4966070776628,95
2024-09-19 14:14:53.420000,418.50590945778606,1001
2024-09-19 14:14:53.450000,418.4464554927968,14
2024-09-19 14:14:53.504000,418.4488206369649,1000
2024-09-19 14:14:53.513000,418.49167251360046,104
2024-09-19 14:14:53.559000,418.4383463935721,995
2024-09-19 14:14:53.567000,418.4982660427194,999
2024-09-19 14:14:53.650000,418.4821119679521,99
2024-09-19 14:14:53.654000,418.4814999206541,999
2024-09-19 14:14:53.662000,418.436158533922,15
2024-09-19 14:14:53.839000,418.436856132476,11
2024-09-19 14:14:53.936000,418.46836419202606,97
2024-09-19 14:14:53.955000,418.470311560471,98
2024-09-19 14:14:53.989000,418.474342003467,12
2024-09-19 14:14:54.141000,418.4501900200034,1005
2024-09-19 14:14:54.171000,418.47134694317407,103
2024-09-19 14:14:54.584000,418.4442863014812,14
2024-09-19 14:14:54.649000,418.4375326132138,15
2024-09-19 14:14:55.040000,418.4200506677546,996
2024-09-19 14:14:55.052000,418.4785833906114,95
2024-09-19 14:14:55.095000,418.472952958098,11
2024-09-19 14:14:55.116000,418.4734241023945,1002
2024-09-19 14:14:55.137000,418.4418432147879,8
2024-09-19 14:14:55.143000,418.44429699777777,9
2024-09-19 14:14:55.167000,418.4422790967968,995
2024-09-19 14:14:55.186000,418.4864197745474,1004
2024-09-19 14:14:55.189000,418.4245195634273,99
2024-09-19 14:14:55.219000,418.4665546543919,15
2024-09-19 14:14:55.261000,418.48836892331457,96
2024-09-19 14:14:55.307000,418.4717404993213,105
2024-09-19 14:14:55.318000,418.444256464678,997
2024-09-19 14:14:55.349000,418.4862717452813,1004
2024-09-19 14:14:55.416000,418.43838328230254,11
2024-09-19 14:14:55.441000,418.4143339755908,1000
2024-09-19 14:14:55.445000,418.4906487579245,7
2024-09-19 14:14:55.501000,418.4777453994474,1001
2024-09-19 14:14:55.515000,418.4410296054078,1002
2024-09-19 14:14:55.529000,418.4888039420684,998
2024-09-19 14:14:55.546000,418.48217932099016,1001
2024-09-19 14:14:55.596000,418.46361380612416,1001
2024-09-19 14:14:55.605000,418.4814701477711,13
2024-09-19 14:14:55.693000,418.4524726654353,1000
2024-09-19 14:14:55.714000,418.4491041957521,100
2024-09-19 14:14:55.741000,418.4590123225045,15
2024-09-19 14:14:55.831000,418.49862619861375,14
2024-09-19 14:14:55.953000,418.4684762346629,103
2024-09-19 14:14:55.957000,418.4825249180439,96
2024-09-19 14:14:55.971000,418.439052193746,7
2024-09-19 14:14:56.010000,418.42281840412295,7
2024-09-19 14:14:56.085000,418.4936449004865,15
2024-09-19 14:14:56.092000,418.4125784639723,1003
2024-09-19 14:14:56.416000,418.4627371001705,1005
2024-09-19 14:14:56.441000,418.4255331380493,999
2024-09-19 14:14:56.445000,418.4611014164402,103
2024-09-19 14:14:56.449000,418.5262466538716,998
2024-09-19 14:14:56.558000,418.4028415584651,103
2024-09-19 14:14:56.581000,418.456846435956,9
2024-09-19 14:14:56.633000,418.4222184028224,999
2024-09-19 14:14:56.653000,418.4607940426153,97
2024-09-19 14:14:56.690000,418.4427412444874,1003
2024-09-19 14:14:56.831000,418.5050324837758,996
2024-09-19 14:14:56.841000,418.47569186234506,95
2024-09-19 14:14:56.846000,418.42873638702986,97
2024-09-19 14:14:56.927000,418.39954505286505,1002
2024-09-19 14:14:57.016000,418.6115038298776,102
2024-09-19 14:14:57.030000,418.5627126174341,15
2024-09-19 14:14:57.039000,418.59295783811353,14
2024-09-19 14:14:57.104000,418.5975564030065,98
2024-09-19 14:14:57.193000,418.5289739964404,11
2024-09-19 14:14:57.207000,418.5832542815783,14
2024-09-19 14:14:57.302000,418.6061096559781,12
2024-09-19 14:14:57.334000,418.6424069660316,103
2024-09-19 14:14:57.418000,418.639936383074,998
2024-09-19 14:14:57.423000,418.54876067779367,996
2024-09-19 14:14:57.460000,418.553577340726,100
2024-09-19 14:14:57.564000,418.5589080599216,9
2024-09-19 14:14:57.659000,418.6165835367345,105
2024-09-19 14:14:57.741000,418.61453167790313,1001
2024-09-19 14:14:57.766000,418.5590544114718,98
2024-09-19 14:14:57.785000,418.5362321333404,8
2024-09-19 14:14:57.797000,418.5794034370101,98
2024-09-19 14:14:57.905000,418.5779074190373,1005
2024-09-19 14:14:57.921000,418.5563179759937,100
2024-09-19 14:14:58.173000,418.6712608173357,997
2024-09-19 14:14:58.302000,418.622075708444,5
2024-09-19 14:14:58.430000,418.6201478676081,14
2024-09-19 14:14:58.521000,418.6717700362514,101
2024-09-19 14:14:58.656000,418.6323448836072,1000
2024-09-19 14:14:58.669000,418.6540564195259,103
2024-09-19 14:14:58.671000,418.6245900484056,98
2024-09-19 14:14:58.715000,418.655345382178,995
2024-09-19 14:14:58.789000,418.6630821092014,997
2024-09-19 14:14:59.136000,418.6883239494864,99
2024-09-19 14:14:59.151000,418.6984679022065,14
2024-09-19 14:14:59.619000,418.6745857494103,96
2024-09-19 14:14:59.665000,418.68991919186215,105
