Timestamp,Price,Size
2024-09-16 13:41:00.015000,415.4858441434043,11
2024-09-16 13:41:00.065000,415.4912351798805,995
2024-09-16 13:41:00.093000,415.58178855824326,1004
2024-09-16 13:41:00.101000,415.500564340734,998
2024-09-16 13:41:00.158000,415.4974313949612,13
2024-09-16 13:41:00.171000,415.48483225084016,1000
2024-09-16 13:41:00.218000,415.4986955316551,98
2024-09-16 13:41:00.255000,415.53522330354747,15
2024-09-16 13:41:00.345000,415.62398675202047,1004
2024-09-16 13:41:00.351000,415.5010984362217,1005
2024-09-16 13:41:00.379000,415.48775772210894,104
2024-09-16 13:41:00.393000,415.52932095823127,12
2024-09-16 13:41:00.402000,415.47969806417393,103
2024-09-16 13:41:00.410000,415.55120887458713,104
2024-09-16 13:41:00.480000,415.4911795169513,100
2024-09-16 13:41:00.522000,415.6026062009485,998
2024-09-16 13:41:00.573000,415.5355064375672,96
2024-09-16 13:41:00.585000,415.5772079045423,1005
2024-09-16 13:41:00.594000,415.5589425848477,1000
2024-09-16 13:41:00.668000,415.537947983789,995
2024-09-16 13:41:00.800000,415.5430612855347,5
2024-09-16 13:41:00.847000,415.4554222419398,103
2024-09-16 13:41:00.869000,415.53159060712494,999
2024-09-16 13:41:00.875000,415.5415165017936,100
2024-09-16 13:41:00.908000,415.5423044497941,1001
2024-09-16 13:41:00.937000,415.4557419292278,7
2024-09-16 13:41:01.010000,415.45011870332615,97
2024-09-16 13:41:01.083000,415.444285509688,99
2024-09-16 13:41:01.218000,415.4590135209127,999
2024-09-16 13:41:01.227000,415.4272904576841,8
2024-09-16 13:41:01.239000,415.4090821570592,12
2024-09-16 13:41:01.280000,415.4221070277874,8
2024-09-16 13:41:01.425000,415.4502665316565,1005
2024-09-16 13:41:01.462000,415.446123569449,1003
2024-09-16 13:41:01.464000,415.4357301107163,14
2024-09-16 13:41:01.572000,415.4586380115513,997
2024-09-16 13:41:01.773000,415.4557758194503,5
2024-09-16 13:41:01.814000,415.438251293431,13
2024-09-16 13:41:01.819000,415.4521108297964,1005
2024-09-16 13:41:01.844000,415.427845324684,12
2024-09-16 13:41:01.950000,415.4281246519374,998
2024-09-16 13:41:02.128000,415.38922164000815,97
2024-09-16 13:41:02.153000,415.40844775603193,6
2024-09-16 13:41:02.425000,415.3869866569067,999
2024-09-16 13:41:03.034000,415.5083439609927,11
2024-09-16 13:41:03.050000,415.481094921218,101
2024-09-16 13:41:03.114000,415.4797215966448,101
2024-09-16 13:41:03.122000,415.5098835887046,9
2024-09-16 13:41:03.126000,415.43384394123296,1004
2024-09-16 13:41:03.153000,415.5140331273466,99
2024-09-16 13:41:03.242000,415.4904750153929,8
2024-09-16 13:41:03.289000,415.4169336966388,99
2024-09-16 13:41:03.307000,415.4918522442868,5
2024-09-16 13:41:03.388000,415.4044319582881,10
2024-09-16 13:41:03.394000,415.4294126654003,103
2024-09-16 13:41:03.399000,415.42046115958135,95
2024-09-16 13:41:03.446000,415.422135941924,103
2024-09-16 13:41:03.461000,415.48667992571967,12
2024-09-16 13:41:03.470000,415.4541678257944,103
2024-09-16 13:41:03.486000,415.4718507359085,1005
2024-09-16 13:41:03.578000,415.4903693119834,11
2024-09-16 13:41:03.590000,415.4539092368269,1001
2024-09-16 13:41:03.684000,415.4308382197627,1001
2024-09-16 13:41:03.733000,415.4836765913183,101
2024-09-16 13:41:03.736000,415.4592777857689,101
2024-09-16 13:41:03.848000,415.41036650344495,98
2024-09-16 13:41:03.970000,415.4564768029617,1000
2024-09-16 13:41:03.973000,415.511327226324,10
2024-09-16 13:41:04.097000,415.4926167389602,5
2024-09-16 13:41:04.508000,415.50309795524834,101
2024-09-16 13:41:05.011000,415.51860597781337,95
2024-09-16 13:41:05.061000,415.4959298181981,96
2024-09-16 13:41:05.065000,415.55812494159966,1001
2024-09-16 13:41:05.118000,415.4921345549028,1005
2024-09-16 13:41:05.157000,415.53159736502425,1000
2024-09-16 13:41:05.174000,415.5489575078043,9
2024-09-16 13:41:05.213000,415.5352967037062,103
2024-09-16 13:41:05.273000,415.5305089185917,5
2024-09-16 13:41:05.277000,415.53742337229016,99
2024-09-16 13:41:05.351000,415.52453525182193,100
2024-09-16 13:41:05.352000,415.5304409892751,1005
2024-09-16 13:41:05.353000,415.5100947532036,99
2024-09-16 13:41:05.491000,415.54142371368704,95
2024-09-16 13:41:05.524000,415.4971876635325,1001
2024-09-16 13:41:05.695000,415.51442387187177,8
2024-09-16 13:41:05.752000,415.4920221674764,104
2024-09-16 13:41:05.801000,415.54175086391473,999
2024-09-16 13:41:05.849000,415.5334635763501,98
2024-09-16 13:41:05.870000,415.5393929810583,1001
2024-09-16 13:41:05.913000,415.5543937642186,13
2024-09-16 13:41:05.932000,415.5004999758832,7
2024-09-16 13:41:05.964000,415.5157042817502,1001
2024-09-16 13:41:06.090000,415.5107237947221,12
2024-09-16 13:41:06.380000,415.5034987809751,995
2024-09-16 13:41:06.477000,415.4909145862682,95
2024-09-16 13:41:06.656000,415.5248361278528,102
2024-09-16 13:41:06.716000,415.47065458785386,13
2024-09-16 13:41:06.873000,415.50292458314937,1001
2024-09-16 13:41:06.972000,415.50357915179785,8
2024-09-16 13:41:06.980000,415.4729792671624,6
2024-09-16 13:41:07.008000,415.5189419833226,1005
2024-09-16 13:41:07.092000,415.4625458999363,7
2024-09-16 13:41:07.131000,415.47969305687513,995
2024-09-16 13:41:07.131000,415.49392025139736,11
2024-09-16 13:41:07.237000,415.5206509784117,97
2024-09-16 13:41:07.360000,415.4557159441257,8
2024-09-16 13:41:07.389000,415.50471570100456,97
2024-09-16 13:41:07.403000,415.4543579917087,998
2024-09-16 13:41:07.407000,415.495818956065,101
2024-09-16 13:41:07.520000,415.45177539216326,997
2024-09-16 13:41:07.524000,415.5041103691804,7
2024-09-16 13:41:07.705000,415.4655376298135,1002
2024-09-16 13:41:07.766000,415.50481102921714,5
2024-09-16 13:41:07.783000,415.4840158265979,13
2024-09-16 13:41:07.815000,415.4654726098896,9
2024-09-16 13:41:07.848000,415.4836342018929,98
2024-09-16 13:41:07.938000,415.51258107895455,10
2024-09-16 13:41:08.435000,415.4332104910197,6
2024-09-16 13:41:08.690000,415.4370007906136,6
2024-09-16 13:41:08.847000,415.4650833943381,14
2024-09-16 13:41:08.997000,415.48117539831145,998
2024-09-16 13:41:09.061000,415.4573524652466,997
2024-09-16 13:41:09.152000,415.47360457941113,998
2024-09-16 13:41:09.187000,415.4707761722811,100
2024-09-16 13:41:09.429000,415.4874033506393,12
2024-09-16 13:41:09.693000,415.4728628192926,995
2024-09-16 13:41:09.755000,415.453408227398,997
2024-09-16 13:41:10.052000,415.4799098184142,1000
2024-09-16 13:41:10.095000,415.4546447072117,101
2024-09-16 13:41:10.106000,415.4750035249799,15
2024-09-16 13:41:10.144000,415.46713014270665,8
2024-09-16 13:41:10.209000,415.4563238920598,13
2024-09-16 13:41:10.303000,415.4658569330973,96
2024-09-16 13:41:10.357000,415.4803496901016,998
2024-09-16 13:41:10.627000,415.4465803449363,12
2024-09-16 13:41:10.708000,415.43838549997366,8
2024-09-16 13:41:10.887000,415.4758152027763,10
2024-09-16 13:41:10.897000,415.4703839627674,105
2024-09-16 13:41:10.959000,415.45732015464574,105
2024-09-16 13:41:10.983000,415.4494042972981,104
2024-09-16 13:41:11.050000,415.4551977819589,1000
2024-09-16 13:41:11.683000,415.45083939222616,11
2024-09-16 13:41:12.092000,415.3906925947035,1001
2024-09-16 13:41:12.109000,415.4178362455863,15
2024-09-16 13:41:12.122000,415.42573696269966,995
2024-09-16 13:41:12.176000,415.4258003967768,100
2024-09-16 13:41:12.221000,415.40954726562194,103
2024-09-16 13:41:12.275000,415.419668083556,1005
2024-09-16 13:41:12.463000,415.4126255818075,5
2024-09-16 13:41:12.685000,415.4354734361554,15
2024-09-16 13:41:12.763000,415.4112921404852,100
2024-09-16 13:41:12.842000,415.4068180110592,1003
2024-09-16 13:41:12.978000,415.425579525309,7
2024-09-16 13:41:13.052000,415.4074178842406,98
2024-09-16 13:41:13.101000,415.40855106721216,8
2024-09-16 13:41:13.190000,415.4038701718556,102
2024-09-16 13:41:13.217000,415.4160365656792,998
2024-09-16 13:41:13.364000,415.4108632179425,9
2024-09-16 13:41:13.389000,415.4155055733398,997
2024-09-16 13:41:13.410000,415.3954818099653,1003
2024-09-16 13:41:13.544000,415.3957385343718,98
2024-09-16 13:41:13.599000,415.3983557199347,101
2024-09-16 13:41:13.612000,415.4077768956157,5
2024-09-16 13:41:13.683000,415.41283298254336,96
2024-09-16 13:41:13.950000,415.4076692684452,1003
2024-09-16 13:41:14.127000,415.3939645669272,7
2024-09-16 13:41:14.218000,415.3885176259286,15
2024-09-16 13:41:14.354000,415.3640494183848,10
2024-09-16 13:41:14.370000,415.39211488896257,1000
2024-09-16 13:41:14.489000,415.3744076577888,10
2024-09-16 13:41:14.746000,415.4098017155929,11
2024-09-16 13:41:14.771000,415.4039763484122,101
2024-09-16 13:41:14.785000,415.3862281983215,96
2024-09-16 13:41:14.809000,415.3817923518628,995
2024-09-16 13:41:15.505000,415.3525829539827,104
2024-09-16 13:41:16.143000,415.3291779444172,104
2024-09-16 13:41:16.394000,415.3088595274274,14
2024-09-16 13:41:16.681000,415.3157130201169,14
2024-09-16 13:41:16.856000,415.3260775594511,101
2024-09-16 13:41:16.947000,415.34910351424094,100
2024-09-16 13:41:17.031000,415.3398587440597,996
2024-09-16 13:41:17.101000,415.330782028381,100
2024-09-16 13:41:17.182000,415.3552463742812,99
2024-09-16 13:41:17.378000,415.3304066949697,103
2024-09-16 13:41:17.436000,415.3404358681994,101
2024-09-16 13:41:17.744000,415.366527181708,11
2024-09-16 13:41:17.815000,415.3383792220329,1004
2024-09-16 13:41:18.246000,415.3597172445028,12
2024-09-16 13:41:18.392000,415.3564515112222,98
2024-09-16 13:41:18.564000,415.3530887295149,13
2024-09-16 13:41:19.043000,415.4255031709026,101
2024-09-16 13:41:19.061000,415.3953969504878,15
2024-09-16 13:41:19.064000,415.461954432493,1000
2024-09-16 13:41:19.151000,415.3630598793583,6
2024-09-16 13:41:19.160000,415.4464873896373,6
2024-09-16 13:41:19.199000,415.4482297656258,1001
2024-09-16 13:41:19.233000,415.3901243952325,8
2024-09-16 13:41:19.235000,415.4609892848538,995
2024-09-16 13:41:19.256000,415.3516830576357,1002
2024-09-16 13:41:19.318000,415.3736422693141,97
2024-09-16 13:41:19.328000,415.4081715280083,96
2024-09-16 13:41:19.403000,415.3851134597194,97
2024-09-16 13:41:19.477000,415.36648867908326,1000
2024-09-16 13:41:19.517000,415.37624609584304,1001
2024-09-16 13:41:19.521000,415.381364727772,997
2024-09-16 13:41:19.546000,415.4010589074685,96
2024-09-16 13:41:19.601000,415.385263645346,15
2024-09-16 13:41:19.656000,415.433319188918,100
2024-09-16 13:41:19.684000,415.4527385881284,1002
2024-09-16 13:41:19.702000,415.4447812823516,995
2024-09-16 13:41:19.712000,415.39307004298905,1000
2024-09-16 13:41:19.790000,415.45963138316006,7
2024-09-16 13:41:19.843000,415.4056781371595,95
2024-09-16 13:41:19.949000,415.4204581684693,1005
2024-09-16 13:41:20.180000,415.44130845711607,998
2024-09-16 13:41:20.183000,415.4574741574153,104
2024-09-16 13:41:20.191000,415.4447888852509,1002
2024-09-16 13:41:20.320000,415.4591182732779,96
2024-09-16 13:41:20.411000,415.468124402173,1004
2024-09-16 13:41:20.589000,415.4402836715714,10
2024-09-16 13:41:20.824000,415.4720873765697,996
2024-09-16 13:41:20.866000,415.4508192598666,999
2024-09-16 13:41:20.992000,415.4470685276487,101
2024-09-16 13:41:20.996000,415.4316429253137,10
2024-09-16 13:41:21,415.4529411771048,101
2024-09-16 13:41:21.018000,415.4978523520563,99
2024-09-16 13:41:21.030000,415.4636680826407,99
2024-09-16 13:41:21.030000,415.4950688895934,15
2024-09-16 13:41:21.032000,415.49698010022206,8
2024-09-16 13:41:21.108000,415.4884857435472,1002
2024-09-16 13:41:21.138000,415.45045538178937,995
2024-09-16 13:41:21.154000,415.4699680251388,100
2024-09-16 13:41:21.320000,415.4674839283412,97
2024-09-16 13:41:21.367000,415.48139831727264,103
2024-09-16 13:41:21.381000,415.4680088452369,1004
2024-09-16 13:41:21.422000,415.4398333658186,95
2024-09-16 13:41:21.434000,415.4739666735125,97
2024-09-16 13:41:21.472000,415.4806897864635,996
2024-09-16 13:41:21.513000,415.4969358253406,6
2024-09-16 13:41:21.584000,415.48240832898335,1005
2024-09-16 13:41:21.623000,415.4707892076495,5
2024-09-16 13:41:21.633000,415.47308553088834,1005
2024-09-16 13:41:21.654000,415.4735637061381,997
2024-09-16 13:41:21.721000,415.4472136222161,101
2024-09-16 13:41:21.759000,415.4508360965422,1000
2024-09-16 13:41:21.800000,415.4306515285158,9
2024-09-16 13:41:21.934000,415.4719337963844,104
2024-09-16 13:41:21.937000,415.4694620246275,14
2024-09-16 13:41:21.979000,415.4922999350439,105
2024-09-16 13:41:21.994000,415.44924323551584,11
2024-09-16 13:41:22.018000,415.4746007360621,1002
2024-09-16 13:41:22.095000,415.5132129947732,6
2024-09-16 13:41:22.287000,415.5114694334399,99
2024-09-16 13:41:22.375000,415.4916050312036,1004
2024-09-16 13:41:22.606000,415.5103436890663,103
2024-09-16 13:41:22.680000,415.515799536944,10
2024-09-16 13:41:22.709000,415.4939639307304,102
2024-09-16 13:41:22.799000,415.4820446249657,14
2024-09-16 13:41:22.814000,415.50092835802496,1002
2024-09-16 13:41:22.895000,415.5061229628282,103
2024-09-16 13:41:22.966000,415.5065495600431,5
2024-09-16 13:41:22.982000,415.4912035117913,11
2024-09-16 13:41:23.007000,415.481482326691,15
2024-09-16 13:41:23.021000,415.4733208209512,10
2024-09-16 13:41:23.087000,415.48108386297775,95
2024-09-16 13:41:23.242000,415.4689484310766,7
2024-09-16 13:41:23.695000,415.486887237307,11
2024-09-16 13:41:23.845000,415.4823964676124,1004
2024-09-16 13:41:23.905000,415.4720323799067,102
2024-09-16 13:41:24.002000,415.4925879762631,1004
2024-09-16 13:41:24.064000,415.4826474204492,102
2024-09-16 13:41:24.118000,415.4708261763842,1004
2024-09-16 13:41:24.188000,415.48727256823713,9
2024-09-16 13:41:24.728000,415.4640331855644,8
2024-09-16 13:41:24.962000,415.47697688526586,1001
2024-09-16 13:41:25.006000,415.4450486230161,95
2024-09-16 13:41:25.165000,415.4306564625221,102
2024-09-16 13:41:25.185000,415.46697250626414,10
2024-09-16 13:41:25.209000,415.46163384894726,103
2024-09-16 13:41:25.253000,415.4489432346778,103
2024-09-16 13:41:25.322000,415.4627258338176,1005
2024-09-16 13:41:25.506000,415.43606765176935,9
2024-09-16 13:41:25.538000,415.473021958855,102
2024-09-16 13:41:25.612000,415.4609584370909,9
2024-09-16 13:41:25.697000,415.4559561260786,12
2024-09-16 13:41:25.748000,415.4466266551728,99
2024-09-16 13:41:25.766000,415.472968665077,1002
2024-09-16 13:41:25.915000,415.4734106359529,999
2024-09-16 13:41:26.066000,415.4521199192913,8
2024-09-16 13:41:26.109000,415.436906835652,7
2024-09-16 13:41:26.110000,415.4114549728616,1001
2024-09-16 13:41:26.112000,415.4440670994122,7
2024-09-16 13:41:26.192000,415.42792129880297,6
2024-09-16 13:41:26.233000,415.4112163598422,995
2024-09-16 13:41:26.315000,415.4475876841189,996
2024-09-16 13:41:26.325000,415.4485101871592,105
2024-09-16 13:41:26.346000,415.44463442311815,11
2024-09-16 13:41:26.395000,415.4241686770727,997
2024-09-16 13:41:26.397000,415.4592040433,10
2024-09-16 13:41:26.609000,415.4244014321448,1003
2024-09-16 13:41:26.622000,415.4356266339364,13
2024-09-16 13:41:26.669000,415.4148920698015,103
2024-09-16 13:41:26.714000,415.4321071195256,15
2024-09-16 13:41:26.718000,415.4474943083729,995
2024-09-16 13:41:26.818000,415.4705002480905,97
2024-09-16 13:41:26.853000,415.4787348177776,1000
2024-09-16 13:41:26.855000,415.4500121688724,997
2024-09-16 13:41:26.928000,415.4163347288092,98
2024-09-16 13:41:26.942000,415.45270522026567,98
2024-09-16 13:41:26.991000,415.4125531312212,98
2024-09-16 13:41:27.032000,415.41962524898713,1003
2024-09-16 13:41:27.141000,415.39921756224896,11
2024-09-16 13:41:27.247000,415.3997898564355,12
2024-09-16 13:41:27.319000,415.426341754948,7
2024-09-16 13:41:27.377000,415.4213708215215,1003
2024-09-16 13:41:27.536000,415.431204529583,9
2024-09-16 13:41:27.704000,415.4314698052967,7
2024-09-16 13:41:27.815000,415.3983093850385,100
2024-09-16 13:41:27.864000,415.4183380509468,11
2024-09-16 13:41:27.865000,415.4073265012229,99
2024-09-16 13:41:27.888000,415.42245691622094,13
2024-09-16 13:41:27.903000,415.4074371676417,14
2024-09-16 13:41:27.903000,415.3963622327134,1000
2024-09-16 13:41:27.949000,415.43997525792713,100
2024-09-16 13:41:27.979000,415.425364658251,1001
2024-09-16 13:41:27.979000,415.4205409874127,97
2024-09-16 13:41:27.980000,415.390701122343,1005
2024-09-16 13:41:28.307000,415.44106179737446,102
2024-09-16 13:41:28.405000,415.4719695432755,1005
2024-09-16 13:41:28.475000,415.4401515329645,12
2024-09-16 13:41:28.487000,415.4686626695969,996
2024-09-16 13:41:28.585000,415.44060193750056,997
2024-09-16 13:41:28.585000,415.4473642577223,1003
2024-09-16 13:41:28.673000,415.4604275305806,997
2024-09-16 13:41:28.737000,415.441618514769,1002
2024-09-16 13:41:28.891000,415.4704986741589,8
2024-09-16 13:41:28.917000,415.45220782806354,1005
2024-09-16 13:41:28.918000,415.4390122677835,95
2024-09-16 13:41:28.942000,415.45226436605486,13
2024-09-16 13:41:28.998000,415.4557220072908,1004
2024-09-16 13:41:29.064000,415.5202354193214,1003
2024-09-16 13:41:29.084000,415.5013155330725,14
2024-09-16 13:41:29.114000,415.5334748369906,10
2024-09-16 13:41:29.149000,415.4837846847896,5
2024-09-16 13:41:29.258000,415.558207717828,103
2024-09-16 13:41:29.264000,415.5115066022974,7
2024-09-16 13:41:29.282000,415.527456262552,999
2024-09-16 13:41:29.286000,415.5120854320791,10
2024-09-16 13:41:29.444000,415.50740527644496,1000
2024-09-16 13:41:29.523000,415.5178765406806,997
2024-09-16 13:41:29.525000,415.5328112314529,6
2024-09-16 13:41:29.540000,415.5411577560346,1000
2024-09-16 13:41:29.559000,415.5434026962635,1004
2024-09-16 13:41:29.607000,415.5231305288473,998
2024-09-16 13:41:29.713000,415.5149371336862,101
2024-09-16 13:41:29.844000,415.5060834327092,13
2024-09-16 13:41:29.862000,415.4893460801549,14
2024-09-16 13:41:29.886000,415.5342688526716,12
2024-09-16 13:41:29.893000,415.5266160076705,1005
2024-09-16 13:41:29.934000,415.5098867334469,997
2024-09-16 13:41:29.959000,415.5573664871872,6
2024-09-16 13:41:30.155000,415.51296544808486,7
2024-09-16 13:41:30.297000,415.5224139488385,95
2024-09-16 13:41:30.409000,415.5163131421035,1004
2024-09-16 13:41:30.419000,415.5146222452409,1001
2024-09-16 13:41:30.444000,415.515420844349,5
2024-09-16 13:41:30.576000,415.5343874283232,1005
2024-09-16 13:41:30.640000,415.5234808726794,8
2024-09-16 13:41:30.659000,415.5158760328162,15
2024-09-16 13:41:30.757000,415.5130999674184,13
2024-09-16 13:41:30.786000,415.4897267207035,99
2024-09-16 13:41:30.833000,415.4906329866774,98
2024-09-16 13:41:30.849000,415.51895172993073,97
2024-09-16 13:41:31.024000,415.549491856381,1001
2024-09-16 13:41:31.039000,415.5166134398336,5
2024-09-16 13:41:31.052000,415.5250276643844,1002
2024-09-16 13:41:31.136000,415.544664981927,7
2024-09-16 13:41:31.222000,415.5392495166031,100
2024-09-16 13:41:31.236000,415.50603878373033,15
2024-09-16 13:41:31.247000,415.5036723273892,1003
2024-09-16 13:41:31.267000,415.5099482883322,99
2024-09-16 13:41:31.382000,415.51518492946326,102
2024-09-16 13:41:31.394000,415.5348838200047,999
2024-09-16 13:41:31.496000,415.5580645934129,6
2024-09-16 13:41:31.544000,415.5035262029116,102
2024-09-16 13:41:31.545000,415.5031208419801,8
2024-09-16 13:41:31.570000,415.5189958869949,10
2024-09-16 13:41:31.574000,415.55288162751634,1001
2024-09-16 13:41:31.643000,415.4961717013827,999
2024-09-16 13:41:31.645000,415.5368246135692,103
2024-09-16 13:41:31.729000,415.5102979007469,997
2024-09-16 13:41:31.818000,415.5423711983051,999
2024-09-16 13:41:31.860000,415.561318910113,1001
2024-09-16 13:41:31.879000,415.54185132795743,1003
2024-09-16 13:41:31.903000,415.5432835283704,14
2024-09-16 13:41:31.913000,415.4984845927941,10
2024-09-16 13:41:31.936000,415.5440345347575,101
2024-09-16 13:41:31.941000,415.5288451470813,102
2024-09-16 13:41:31.953000,415.5123528045586,101
2024-09-16 13:41:31.987000,415.52807336384495,95
2024-09-16 13:41:32.018000,415.5170942906069,996
2024-09-16 13:41:32.144000,415.4729595324945,999
2024-09-16 13:41:32.331000,415.4563737870089,101
2024-09-16 13:41:32.358000,415.4612527230281,1001
2024-09-16 13:41:32.436000,415.4938220632214,13
2024-09-16 13:41:32.490000,415.4932892405655,997
2024-09-16 13:41:32.520000,415.4758460749685,5
2024-09-16 13:41:32.571000,415.45843751036864,8
2024-09-16 13:41:32.625000,415.4645682042984,95
2024-09-16 13:41:32.679000,415.5208508891679,1001
2024-09-16 13:41:32.739000,415.4509307230445,997
2024-09-16 13:41:32.764000,415.4652618811797,1003
2024-09-16 13:41:32.806000,415.4505970236342,8
2024-09-16 13:41:32.885000,415.4553869826002,96
2024-09-16 13:41:32.885000,415.4991134528855,15
2024-09-16 13:41:32.916000,415.4554382779287,98
2024-09-16 13:41:32.938000,415.49769048740086,1001
2024-09-16 13:41:32.961000,415.5149789439007,1001
2024-09-16 13:41:32.977000,415.4544488187505,1005
2024-09-16 13:41:34.184000,415.4855902746796,1001
2024-09-16 13:41:34.228000,415.4638142596971,11
2024-09-16 13:41:34.232000,415.48358820791486,1002
2024-09-16 13:41:34.357000,415.465875457505,96
2024-09-16 13:41:34.376000,415.4575583996046,14
2024-09-16 13:41:34.414000,415.4687380995422,11
2024-09-16 13:41:34.463000,415.48334881149935,5
2024-09-16 13:41:34.480000,415.4508485845885,105
2024-09-16 13:41:34.520000,415.47196226139647,95
2024-09-16 13:41:34.554000,415.46037226979246,995
2024-09-16 13:41:34.602000,415.4826209286128,14
2024-09-16 13:41:34.647000,415.4447733870704,100
2024-09-16 13:41:34.676000,415.46977411695,98
2024-09-16 13:41:34.741000,415.4589155553165,13
2024-09-16 13:41:34.746000,415.4725990941223,105
2024-09-16 13:41:34.828000,415.443723238836,99
2024-09-16 13:41:34.844000,415.4958339355953,997
2024-09-16 13:41:34.870000,415.47050367570193,6
2024-09-16 13:41:34.875000,415.4660803421559,14
2024-09-16 13:41:34.917000,415.4786994654803,1001
2024-09-16 13:41:34.919000,415.4644204032234,999
2024-09-16 13:41:34.943000,415.46507945321343,99
2024-09-16 13:41:34.994000,415.46878390548966,1005
2024-09-16 13:41:35.058000,415.4356775475361,97
2024-09-16 13:41:35.085000,415.461222438131,1003
2024-09-16 13:41:35.175000,415.4662727265118,997
2024-09-16 13:41:35.280000,415.4138528535791,103
2024-09-16 13:41:35.394000,415.4241748196438,100
2024-09-16 13:41:35.448000,415.4188743487547,10
2024-09-16 13:41:35.486000,415.45222650518593,1004
2024-09-16 13:41:35.558000,415.4364924707673,1002
2024-09-16 13:41:35.578000,415.428583001273,102
2024-09-16 13:41:35.586000,415.43759685877023,98
2024-09-16 13:41:35.688000,415.4521521837419,105
2024-09-16 13:41:35.717000,415.41720117046367,15
2024-09-16 13:41:35.728000,415.43508247347074,104
2024-09-16 13:41:35.740000,415.42611371389546,1000
2024-09-16 13:41:35.748000,415.43465560796017,103
2024-09-16 13:41:35.888000,415.4623477672753,102
2024-09-16 13:41:35.946000,415.4764492674483,11
2024-09-16 13:41:36.007000,415.41958397590224,996
2024-09-16 13:41:36.052000,415.50173922594064,97
2024-09-16 13:41:36.065000,415.444213042136,1004
2024-09-16 13:41:36.092000,415.4992145751265,1002
2024-09-16 13:41:36.134000,415.458851276671,96
2024-09-16 13:41:36.157000,415.4180670368045,15
2024-09-16 13:41:36.178000,415.5050655805696,5
2024-09-16 13:41:36.204000,415.4651392150465,1005
2024-09-16 13:41:36.217000,415.4895293013045,1005
2024-09-16 13:41:36.266000,415.4502940300612,10
2024-09-16 13:41:36.340000,415.4549901311959,14
2024-09-16 13:41:36.361000,415.5087119956955,100
2024-09-16 13:41:36.476000,415.4211716997024,101
2024-09-16 13:41:36.560000,415.4524144627763,12
2024-09-16 13:41:36.563000,415.448187675041,7
2024-09-16 13:41:36.596000,415.5081185975888,105
2024-09-16 13:41:36.609000,415.4645970236908,103
2024-09-16 13:41:36.610000,415.42531917532193,14
2024-09-16 13:41:36.623000,415.4701332958675,105
2024-09-16 13:41:36.659000,415.4390127607986,11
2024-09-16 13:41:36.666000,415.4650907024581,1004
2024-09-16 13:41:36.701000,415.4844384797767,1002
2024-09-16 13:41:36.730000,415.4691764002933,9
2024-09-16 13:41:36.775000,415.43322524037706,8
2024-09-16 13:41:36.834000,415.4429302583276,1005
2024-09-16 13:41:36.899000,415.4647494204135,13
2024-09-16 13:41:36.960000,415.437813544617,9
2024-09-16 13:41:36.960000,415.48082595978656,105
2024-09-16 13:41:37.008000,415.4110544457228,6
2024-09-16 13:41:37.031000,415.4101504898578,102
2024-09-16 13:41:37.070000,415.4120177473488,6
2024-09-16 13:41:37.126000,415.4416689483637,10
2024-09-16 13:41:37.127000,415.447726599547,98
2024-09-16 13:41:37.175000,415.39727744086434,96
2024-09-16 13:41:37.192000,415.4024829536847,8
2024-09-16 13:41:37.217000,415.41828118809167,996
2024-09-16 13:41:37.230000,415.45887770530646,995
2024-09-16 13:41:37.232000,415.426436894739,1000
2024-09-16 13:41:37.245000,415.4131015460719,1005
2024-09-16 13:41:37.262000,415.40283961955856,6
2024-09-16 13:41:37.281000,415.3877227932961,101
2024-09-16 13:41:37.417000,415.3875692086728,8
2024-09-16 13:41:37.442000,415.3883717308059,98
2024-09-16 13:41:37.498000,415.3863017614051,995
2024-09-16 13:41:37.568000,415.41074521635056,12
2024-09-16 13:41:37.631000,415.423710529508,15
2024-09-16 13:41:37.651000,415.4266083975494,6
2024-09-16 13:41:37.664000,415.430600896052,1001
2024-09-16 13:41:37.678000,415.3793541785556,11
2024-09-16 13:41:37.729000,415.405530485517,97
2024-09-16 13:41:37.788000,415.4173168710307,13
2024-09-16 13:41:37.842000,415.41261101091743,996
2024-09-16 13:41:37.930000,415.3706162748701,996
2024-09-16 13:41:37.976000,415.43163165355946,6
2024-09-16 13:41:39.010000,415.3618694295219,7
2024-09-16 13:41:39.420000,415.3717403575131,5
2024-09-16 13:41:39.456000,415.3685564458535,97
2024-09-16 13:41:40.108000,415.33967165170105,995
2024-09-16 13:41:40.190000,415.3567576055861,100
2024-09-16 13:41:40.436000,415.3614398209162,1002
2024-09-16 13:41:40.455000,415.3816101879481,8
2024-09-16 13:41:40.549000,415.3691093131462,999
2024-09-16 13:41:40.552000,415.3629789160114,999
2024-09-16 13:41:40.685000,415.36431393108506,11
2024-09-16 13:41:40.855000,415.3729298020653,105
2024-09-16 13:41:40.931000,415.3460963293529,99
2024-09-16 13:41:41.481000,415.317840303776,96
2024-09-16 13:41:41.753000,415.3410743331947,105
2024-09-16 13:41:42.047000,415.2823210091522,99
2024-09-16 13:41:42.096000,415.25868946594335,7
2024-09-16 13:41:42.100000,415.2882325514393,12
2024-09-16 13:41:42.171000,415.2428109012496,996
2024-09-16 13:41:42.179000,415.2723493554355,6
2024-09-16 13:41:42.180000,415.2818111659137,1002
2024-09-16 13:41:42.231000,415.27660197229415,996
2024-09-16 13:41:42.293000,415.24894128514353,95
2024-09-16 13:41:42.372000,415.2478364918409,998
2024-09-16 13:41:42.381000,415.2594846923791,1001
2024-09-16 13:41:42.383000,415.2654323198996,998
2024-09-16 13:41:42.455000,415.2444917873268,95
2024-09-16 13:41:42.458000,415.287340882197,1004
2024-09-16 13:41:42.471000,415.31395991949057,98
2024-09-16 13:41:42.590000,415.254389565772,6
2024-09-16 13:41:42.606000,415.2521158845194,103
2024-09-16 13:41:42.612000,415.2586195030192,97
2024-09-16 13:41:42.729000,415.2753645936332,15
2024-09-16 13:41:42.746000,415.2482144682533,7
2024-09-16 13:41:42.784000,415.30335344691343,997
2024-09-16 13:41:42.833000,415.2719735063237,6
2024-09-16 13:41:42.839000,415.2634442668545,5
2024-09-16 13:41:42.844000,415.2916492714704,1000
2024-09-16 13:41:42.884000,415.2543460232495,101
2024-09-16 13:41:42.909000,415.23454822236425,999
2024-09-16 13:41:42.967000,415.2674061578618,15
2024-09-16 13:41:43.001000,415.2342543645336,105
2024-09-16 13:41:43.115000,415.229866157905,995
2024-09-16 13:41:43.168000,415.2506154695736,102
2024-09-16 13:41:43.182000,415.2161576176864,14
2024-09-16 13:41:43.222000,415.2483328263107,96
2024-09-16 13:41:43.224000,415.2451350356483,1001
2024-09-16 13:41:43.246000,415.2142751172378,95
2024-09-16 13:41:43.287000,415.2019038117085,5
2024-09-16 13:41:43.372000,415.2236799828223,102
2024-09-16 13:41:43.494000,415.2361379692674,7
2024-09-16 13:41:43.499000,415.2218445698393,103
2024-09-16 13:41:43.738000,415.2698978887215,10
2024-09-16 13:41:43.749000,415.2023268911041,1002
2024-09-16 13:41:43.803000,415.2630897842,995
2024-09-16 13:41:43.830000,415.26713338470887,999
2024-09-16 13:41:43.868000,415.2718806512376,102
2024-09-16 13:41:43.930000,415.2357822958472,1000
2024-09-16 13:41:43.985000,415.2500406856857,12
2024-09-16 13:41:43.999000,415.2467506648718,99
2024-09-16 13:41:44.098000,415.20359420424177,100
2024-09-16 13:41:44.189000,415.2265464119898,1005
2024-09-16 13:41:44.507000,415.22177611739016,14
2024-09-16 13:41:44.648000,415.2079973220253,105
2024-09-16 13:41:44.681000,415.2037907333053,103
2024-09-16 13:41:44.743000,415.198268555192,8
2024-09-16 13:41:44.752000,415.1822108112274,996
2024-09-16 13:41:44.770000,415.2087104338448,101
2024-09-16 13:41:45.150000,415.21823348712167,14
2024-09-16 13:41:45.685000,415.1975880160798,1001
2024-09-16 13:41:46.015000,415.2039346434237,999
2024-09-16 13:41:46.097000,415.28992134597286,1004
2024-09-16 13:41:46.195000,415.2115006810071,1003
2024-09-16 13:41:46.207000,415.2867804191588,1001
2024-09-16 13:41:46.244000,415.2577658981839,1000
2024-09-16 13:41:46.270000,415.25016207557735,15
2024-09-16 13:41:46.399000,415.26906927264616,102
2024-09-16 13:41:46.433000,415.2293648889397,97
2024-09-16 13:41:46.438000,415.2972443310595,100
2024-09-16 13:41:46.470000,415.2645131250596,102
2024-09-16 13:41:46.507000,415.22121031219245,15
2024-09-16 13:41:46.543000,415.2944694057255,1003
2024-09-16 13:41:46.580000,415.2233473343611,104
2024-09-16 13:41:46.607000,415.26240705364086,14
2024-09-16 13:41:46.613000,415.2008190473371,1004
2024-09-16 13:41:46.622000,415.2808196923762,102
2024-09-16 13:41:46.683000,415.279807513817,98
2024-09-16 13:41:46.727000,415.2687377366885,98
2024-09-16 13:41:46.737000,415.21410094551584,1003
2024-09-16 13:41:46.839000,415.23934293823584,998
2024-09-16 13:41:46.841000,415.2878508062495,14
2024-09-16 13:41:46.849000,415.21136231618834,1003
2024-09-16 13:41:46.904000,415.2680878007698,9
2024-09-16 13:41:46.938000,415.23313705129794,12
2024-09-16 13:41:46.975000,415.2605791417117,102
2024-09-16 13:41:46.984000,415.2095605513034,1002
2024-09-16 13:41:47.003000,415.2713378676093,5
2024-09-16 13:41:47.060000,415.2796324529231,9
2024-09-16 13:41:47.194000,415.2786206370337,996
2024-09-16 13:41:47.471000,415.26958468918224,6
2024-09-16 13:41:47.686000,415.2813237488368,98
2024-09-16 13:41:48.442000,415.3142009671354,98
2024-09-16 13:41:48.461000,415.27588704576914,1004
2024-09-16 13:41:48.475000,415.3081973422516,104
2024-09-16 13:41:48.616000,415.3139018828148,8
2024-09-16 13:41:48.941000,415.2951706192068,96
2024-09-16 13:41:49.001000,415.29785517409294,15
2024-09-16 13:41:49.008000,415.2973438635285,102
2024-09-16 13:41:49.022000,415.3488768564711,1001
2024-09-16 13:41:49.025000,415.34618658744336,15
2024-09-16 13:41:49.045000,415.3463590660261,1001
2024-09-16 13:41:49.103000,415.3049683417176,5
2024-09-16 13:41:49.104000,415.2781074799778,14
2024-09-16 13:41:49.140000,415.31137324560245,100
2024-09-16 13:41:49.142000,415.34931256582433,1000
2024-09-16 13:41:49.142000,415.33833909289416,6
2024-09-16 13:41:49.271000,415.3142695214335,1001
2024-09-16 13:41:49.322000,415.30457981161,999
2024-09-16 13:41:49.458000,415.3002177774932,1002
2024-09-16 13:41:49.568000,415.29475447655534,6
2024-09-16 13:41:49.572000,415.31228125562944,13
2024-09-16 13:41:49.575000,415.28504402516296,11
2024-09-16 13:41:49.580000,415.2847683939875,12
2024-09-16 13:41:49.581000,415.3020216084869,1000
2024-09-16 13:41:49.861000,415.3276499590142,998
2024-09-16 13:41:49.945000,415.3481152501301,997
2024-09-16 13:41:49.962000,415.3470731758685,1002
2024-09-16 13:41:50.013000,415.1934180223215,999
2024-09-16 13:41:50.056000,415.2009686715149,13
2024-09-16 13:41:50.061000,415.2871664062607,103
2024-09-16 13:41:50.149000,415.223128016242,999
2024-09-16 13:41:50.151000,415.2071155841265,105
2024-09-16 13:41:50.172000,415.2344519739395,11
2024-09-16 13:41:50.180000,415.2227842927653,14
2024-09-16 13:41:50.206000,415.2291587224836,997
2024-09-16 13:41:50.343000,415.266154009761,9
2024-09-16 13:41:50.360000,415.211345070702,997
2024-09-16 13:41:50.380000,415.2289002808584,100
2024-09-16 13:41:50.441000,415.2545623627609,96
2024-09-16 13:41:50.492000,415.2244307351868,95
2024-09-16 13:41:50.544000,415.2737041687465,11
2024-09-16 13:41:50.592000,415.2203426934025,1004
2024-09-16 13:41:50.701000,415.2562160304779,1003
2024-09-16 13:41:50.717000,415.25432131160704,1005
2024-09-16 13:41:50.720000,415.2000878033485,997
2024-09-16 13:41:50.832000,415.2148516097962,103
2024-09-16 13:41:50.896000,415.18290877496366,11
2024-09-16 13:41:50.902000,415.2255091444116,13
2024-09-16 13:41:50.913000,415.2118341102319,104
2024-09-16 13:41:50.924000,415.2120901722533,1003
2024-09-16 13:41:50.976000,415.1886324571575,13
2024-09-16 13:41:51.138000,415.27834912989175,15
2024-09-16 13:41:51.297000,415.21358373739633,13
2024-09-16 13:41:51.562000,415.2869525245703,5
2024-09-16 13:41:51.692000,415.2292390321237,996
2024-09-16 13:41:51.723000,415.209374161447,13
2024-09-16 13:41:51.724000,415.2241350107005,1003
2024-09-16 13:41:51.745000,415.2677387130708,999
2024-09-16 13:41:51.833000,415.2650684479973,98
2024-09-16 13:41:51.869000,415.2644406949905,5
2024-09-16 13:41:51.940000,415.265995943231,5
2024-09-16 13:41:51.947000,415.2299199521746,101
2024-09-16 13:41:52.094000,415.3503166703164,996
2024-09-16 13:41:52.102000,415.3447903835454,1002
2024-09-16 13:41:52.200000,415.3548946409284,105
2024-09-16 13:41:52.264000,415.3358106745683,9
2024-09-16 13:41:52.278000,415.32019361354713,99
2024-09-16 13:41:52.311000,415.3796343307289,98
2024-09-16 13:41:52.329000,415.31408478380746,15
2024-09-16 13:41:52.364000,415.3688253243451,98
2024-09-16 13:41:52.378000,415.3387210895705,102
2024-09-16 13:41:52.480000,415.3410064360433,1004
2024-09-16 13:41:52.536000,415.2489336815325,1002
2024-09-16 13:41:52.614000,415.2673431614355,13
2024-09-16 13:41:52.617000,415.2701583238551,1005
2024-09-16 13:41:52.700000,415.319769491085,15
2024-09-16 13:41:52.702000,415.3477602245862,999
2024-09-16 13:41:52.707000,415.3043825007816,7
2024-09-16 13:41:52.920000,415.3111491386,98
2024-09-16 13:41:52.921000,415.2453678848662,7
2024-09-16 13:41:52.947000,415.38207091837495,96
2024-09-16 13:41:52.980000,415.3335569429754,96
2024-09-16 13:41:52.994000,415.2901132135982,998
2024-09-16 13:41:53.141000,415.25842510661295,14
2024-09-16 13:41:53.171000,415.2820629497651,96
2024-09-16 13:41:53.186000,415.252766418846,102
2024-09-16 13:41:53.196000,415.2383369273445,100
2024-09-16 13:41:53.203000,415.2898549144045,1002
2024-09-16 13:41:53.239000,415.24739555030186,998
2024-09-16 13:41:53.262000,415.2495503997297,12
2024-09-16 13:41:53.272000,415.29980426674274,105
2024-09-16 13:41:53.298000,415.3113591321788,15
2024-09-16 13:41:53.309000,415.2736804431918,8
2024-09-16 13:41:53.458000,415.27900451249496,95
2024-09-16 13:41:53.474000,415.2331442827922,102
2024-09-16 13:41:53.503000,415.2294993720915,99
2024-09-16 13:41:53.529000,415.31035695453073,11
2024-09-16 13:41:53.536000,415.2405368739739,998
2024-09-16 13:41:53.547000,415.2449267533312,13
2024-09-16 13:41:53.548000,415.2436445519634,996
2024-09-16 13:41:53.549000,415.2574979370999,96
2024-09-16 13:41:53.598000,415.2528966798167,6
2024-09-16 13:41:53.610000,415.2460895407837,105
2024-09-16 13:41:53.767000,415.30621350035966,995
2024-09-16 13:41:53.805000,415.2930557301986,1005
2024-09-16 13:41:53.818000,415.32018233590657,999
2024-09-16 13:41:53.848000,415.2234139697592,102
2024-09-16 13:41:53.877000,415.26329629951965,6
2024-09-16 13:41:53.978000,415.27179801745353,103
2024-09-16 13:41:53.983000,415.29557780427183,9
2024-09-16 13:41:53.991000,415.2580895767174,8
2024-09-16 13:41:55.012000,415.2311160214268,95
2024-09-16 13:41:55.095000,415.236271502834,104
2024-09-16 13:41:55.264000,415.2328564636233,99
2024-09-16 13:41:55.298000,415.24444564636826,995
2024-09-16 13:41:55.445000,415.2359781477464,14
2024-09-16 13:41:55.467000,415.2436113035709,14
2024-09-16 13:41:55.536000,415.1939660399884,14
2024-09-16 13:41:55.581000,415.2360336764824,105
2024-09-16 13:41:55.598000,415.22163036214425,999
2024-09-16 13:41:55.713000,415.230701460001,100
2024-09-16 13:41:55.738000,415.22473531481074,95
2024-09-16 13:41:55.764000,415.2081009772568,97
2024-09-16 13:41:55.791000,415.1896618619133,6
2024-09-16 13:41:55.868000,415.24723936267947,997
2024-09-16 13:41:55.878000,415.1857951261643,1000
2024-09-16 13:41:56.001000,415.17067351852296,6
2024-09-16 13:41:56.062000,415.17695953004295,996
2024-09-16 13:41:56.085000,415.22959387184426,1005
2024-09-16 13:41:56.098000,415.13195588819593,996
2024-09-16 13:41:56.114000,415.2726547930358,996
2024-09-16 13:41:56.129000,415.1903594067292,7
2024-09-16 13:41:56.144000,415.28366347729866,104
2024-09-16 13:41:56.163000,415.28175328209227,10
2024-09-16 13:41:56.249000,415.1827857889957,1004
2024-09-16 13:41:56.251000,415.1657172432852,15
2024-09-16 13:41:56.277000,415.1566227006287,997
2024-09-16 13:41:56.324000,415.1966589133282,999
2024-09-16 13:41:56.344000,415.2768707077419,995
2024-09-16 13:41:56.345000,415.2452274280099,99
2024-09-16 13:41:56.396000,415.1533122874882,105
2024-09-16 13:41:56.450000,415.17242952032433,998
2024-09-16 13:41:56.476000,415.1479011067747,98
2024-09-16 13:41:56.485000,415.2056780977819,995
2024-09-16 13:41:56.555000,415.1758075821746,1001
2024-09-16 13:41:56.684000,415.1456786876476,1004
2024-09-16 13:41:56.715000,415.17411702747336,100
2024-09-16 13:41:56.767000,415.15469455043984,1002
2024-09-16 13:41:56.768000,415.2759838660687,997
2024-09-16 13:41:56.792000,415.2516857773047,96
2024-09-16 13:41:56.809000,415.1626846011247,1000
2024-09-16 13:41:56.883000,415.2825582920079,1004
2024-09-16 13:41:56.886000,415.1748586296952,102
2024-09-16 13:41:56.947000,415.14374214448713,101
2024-09-16 13:41:56.971000,415.2812888966697,5
2024-09-16 13:41:56.993000,415.2440703254815,98
2024-09-16 13:41:57.001000,415.1104425076273,1004
2024-09-16 13:41:57.140000,415.0983750308189,1002
2024-09-16 13:41:57.191000,415.1385909471412,9
2024-09-16 13:41:57.194000,415.1091325041224,5
2024-09-16 13:41:57.216000,415.1350460626683,9
2024-09-16 13:41:57.308000,415.0970383470478,97
2024-09-16 13:41:57.321000,415.1886912502738,15
2024-09-16 13:41:57.360000,415.116045432247,12
2024-09-16 13:41:57.388000,415.1627626645043,15
2024-09-16 13:41:57.421000,415.15867261140266,105
2024-09-16 13:41:57.436000,415.1375068165384,1001
2024-09-16 13:41:57.454000,415.1890957447159,11
2024-09-16 13:41:57.592000,415.1746204202554,96
2024-09-16 13:41:57.659000,415.13174530650366,1000
2024-09-16 13:41:57.668000,415.19582852394586,97
2024-09-16 13:41:57.683000,415.10418747025193,7
2024-09-16 13:41:57.714000,415.11805225869415,6
2024-09-16 13:41:57.716000,415.19687736460935,999
2024-09-16 13:41:57.792000,415.17879248334,999
2024-09-16 13:41:57.925000,415.1918603975294,98
2024-09-16 13:41:57.976000,415.1923583058585,102
2024-09-16 13:41:58.122000,415.0879735520009,1001
2024-09-16 13:41:58.193000,415.1190966782331,98
2024-09-16 13:41:58.281000,415.0615122512906,996
2024-09-16 13:41:58.986000,415.0727382679192,7
2024-09-16 13:41:59.023000,415.0488209386677,1001
2024-09-16 13:41:59.270000,415.0552065593747,1003
2024-09-16 13:41:59.334000,415.0630179139334,101
2024-09-16 13:41:59.390000,415.0547440566991,12
2024-09-16 13:41:59.620000,415.0773167868245,12
2024-09-16 13:41:59.684000,415.0724351641497,95
2024-09-16 13:41:59.866000,415.0552610594473,6
2024-09-16 13:41:59.889000,415.0665157199045,96
