Timestamp,Price,Size
2024-09-18 13:05:00.013000,414.9614257572591,995
2024-09-18 13:05:00.034000,414.9816573430672,97
2024-09-18 13:05:00.081000,414.9688014426637,95
2024-09-18 13:05:00.084000,415.0049034972395,9
2024-09-18 13:05:00.132000,414.9322979570613,105
2024-09-18 13:05:00.245000,414.9846698901696,8
2024-09-18 13:05:00.343000,414.953899550234,996
2024-09-18 13:05:00.433000,414.9377687098941,6
2024-09-18 13:05:00.484000,415.0001686956154,105
2024-09-18 13:05:00.484000,414.9913644256216,10
2024-09-18 13:05:00.529000,414.95618184220615,14
2024-09-18 13:05:00.678000,414.9637170603794,104
2024-09-18 13:05:00.772000,414.962465577116,101
2024-09-18 13:05:00.819000,414.95598549464745,100
2024-09-18 13:05:00.854000,414.9957132211797,5
2024-09-18 13:05:00.856000,414.9949705168679,96
2024-09-18 13:05:00.857000,414.9792903010352,995
2024-09-18 13:05:00.859000,414.9817280049786,995
2024-09-18 13:05:00.992000,414.9399115210279,9
2024-09-18 13:05:01.075000,414.9215517223905,1003
2024-09-18 13:05:01.089000,414.8727153984592,105
2024-09-18 13:05:01.151000,414.86241247860113,5
2024-09-18 13:05:01.170000,414.906771948191,9
2024-09-18 13:05:01.176000,414.9227235735209,7
2024-09-18 13:05:01.228000,414.92486055373126,99
2024-09-18 13:05:01.257000,414.94698122395374,95
2024-09-18 13:05:01.339000,414.9660506233927,9
2024-09-18 13:05:01.343000,414.9328058497395,9
2024-09-18 13:05:01.383000,414.898705567791,7
2024-09-18 13:05:01.431000,414.9192295407646,98
2024-09-18 13:05:01.470000,414.9491495030195,7
2024-09-18 13:05:01.491000,414.8828596307037,12
2024-09-18 13:05:01.505000,414.9192198037837,1002
2024-09-18 13:05:01.527000,414.95400533866587,97
2024-09-18 13:05:01.620000,414.9370039982695,13
2024-09-18 13:05:01.648000,414.94870832864,103
2024-09-18 13:05:01.739000,414.9598461743951,1004
2024-09-18 13:05:01.756000,414.92021801049566,999
2024-09-18 13:05:01.761000,414.8896820441115,997
2024-09-18 13:05:01.778000,414.9604571616588,1001
2024-09-18 13:05:01.787000,414.916127981125,101
2024-09-18 13:05:01.803000,414.94292406350473,98
2024-09-18 13:05:01.853000,414.8624199613325,104
2024-09-18 13:05:01.886000,414.9146747184974,14
2024-09-18 13:05:01.924000,414.89344743213945,7
2024-09-18 13:05:01.939000,414.91364740585743,102
2024-09-18 13:05:01.954000,414.9428096166778,1000
2024-09-18 13:05:01.991000,414.89365321801023,11
2024-09-18 13:05:02.004000,414.9764269795709,95
2024-09-18 13:05:02.147000,414.9814418675733,104
2024-09-18 13:05:02.231000,414.95534084509313,8
2024-09-18 13:05:02.234000,414.9643731402884,96
2024-09-18 13:05:02.250000,414.9684982124474,9
2024-09-18 13:05:02.464000,414.9574381101281,15
2024-09-18 13:05:02.536000,414.9505925960903,998
2024-09-18 13:05:02.545000,414.9886975095279,7
2024-09-18 13:05:02.607000,414.9508900970564,8
2024-09-18 13:05:02.707000,414.9643554274744,998
2024-09-18 13:05:02.724000,414.9386738391149,5
2024-09-18 13:05:02.740000,414.96455755823706,6
2024-09-18 13:05:02.749000,414.9778704268632,13
2024-09-18 13:05:02.839000,414.9494729744809,14
2024-09-18 13:05:02.862000,414.9558598208463,105
2024-09-18 13:05:02.970000,414.9377641259947,1002
2024-09-18 13:05:03.058000,414.9563603916292,96
2024-09-18 13:05:03.122000,414.927514816072,996
2024-09-18 13:05:03.229000,414.9346094704021,1001
2024-09-18 13:05:03.246000,414.94900978162536,98
2024-09-18 13:05:03.260000,414.9351535049416,1000
2024-09-18 13:05:03.300000,414.96547693911066,104
2024-09-18 13:05:03.332000,414.93478144765487,1004
2024-09-18 13:05:03.365000,414.938136729212,96
2024-09-18 13:05:03.391000,414.94941131390783,1004
2024-09-18 13:05:03.453000,414.9374510590428,997
2024-09-18 13:05:03.462000,414.9268224415912,100
2024-09-18 13:05:03.502000,414.9297834156061,12
2024-09-18 13:05:03.595000,414.9370552964112,13
2024-09-18 13:05:03.676000,414.9492457437555,14
2024-09-18 13:05:03.699000,414.9334533747437,5
2024-09-18 13:05:03.709000,414.94763160069294,99
2024-09-18 13:05:03.711000,414.9574636523133,14
2024-09-18 13:05:04.350000,414.9994813917912,997
2024-09-18 13:05:04.402000,414.9877568087065,100
2024-09-18 13:05:04.411000,414.9950346274878,1002
2024-09-18 13:05:04.449000,414.9761918837028,95
2024-09-18 13:05:04.503000,414.945431792424,1000
2024-09-18 13:05:04.813000,414.9818850772903,7
2024-09-18 13:05:04.893000,415.0018364435994,12
2024-09-18 13:05:04.912000,414.98756591392186,1002
2024-09-18 13:05:04.950000,414.9657644271508,101
2024-09-18 13:05:04.983000,414.95258064511785,1003
2024-09-18 13:05:05.134000,415.0077838000305,8
2024-09-18 13:05:05.216000,415.018705527832,6
2024-09-18 13:05:05.331000,415.0153727505892,998
2024-09-18 13:05:05.447000,415.007348843072,13
2024-09-18 13:05:05.542000,415.011198497569,1000
2024-09-18 13:05:05.631000,415.016609710604,9
2024-09-18 13:05:05.638000,415.0167425559488,8
2024-09-18 13:05:05.856000,415.0215361001432,104
2024-09-18 13:05:05.870000,415.0094111292125,104
2024-09-18 13:05:06.022000,415.0119992339149,997
2024-09-18 13:05:06.052000,415.03907891156825,6
2024-09-18 13:05:06.142000,415.03403704415183,102
2024-09-18 13:05:06.191000,415.07201067652807,1005
2024-09-18 13:05:06.192000,414.99954589004,1002
2024-09-18 13:05:06.207000,415.0531116952462,997
2024-09-18 13:05:06.350000,415.0330947429528,14
2024-09-18 13:05:06.448000,415.0048228720058,103
2024-09-18 13:05:06.547000,415.0539550781831,9
2024-09-18 13:05:06.649000,415.06758143589497,105
2024-09-18 13:05:06.665000,415.0156852811509,97
2024-09-18 13:05:06.705000,415.0300956175076,999
2024-09-18 13:05:06.727000,415.0408183973363,9
2024-09-18 13:05:06.764000,415.026021339063,1002
2024-09-18 13:05:06.869000,415.0335191768869,104
2024-09-18 13:05:06.872000,415.0175752781071,5
2024-09-18 13:05:06.886000,415.0083946923973,996
2024-09-18 13:05:06.929000,414.9961930747696,999
2024-09-18 13:05:07.031000,414.9660151719132,102
2024-09-18 13:05:07.039000,414.9686104631461,999
2024-09-18 13:05:07.101000,414.94449139936745,5
2024-09-18 13:05:07.161000,414.9915343327654,105
2024-09-18 13:05:07.321000,414.9582895401689,13
2024-09-18 13:05:07.333000,414.9841736286855,12
2024-09-18 13:05:07.377000,414.95622555865975,99
2024-09-18 13:05:07.449000,415.0035731452336,105
2024-09-18 13:05:07.479000,414.9819030896844,104
2024-09-18 13:05:07.538000,415.0049427993073,995
2024-09-18 13:05:07.656000,414.9903558323504,101
2024-09-18 13:05:07.704000,414.9887560776247,1002
2024-09-18 13:05:07.835000,414.9762007193266,98
2024-09-18 13:05:07.886000,414.9852824543068,1003
2024-09-18 13:05:07.901000,414.96569000010936,101
2024-09-18 13:05:07.976000,414.9753067646535,104
2024-09-18 13:05:07.990000,414.9786509718242,995
2024-09-18 13:05:08.057000,414.9971920229996,97
2024-09-18 13:05:08.087000,415.0510537846129,11
2024-09-18 13:05:08.241000,415.0430385637062,100
2024-09-18 13:05:08.335000,415.03390635985687,997
2024-09-18 13:05:08.387000,415.0004542692912,1001
2024-09-18 13:05:08.413000,414.9923864956264,105
2024-09-18 13:05:08.424000,415.0088795562506,105
2024-09-18 13:05:08.496000,415.0003173260896,96
2024-09-18 13:05:08.517000,415.02934355728615,8
2024-09-18 13:05:08.552000,414.9962087553182,7
2024-09-18 13:05:08.566000,415.0015181521187,95
2024-09-18 13:05:08.586000,415.04910694172105,995
2024-09-18 13:05:08.648000,415.0461908937554,6
2024-09-18 13:05:08.719000,414.9876056330314,97
2024-09-18 13:05:08.772000,415.00619249978297,95
2024-09-18 13:05:08.848000,414.9927732978251,105
2024-09-18 13:05:08.860000,415.0453554569608,98
2024-09-18 13:05:09.355000,415.0902596237095,12
2024-09-18 13:05:09.372000,415.11841430689327,10
2024-09-18 13:05:09.399000,415.0851739181098,103
2024-09-18 13:05:09.691000,415.1223991679271,1003
2024-09-18 13:05:09.796000,415.10417609526576,1001
2024-09-18 13:05:09.834000,415.1166793337287,1004
2024-09-18 13:05:09.904000,415.0847973261466,5
2024-09-18 13:05:09.921000,415.09190842078056,1004
2024-09-18 13:05:10.266000,415.1253659969718,9
2024-09-18 13:05:10.433000,415.1323289960311,101
2024-09-18 13:05:10.610000,415.1374253499198,105
2024-09-18 13:05:10.735000,415.122999479036,15
2024-09-18 13:05:12.334000,415.1254425077853,996
2024-09-18 13:05:12.450000,415.1083252690884,104
2024-09-18 13:05:12.844000,415.0964673825422,15
2024-09-18 13:05:12.943000,415.0807748195604,101
2024-09-18 13:05:13.132000,415.129838011343,1001
2024-09-18 13:05:13.415000,415.1171731533198,1001
2024-09-18 13:05:15.007000,415.1000323519042,105
2024-09-18 13:05:15.044000,415.0322897457232,998
2024-09-18 13:05:15.048000,415.0484036329358,15
2024-09-18 13:05:15.079000,415.0377501981088,8
2024-09-18 13:05:15.163000,415.00048860386096,998
2024-09-18 13:05:15.183000,415.0948842349189,100
2024-09-18 13:05:15.355000,415.0049041129173,105
2024-09-18 13:05:15.400000,415.0866753455009,999
2024-09-18 13:05:15.420000,415.0615953432441,95
2024-09-18 13:05:15.628000,415.07440986086254,1005
2024-09-18 13:05:15.727000,415.0202831371768,97
2024-09-18 13:05:15.737000,415.0509393699714,15
2024-09-18 13:05:15.785000,415.01108541553566,11
2024-09-18 13:05:15.884000,415.0025896643755,102
2024-09-18 13:05:15.907000,415.0410691912179,105
2024-09-18 13:05:15.923000,415.0510528985853,103
2024-09-18 13:05:15.944000,415.03626567110575,1000
2024-09-18 13:05:16.109000,415.0259400706023,98
2024-09-18 13:05:16.214000,415.0814328106049,1001
2024-09-18 13:05:16.227000,415.0695443028535,5
2024-09-18 13:05:16.244000,415.1030086830974,8
2024-09-18 13:05:16.250000,415.0254244441885,1005
2024-09-18 13:05:16.268000,415.0939308964115,98
2024-09-18 13:05:16.291000,415.07134702827074,95
2024-09-18 13:05:16.291000,415.0392936198873,15
2024-09-18 13:05:16.340000,415.0416942046396,1003
2024-09-18 13:05:16.396000,415.0580299516745,995
2024-09-18 13:05:16.401000,415.0800352047301,1001
2024-09-18 13:05:16.486000,415.0221318225712,104
2024-09-18 13:05:16.528000,415.0961708466344,102
2024-09-18 13:05:16.533000,415.0140094159453,103
2024-09-18 13:05:16.652000,415.08452933906887,999
2024-09-18 13:05:16.661000,415.0238939123583,5
2024-09-18 13:05:16.702000,415.05304033443787,95
2024-09-18 13:05:16.725000,415.0673295191494,100
2024-09-18 13:05:16.737000,415.0614325173042,1004
2024-09-18 13:05:16.794000,415.0237175892659,14
2024-09-18 13:05:16.840000,415.0385889232514,13
2024-09-18 13:05:16.843000,415.083946186554,15
2024-09-18 13:05:16.902000,415.035309855037,13
2024-09-18 13:05:16.921000,415.0800887847829,95
2024-09-18 13:05:16.986000,415.07133212166696,1002
2024-09-18 13:05:16.990000,415.0698389210127,101
2024-09-18 13:05:17.677000,415.1268677830248,997
2024-09-18 13:05:17.681000,415.1250483006359,102
2024-09-18 13:05:17.707000,415.1175338092099,1001
2024-09-18 13:05:17.995000,415.1123657856832,5
2024-09-18 13:05:18.013000,415.09054341128416,98
2024-09-18 13:05:18.089000,415.1053103837338,999
2024-09-18 13:05:18.169000,415.1107244089899,97
2024-09-18 13:05:18.492000,415.0834799622296,1002
2024-09-18 13:05:18.648000,415.1174780591088,5
2024-09-18 13:05:18.760000,415.1081364783049,98
2024-09-18 13:05:18.805000,415.0953214050141,12
2024-09-18 13:05:18.841000,415.09709870243023,14
2024-09-18 13:05:18.998000,415.089228968057,101
2024-09-18 13:05:19.015000,415.0643400696937,1003
2024-09-18 13:05:19.654000,415.0624709141571,1004
2024-09-18 13:05:19.703000,415.08074172025897,997
2024-09-18 13:05:19.735000,415.07065167480334,100
2024-09-18 13:05:20.135000,415.0722599968827,10
2024-09-18 13:05:20.148000,415.0944026024554,998
2024-09-18 13:05:20.287000,415.08269719461833,10
2024-09-18 13:05:20.336000,415.0920221266057,95
2024-09-18 13:05:20.350000,415.0911820375642,6
2024-09-18 13:05:20.546000,415.0800164868128,99
2024-09-18 13:05:20.721000,415.0875636948815,997
2024-09-18 13:05:20.794000,415.0878688141024,102
2024-09-18 13:05:20.848000,415.0904198641033,13
2024-09-18 13:05:20.907000,415.0759884156672,11
2024-09-18 13:05:20.948000,415.10612790583696,96
2024-09-18 13:05:21.008000,415.168640818002,101
2024-09-18 13:05:21.128000,415.1468981134105,13
2024-09-18 13:05:21.199000,415.1258293804876,997
2024-09-18 13:05:21.271000,415.1296323284337,105
2024-09-18 13:05:21.331000,415.0941105346105,1004
2024-09-18 13:05:21.487000,415.1313522707851,998
2024-09-18 13:05:21.505000,415.14014313207554,1005
2024-09-18 13:05:21.655000,415.1631727696517,5
2024-09-18 13:05:21.710000,415.16265196152654,6
2024-09-18 13:05:21.803000,415.1609766671337,1004
2024-09-18 13:05:21.828000,415.1516651775048,99
2024-09-18 13:05:22.012000,415.1947724395151,97
2024-09-18 13:05:22.022000,415.1945546715285,15
2024-09-18 13:05:22.027000,415.184666630116,995
2024-09-18 13:05:22.050000,415.1928933842861,95
2024-09-18 13:05:22.093000,415.196810411313,5
2024-09-18 13:05:22.104000,415.20070162359553,1002
2024-09-18 13:05:22.186000,415.20147176850674,14
2024-09-18 13:05:22.214000,415.157059883102,1001
2024-09-18 13:05:22.216000,415.1984113594237,5
2024-09-18 13:05:22.222000,415.1598170722455,1001
2024-09-18 13:05:22.334000,415.17813448592415,99
2024-09-18 13:05:22.359000,415.1663519043042,101
2024-09-18 13:05:22.385000,415.190516875552,11
2024-09-18 13:05:22.560000,415.1896506929285,1001
2024-09-18 13:05:22.576000,415.1739853579281,1001
2024-09-18 13:05:22.680000,415.190190230342,12
2024-09-18 13:05:23.002000,415.1526434399405,1002
2024-09-18 13:05:23.073000,415.1278344720244,7
2024-09-18 13:05:23.208000,415.12749061799815,13
2024-09-18 13:05:23.224000,415.1552362512001,1002
2024-09-18 13:05:23.307000,415.1339354146177,10
2024-09-18 13:05:23.331000,415.1732594196297,996
2024-09-18 13:05:23.357000,415.1656016840768,99
2024-09-18 13:05:23.423000,415.143313018881,1001
2024-09-18 13:05:23.428000,415.1381235138143,12
2024-09-18 13:05:23.428000,415.1675825692076,103
2024-09-18 13:05:23.451000,415.1351892846519,999
2024-09-18 13:05:23.514000,415.1323762472604,998
2024-09-18 13:05:23.525000,415.14192694826215,999
2024-09-18 13:05:23.526000,415.1678435949757,15
2024-09-18 13:05:23.528000,415.1390317671418,9
2024-09-18 13:05:23.595000,415.1621625763765,11
2024-09-18 13:05:23.641000,415.1381295861359,1002
2024-09-18 13:05:23.652000,415.1462611091607,1000
2024-09-18 13:05:23.665000,415.1586149101369,7
2024-09-18 13:05:23.681000,415.1315303944825,13
2024-09-18 13:05:23.743000,415.1320849341796,1003
2024-09-18 13:05:23.756000,415.1447675922684,105
2024-09-18 13:05:23.771000,415.1202955809787,5
2024-09-18 13:05:23.876000,415.1408304978125,997
2024-09-18 13:05:23.913000,415.1288077715617,97
2024-09-18 13:05:23.942000,415.16143527904575,95
2024-09-18 13:05:24.988000,415.15348191256,97
2024-09-18 13:05:25.060000,415.1722423621247,1000
2024-09-18 13:05:25.104000,415.14544124664417,100
2024-09-18 13:05:25.126000,415.16398071112974,10
2024-09-18 13:05:25.163000,415.18245050420495,995
2024-09-18 13:05:25.165000,415.129295650221,1001
2024-09-18 13:05:25.259000,415.1633347555197,999
2024-09-18 13:05:25.304000,415.1683373607586,12
2024-09-18 13:05:25.311000,415.1231188557114,14
2024-09-18 13:05:25.349000,415.1598100671936,105
2024-09-18 13:05:25.350000,415.1706604085739,99
2024-09-18 13:05:25.407000,415.1536989680323,7
2024-09-18 13:05:25.532000,415.1647529874725,997
2024-09-18 13:05:25.576000,415.15001511678753,14
2024-09-18 13:05:25.580000,415.1244102239288,998
2024-09-18 13:05:25.595000,415.1618197129841,100
2024-09-18 13:05:25.674000,415.1657167565887,997
2024-09-18 13:05:25.805000,415.1481825186061,10
2024-09-18 13:05:25.849000,415.13822673953206,102
2024-09-18 13:05:25.909000,415.1565287901389,5
2024-09-18 13:05:25.967000,415.17100952206505,1004
2024-09-18 13:05:26.070000,415.1535186225314,997
2024-09-18 13:05:26.098000,415.18634516422367,12
2024-09-18 13:05:26.114000,415.1721721671212,104
2024-09-18 13:05:26.119000,415.1958196021232,99
2024-09-18 13:05:26.172000,415.1844708938938,998
2024-09-18 13:05:26.221000,415.1965132609826,998
2024-09-18 13:05:26.296000,415.18734351044446,103
2024-09-18 13:05:26.301000,415.1873240997468,100
2024-09-18 13:05:26.392000,415.191016849471,1000
2024-09-18 13:05:26.448000,415.1612005246359,102
2024-09-18 13:05:26.489000,415.1910929290142,14
2024-09-18 13:05:26.559000,415.18520308643207,5
2024-09-18 13:05:26.579000,415.1719669237855,1002
2024-09-18 13:05:26.590000,415.1932856759661,1003
2024-09-18 13:05:26.595000,415.18646226871095,96
2024-09-18 13:05:26.670000,415.1918590566327,104
2024-09-18 13:05:26.710000,415.17742039069856,97
2024-09-18 13:05:26.755000,415.2060351979171,105
2024-09-18 13:05:26.763000,415.1826720638896,11
2024-09-18 13:05:26.855000,415.18390743450647,103
2024-09-18 13:05:26.858000,415.1898492337186,1004
2024-09-18 13:05:26.866000,415.1710733752319,1002
2024-09-18 13:05:26.895000,415.1925784344551,8
2024-09-18 13:05:26.999000,415.1730123434888,14
2024-09-18 13:05:27.055000,415.1305113093216,5
2024-09-18 13:05:27.068000,415.1279339433464,998
2024-09-18 13:05:27.273000,415.1380768404902,13
2024-09-18 13:05:27.275000,415.2271043282548,1004
2024-09-18 13:05:27.310000,415.1941726884153,1003
2024-09-18 13:05:27.349000,415.1180070645777,995
2024-09-18 13:05:27.383000,415.1379795454378,7
2024-09-18 13:05:27.420000,415.2468421551639,102
2024-09-18 13:05:27.437000,415.1240418287916,1003
2024-09-18 13:05:27.546000,415.1393790410688,9
2024-09-18 13:05:27.547000,415.1479444360659,101
2024-09-18 13:05:27.559000,415.1308012684386,995
2024-09-18 13:05:27.613000,415.1748098377983,13
2024-09-18 13:05:27.616000,415.2134802402754,15
2024-09-18 13:05:27.630000,415.148578064165,1001
2024-09-18 13:05:27.678000,415.2352370077604,9
2024-09-18 13:05:27.743000,415.1625323238607,8
2024-09-18 13:05:27.755000,415.2414134253741,10
2024-09-18 13:05:27.771000,415.1570074913747,6
2024-09-18 13:05:27.776000,415.15630394550783,97
2024-09-18 13:05:27.812000,415.2355297159468,1003
2024-09-18 13:05:27.835000,415.2490100856273,105
2024-09-18 13:05:27.849000,415.1305216257367,14
2024-09-18 13:05:27.886000,415.1498759397262,103
2024-09-18 13:05:27.906000,415.20455722676667,9
2024-09-18 13:05:28.254000,415.1740930669886,14
2024-09-18 13:05:28.333000,415.2320504008572,100
2024-09-18 13:05:28.408000,415.1777848257085,1002
2024-09-18 13:05:28.439000,415.1919109801421,98
2024-09-18 13:05:28.552000,415.187278167558,9
2024-09-18 13:05:28.586000,415.233911718559,101
2024-09-18 13:05:28.637000,415.2454571841234,105
2024-09-18 13:05:28.715000,415.2081564982138,13
2024-09-18 13:05:28.724000,415.20577744500855,95
2024-09-18 13:05:28.896000,415.24690327472206,14
2024-09-18 13:05:28.920000,415.1754502544356,995
2024-09-18 13:05:28.945000,415.2379551670069,12
2024-09-18 13:05:29.042000,415.2496920159191,10
2024-09-18 13:05:29.046000,415.26157556106494,10
2024-09-18 13:05:29.250000,415.21275459466176,11
2024-09-18 13:05:29.260000,415.2513341564328,9
2024-09-18 13:05:29.434000,415.25638849348326,9
2024-09-18 13:05:29.618000,415.21729319939936,997
2024-09-18 13:05:29.727000,415.23786173395257,12
2024-09-18 13:05:29.787000,415.2462063453068,1001
2024-09-18 13:05:29.831000,415.2062257067597,14
2024-09-18 13:05:29.835000,415.2205515726925,99
2024-09-18 13:05:30.006000,415.211543586584,14
2024-09-18 13:05:30.065000,415.289177088943,100
2024-09-18 13:05:30.092000,415.2534262907008,11
2024-09-18 13:05:30.169000,415.2476724938812,103
2024-09-18 13:05:30.213000,415.2817293096512,103
2024-09-18 13:05:30.274000,415.30586636409294,1003
2024-09-18 13:05:30.370000,415.2220437067232,13
2024-09-18 13:05:30.381000,415.251277766138,98
2024-09-18 13:05:30.408000,415.2395017988107,6
2024-09-18 13:05:30.418000,415.2137156666758,12
2024-09-18 13:05:30.446000,415.2027256854053,105
2024-09-18 13:05:30.447000,415.3132520994307,5
2024-09-18 13:05:30.493000,415.28063179559575,5
2024-09-18 13:05:30.494000,415.3220182101836,6
2024-09-18 13:05:30.541000,415.2133876680286,9
2024-09-18 13:05:30.550000,415.24058913452353,999
2024-09-18 13:05:30.588000,415.2622453774733,14
2024-09-18 13:05:30.620000,415.26860536838507,995
2024-09-18 13:05:30.657000,415.2108713134933,998
2024-09-18 13:05:30.664000,415.209378609672,1001
2024-09-18 13:05:30.755000,415.2350037239784,104
2024-09-18 13:05:30.787000,415.2155287394779,999
2024-09-18 13:05:30.868000,415.25784303946574,1005
2024-09-18 13:05:30.873000,415.221829412493,1004
2024-09-18 13:05:30.953000,415.28508438846353,1004
2024-09-18 13:05:30.964000,415.21345811970326,101
2024-09-18 13:05:31.147000,415.2812107951367,1000
2024-09-18 13:05:31.257000,415.2714617367492,1000
2024-09-18 13:05:31.277000,415.269734581214,97
2024-09-18 13:05:31.316000,415.30887457955583,1002
2024-09-18 13:05:31.321000,415.2714089334583,100
2024-09-18 13:05:31.602000,415.296331325572,97
2024-09-18 13:05:31.641000,415.3007125148543,1003
2024-09-18 13:05:31.679000,415.298719546625,997
2024-09-18 13:05:31.680000,415.28187183343664,7
2024-09-18 13:05:31.794000,415.29782029764,997
2024-09-18 13:05:32.041000,415.2838961107286,1001
2024-09-18 13:05:32.850000,415.2791565643337,105
2024-09-18 13:05:32.926000,415.2754751951971,1000
2024-09-18 13:05:32.995000,415.2534283818226,104
2024-09-18 13:05:33.115000,415.2676643717673,95
2024-09-18 13:05:33.243000,415.2714545177258,1005
2024-09-18 13:05:33.249000,415.268017828096,998
2024-09-18 13:05:33.298000,415.283708715718,997
2024-09-18 13:05:34.040000,415.2775948977774,102
2024-09-18 13:05:34.116000,415.2697535720405,1000
2024-09-18 13:05:34.223000,415.2808712864169,1001
2024-09-18 13:05:34.300000,415.2689468370208,12
2024-09-18 13:05:34.302000,415.2977359022932,8
2024-09-18 13:05:34.310000,415.2951726080104,1000
2024-09-18 13:05:34.401000,415.2675514614576,1002
2024-09-18 13:05:34.462000,415.2779868707404,7
2024-09-18 13:05:34.507000,415.2668342397396,999
2024-09-18 13:05:34.552000,415.2634827666581,99
2024-09-18 13:05:34.553000,415.2801073779861,1005
2024-09-18 13:05:34.674000,415.2851660306257,104
2024-09-18 13:05:34.755000,415.2946648652093,997
2024-09-18 13:05:34.803000,415.2801996191318,98
2024-09-18 13:05:34.842000,415.2969310925218,1000
2024-09-18 13:05:34.854000,415.275388846016,12
2024-09-18 13:05:35.235000,415.30720445231697,99
2024-09-18 13:05:35.294000,415.2930947724618,6
2024-09-18 13:05:35.711000,415.3173689177992,998
2024-09-18 13:05:35.732000,415.30523989058406,101
2024-09-18 13:05:36.114000,415.3204128066437,5
2024-09-18 13:05:36.161000,415.3230390539522,8
2024-09-18 13:05:36.167000,415.2794288528292,1004
2024-09-18 13:05:36.203000,415.3136497798767,6
2024-09-18 13:05:36.217000,415.3060693818511,101
2024-09-18 13:05:36.260000,415.27683464881096,7
2024-09-18 13:05:36.306000,415.32728243577975,100
2024-09-18 13:05:36.310000,415.3132309416048,11
2024-09-18 13:05:36.363000,415.3097501747825,15
2024-09-18 13:05:36.387000,415.3158041751796,98
2024-09-18 13:05:36.434000,415.3122065549258,1004
2024-09-18 13:05:36.439000,415.3091328979806,98
2024-09-18 13:05:36.484000,415.3132023869203,99
2024-09-18 13:05:36.581000,415.318161587714,104
2024-09-18 13:05:36.582000,415.3127198615615,13
2024-09-18 13:05:36.590000,415.2769265355246,1005
2024-09-18 13:05:36.624000,415.2883254368858,104
2024-09-18 13:05:36.737000,415.3055846107972,7
2024-09-18 13:05:36.828000,415.2835425223855,1004
2024-09-18 13:05:36.924000,415.3168419185392,14
2024-09-18 13:05:36.938000,415.32690881534455,5
2024-09-18 13:05:36.956000,415.2819274415283,995
2024-09-18 13:05:36.993000,415.3076601362386,15
2024-09-18 13:05:37.020000,415.2985771737565,1003
2024-09-18 13:05:37.035000,415.2894236535938,8
2024-09-18 13:05:37.182000,415.3293536924561,15
2024-09-18 13:05:37.195000,415.3090892077911,1004
2024-09-18 13:05:37.208000,415.2711824485574,5
2024-09-18 13:05:37.217000,415.3012157585389,13
2024-09-18 13:05:37.246000,415.3473853117091,1004
2024-09-18 13:05:37.259000,415.3364656376725,100
2024-09-18 13:05:37.341000,415.3057959335792,13
2024-09-18 13:05:37.362000,415.2999539123208,1002
2024-09-18 13:05:37.369000,415.27669361831937,999
2024-09-18 13:05:37.371000,415.2964863374464,1004
2024-09-18 13:05:37.449000,415.3337061322985,11
2024-09-18 13:05:37.483000,415.3247256043461,15
2024-09-18 13:05:37.560000,415.3183218272199,996
2024-09-18 13:05:37.571000,415.2897853688411,1005
2024-09-18 13:05:37.622000,415.32484906195697,99
2024-09-18 13:05:37.639000,415.2538542569311,1000
2024-09-18 13:05:37.705000,415.2856656783585,98
2024-09-18 13:05:37.748000,415.2556822628082,97
2024-09-18 13:05:37.794000,415.25802991983824,105
2024-09-18 13:05:37.956000,415.2894636679323,11
2024-09-18 13:05:38.076000,415.3184804868102,997
2024-09-18 13:05:38.139000,415.3080047159752,1005
2024-09-18 13:05:38.184000,415.31456448924826,105
2024-09-18 13:05:38.254000,415.3027584267873,1000
2024-09-18 13:05:38.303000,415.3193179515306,1002
2024-09-18 13:05:38.310000,415.3650381794217,1001
2024-09-18 13:05:38.366000,415.35359815430377,1003
2024-09-18 13:05:38.428000,415.327529281704,96
2024-09-18 13:05:38.464000,415.3284646491669,99
2024-09-18 13:05:38.524000,415.3206121712073,98
2024-09-18 13:05:38.596000,415.3300695448008,102
2024-09-18 13:05:38.640000,415.3117316407637,998
2024-09-18 13:05:38.684000,415.3249132850994,15
2024-09-18 13:05:38.704000,415.3027305556326,7
2024-09-18 13:05:38.733000,415.3277976880576,101
2024-09-18 13:05:38.740000,415.3434388434249,96
2024-09-18 13:05:38.750000,415.34858041069737,101
2024-09-18 13:05:38.758000,415.3149476670197,1000
2024-09-18 13:05:38.768000,415.3442864499997,96
2024-09-18 13:05:38.801000,415.3253772207274,14
2024-09-18 13:05:38.816000,415.3403246085516,996
2024-09-18 13:05:38.898000,415.3269542216456,95
2024-09-18 13:05:38.900000,415.35981081509567,999
2024-09-18 13:05:38.924000,415.3408404569108,98
2024-09-18 13:05:38.999000,415.2902519062912,102
2024-09-18 13:05:39,415.3098788904257,8
2024-09-18 13:05:39.122000,415.2537097918729,12
2024-09-18 13:05:39.123000,415.2690084155342,1004
2024-09-18 13:05:39.284000,415.2615980173453,1003
2024-09-18 13:05:39.326000,415.2905842915193,6
2024-09-18 13:05:39.437000,415.259956846011,13
2024-09-18 13:05:39.462000,415.2540429677707,15
2024-09-18 13:05:39.520000,415.28706108776805,1000
2024-09-18 13:05:39.552000,415.30978871670527,995
2024-09-18 13:05:39.603000,415.28163938226,1005
2024-09-18 13:05:39.656000,415.276444722724,998
2024-09-18 13:05:39.711000,415.2769601755329,104
2024-09-18 13:05:39.801000,415.3003150718839,997
2024-09-18 13:05:39.879000,415.3103532394054,10
2024-09-18 13:05:39.906000,415.3251328855252,997
2024-09-18 13:05:39.998000,415.2804979285361,1002
2024-09-18 13:05:40.836000,415.29791369570137,1005
2024-09-18 13:05:40.906000,415.2984691815305,1002
2024-09-18 13:05:40.996000,415.2914998730664,9
2024-09-18 13:05:41.246000,415.3207901177549,11
2024-09-18 13:05:41.269000,415.3352754955619,104
2024-09-18 13:05:41.604000,415.3153523500944,98
2024-09-18 13:05:41.798000,415.3222763017439,98
2024-09-18 13:05:41.814000,415.3224819775194,9
2024-09-18 13:05:41.838000,415.3062425265582,1000
2024-09-18 13:05:42.021000,415.37938984322034,998
2024-09-18 13:05:42.025000,415.3845293000774,13
2024-09-18 13:05:42.181000,415.3431809336024,103
2024-09-18 13:05:42.194000,415.3378339354404,995
2024-09-18 13:05:42.252000,415.3892809831473,7
2024-09-18 13:05:42.302000,415.3926498411655,98
2024-09-18 13:05:42.374000,415.3295864695471,997
2024-09-18 13:05:42.480000,415.3752440279608,1000
2024-09-18 13:05:42.483000,415.3420478010584,8
2024-09-18 13:05:42.488000,415.3561946839734,998
2024-09-18 13:05:42.602000,415.37448545030753,101
2024-09-18 13:05:42.632000,415.3434712634716,11
2024-09-18 13:05:42.633000,415.3426807740959,13
2024-09-18 13:05:42.643000,415.3715641062198,996
2024-09-18 13:05:42.658000,415.38147797582656,105
2024-09-18 13:05:42.662000,415.3661792624098,95
2024-09-18 13:05:42.667000,415.3422930021842,995
2024-09-18 13:05:42.757000,415.3411461239963,6
2024-09-18 13:05:42.932000,415.3243171198349,101
2024-09-18 13:05:42.959000,415.38339073257725,5
2024-09-18 13:05:42.974000,415.3174578126146,1002
2024-09-18 13:05:43.029000,415.3298370952147,997
2024-09-18 13:05:43.037000,415.33476528330925,97
2024-09-18 13:05:43.137000,415.3198292682387,105
2024-09-18 13:05:43.154000,415.3278602776297,98
2024-09-18 13:05:43.201000,415.3051074540778,99
2024-09-18 13:05:43.215000,415.3110717212459,99
2024-09-18 13:05:43.453000,415.31799734715867,1005
2024-09-18 13:05:43.485000,415.3131371730832,1004
2024-09-18 13:05:43.540000,415.33196637383503,1001
2024-09-18 13:05:43.752000,415.3281309522128,1004
2024-09-18 13:05:43.779000,415.314780453926,98
2024-09-18 13:05:43.829000,415.3358779181652,7
2024-09-18 13:05:43.835000,415.32524262970526,12
2024-09-18 13:05:43.926000,415.3335060493106,104
2024-09-18 13:05:44.094000,415.33593692146303,1005
2024-09-18 13:05:44.153000,415.3259703658762,15
2024-09-18 13:05:44.354000,415.3414927021323,998
2024-09-18 13:05:44.385000,415.35283009566393,104
2024-09-18 13:05:44.462000,415.3349265805216,13
2024-09-18 13:05:44.535000,415.3231312527228,996
2024-09-18 13:05:44.643000,415.3578855632558,1003
2024-09-18 13:05:44.682000,415.369687976977,1004
2024-09-18 13:05:44.740000,415.3405409166087,13
2024-09-18 13:05:44.792000,415.33091753682737,998
2024-09-18 13:05:45.335000,415.3634398185664,11
2024-09-18 13:05:45.357000,415.3698354414649,9
2024-09-18 13:05:45.360000,415.389165515424,9
2024-09-18 13:05:45.410000,415.3498065823864,1001
2024-09-18 13:05:45.684000,415.3570882630713,7
2024-09-18 13:05:46.054000,415.4614851151081,102
2024-09-18 13:05:46.241000,415.4059787530092,1003
2024-09-18 13:05:46.332000,415.4385045169229,103
2024-09-18 13:05:46.454000,415.48285609469167,97
2024-09-18 13:05:46.519000,415.3975555637215,103
2024-09-18 13:05:46.553000,415.5146634728413,6
2024-09-18 13:05:46.578000,415.4921049088569,7
2024-09-18 13:05:46.690000,415.50393304898927,1003
2024-09-18 13:05:46.824000,415.4403826483351,5
2024-09-18 13:05:46.831000,415.39843634347886,1001
2024-09-18 13:05:46.883000,415.5039499904784,9
2024-09-18 13:05:46.953000,415.5167859693941,9
2024-09-18 13:05:47.116000,415.490418225597,999
2024-09-18 13:05:47.321000,415.5332373827508,1000
2024-09-18 13:05:47.325000,415.495816566893,1004
2024-09-18 13:05:47.444000,415.5350085286755,99
2024-09-18 13:05:47.630000,415.5314051339852,97
2024-09-18 13:05:47.686000,415.54803860938273,15
2024-09-18 13:05:47.701000,415.4945305815205,103
2024-09-18 13:05:47.772000,415.5114716192568,1005
2024-09-18 13:05:47.915000,415.5273144470868,103
2024-09-18 13:05:47.950000,415.50508316559177,1002
2024-09-18 13:05:47.995000,415.5041584120513,95
2024-09-18 13:05:48.010000,415.54624760793183,997
2024-09-18 13:05:48.019000,415.5252396589177,15
2024-09-18 13:05:48.102000,415.55144733203537,996
2024-09-18 13:05:48.149000,415.5382310550039,9
2024-09-18 13:05:48.234000,415.514529623198,98
2024-09-18 13:05:48.241000,415.53917155646496,96
2024-09-18 13:05:48.272000,415.5486633501763,98
2024-09-18 13:05:48.367000,415.5415398825122,996
2024-09-18 13:05:48.407000,415.5424199337926,8
2024-09-18 13:05:48.408000,415.5189802095139,999
2024-09-18 13:05:48.441000,415.52369629860993,11
2024-09-18 13:05:48.444000,415.5432910694403,999
2024-09-18 13:05:48.490000,415.53823497862174,1005
2024-09-18 13:05:48.490000,415.5421460070225,14
2024-09-18 13:05:48.511000,415.5576841124416,13
2024-09-18 13:05:48.535000,415.4856350375268,100
2024-09-18 13:05:48.552000,415.5323146012312,995
2024-09-18 13:05:48.567000,415.5553578204593,1004
2024-09-18 13:05:48.608000,415.52602540654334,995
2024-09-18 13:05:48.680000,415.5356182930831,1000
2024-09-18 13:05:48.686000,415.524465585165,9
2024-09-18 13:05:48.702000,415.5218844129468,102
2024-09-18 13:05:48.709000,415.5353246510451,101
2024-09-18 13:05:48.740000,415.5392172721896,96
2024-09-18 13:05:48.755000,415.4891189052351,998
2024-09-18 13:05:48.760000,415.54825983378896,103
2024-09-18 13:05:48.961000,415.5366613469444,996
2024-09-18 13:05:48.988000,415.53301633504526,99
2024-09-18 13:05:49.038000,415.5237032311308,13
2024-09-18 13:05:49.105000,415.46360491286384,98
2024-09-18 13:05:49.136000,415.47785042338273,15
2024-09-18 13:05:49.189000,415.5229732896369,103
2024-09-18 13:05:49.193000,415.5256884695413,96
2024-09-18 13:05:49.288000,415.5208374073803,102
2024-09-18 13:05:49.291000,415.5097775976927,7
2024-09-18 13:05:49.303000,415.500386946128,996
2024-09-18 13:05:49.323000,415.48609059152193,1004
2024-09-18 13:05:49.374000,415.49899029252,96
2024-09-18 13:05:49.379000,415.48447905993504,1001
2024-09-18 13:05:49.400000,415.4983021414609,997
2024-09-18 13:05:49.507000,415.487209033003,14
2024-09-18 13:05:49.597000,415.52252224010965,1001
2024-09-18 13:05:49.646000,415.53793104197024,10
2024-09-18 13:05:49.666000,415.4753215404705,1004
2024-09-18 13:05:49.675000,415.5162926591318,12
2024-09-18 13:05:49.747000,415.514398760502,13
2024-09-18 13:05:49.755000,415.51073409421457,11
2024-09-18 13:05:49.772000,415.5136460777528,12
2024-09-18 13:05:49.815000,415.48378478795945,997
2024-09-18 13:05:49.874000,415.50215285769104,103
2024-09-18 13:05:49.907000,415.5033629193809,96
2024-09-18 13:05:49.977000,415.53473136999406,12
2024-09-18 13:05:50.316000,415.4761654102281,8
2024-09-18 13:05:50.492000,415.4825296727639,996
2024-09-18 13:05:50.567000,415.478420820084,10
2024-09-18 13:05:50.901000,415.4768530983235,8
2024-09-18 13:05:51.056000,415.4375458507783,100
2024-09-18 13:05:51.090000,415.4596823755687,104
2024-09-18 13:05:51.105000,415.46901280615447,12
2024-09-18 13:05:51.212000,415.468259650267,5
2024-09-18 13:05:51.229000,415.4234239167363,995
2024-09-18 13:05:51.329000,415.446147202061,102
2024-09-18 13:05:51.351000,415.45950386066846,102
2024-09-18 13:05:51.406000,415.46951538942864,14
2024-09-18 13:05:51.470000,415.4355634700072,5
2024-09-18 13:05:51.509000,415.4661980686472,15
2024-09-18 13:05:51.509000,415.4511584283112,97
2024-09-18 13:05:51.555000,415.4820743236862,105
2024-09-18 13:05:51.572000,415.4170566338222,12
2024-09-18 13:05:51.582000,415.4756213940161,1002
2024-09-18 13:05:51.689000,415.44370070279615,999
2024-09-18 13:05:51.702000,415.4367614612512,104
2024-09-18 13:05:51.702000,415.4448524420235,105
2024-09-18 13:05:51.844000,415.4364919666615,998
2024-09-18 13:05:51.865000,415.4544334320249,998
2024-09-18 13:05:51.899000,415.4634992017668,998
2024-09-18 13:05:51.993000,415.4675220390114,11
2024-09-18 13:05:52.033000,415.38270337541474,104
2024-09-18 13:05:52.049000,415.406970254613,9
2024-09-18 13:05:52.077000,415.37217237464495,1003
2024-09-18 13:05:52.120000,415.3408235777079,13
2024-09-18 13:05:52.127000,415.40782472011017,1004
2024-09-18 13:05:52.167000,415.4299126258412,99
2024-09-18 13:05:52.212000,415.4223476190687,104
2024-09-18 13:05:52.213000,415.3867046256848,100
2024-09-18 13:05:52.233000,415.4100483645637,105
2024-09-18 13:05:52.260000,415.3450364908243,96
2024-09-18 13:05:52.262000,415.4275903508242,105
2024-09-18 13:05:52.301000,415.4435797309209,996
2024-09-18 13:05:52.306000,415.3450076496079,1002
2024-09-18 13:05:52.543000,415.4298734836946,100
2024-09-18 13:05:52.624000,415.4585548778177,1000
2024-09-18 13:05:52.653000,415.4039033852143,14
2024-09-18 13:05:52.807000,415.4452875485267,96
2024-09-18 13:05:52.852000,415.4551156765903,7
2024-09-18 13:05:52.855000,415.337778796992,998
2024-09-18 13:05:52.857000,415.35483811882176,999
2024-09-18 13:05:52.868000,415.3276003105024,102
2024-09-18 13:05:52.905000,415.3904740886755,1001
2024-09-18 13:05:52.909000,415.4366174153784,5
2024-09-18 13:05:52.935000,415.3575267013194,1005
2024-09-18 13:05:52.962000,415.3701092974941,999
2024-09-18 13:05:52.979000,415.457037795526,1003
2024-09-18 13:05:53.099000,415.4639451928802,999
2024-09-18 13:05:53.197000,415.4635099930431,1001
2024-09-18 13:05:53.216000,415.4463871881181,10
2024-09-18 13:05:53.331000,415.4537998915403,103
2024-09-18 13:05:53.400000,415.4565577844797,10
2024-09-18 13:05:53.503000,415.45573771480025,1003
2024-09-18 13:05:53.644000,415.4222491977943,96
2024-09-18 13:05:53.967000,415.4498708896612,98
2024-09-18 13:05:54.054000,415.47861742415313,1002
2024-09-18 13:05:54.108000,415.4807816550404,99
2024-09-18 13:05:54.189000,415.45935662619706,7
2024-09-18 13:05:54.196000,415.45898757722046,99
2024-09-18 13:05:54.204000,415.4804355425807,98
2024-09-18 13:05:54.490000,415.4519067440256,7
2024-09-18 13:05:54.493000,415.49309900049457,104
2024-09-18 13:05:54.532000,415.47877908632097,99
2024-09-18 13:05:54.837000,415.468260349862,99
2024-09-18 13:05:54.855000,415.49234876942336,7
2024-09-18 13:05:55.164000,415.44549609730575,96
2024-09-18 13:05:55.216000,415.4694614091424,998
2024-09-18 13:05:55.252000,415.43277372888735,104
2024-09-18 13:05:55.635000,415.4684146647498,5
2024-09-18 13:05:55.832000,415.40722489025177,999
2024-09-18 13:05:55.941000,415.4724181669724,98
2024-09-18 13:05:55.994000,415.4467731492384,105
2024-09-18 13:05:56.066000,415.3838044363591,996
2024-09-18 13:05:56.116000,415.4194632164868,998
2024-09-18 13:05:56.184000,415.3852130687737,102
2024-09-18 13:05:56.229000,415.45916485999896,1005
2024-09-18 13:05:56.244000,415.46815593889903,102
2024-09-18 13:05:56.323000,415.4552991609201,98
2024-09-18 13:05:56.347000,415.4629928822753,104
2024-09-18 13:05:56.356000,415.4426573668568,104
2024-09-18 13:05:56.391000,415.4224555936154,8
2024-09-18 13:05:56.435000,415.46283614217066,1002
2024-09-18 13:05:56.467000,415.3913434086252,8
2024-09-18 13:05:56.478000,415.4381090852992,8
2024-09-18 13:05:56.480000,415.43868699524455,995
2024-09-18 13:05:56.565000,415.49764717965365,996
2024-09-18 13:05:56.577000,415.45980990929735,8
2024-09-18 13:05:56.652000,415.4786960437715,1003
2024-09-18 13:05:56.679000,415.44934532494455,1000
2024-09-18 13:05:56.712000,415.4888928888637,15
2024-09-18 13:05:56.736000,415.3887887448979,105
2024-09-18 13:05:56.748000,415.4528288026906,101
2024-09-18 13:05:56.754000,415.48318527228446,96
2024-09-18 13:05:56.798000,415.43777679488215,997
2024-09-18 13:05:56.910000,415.4656453991702,12
2024-09-18 13:05:56.954000,415.42122227951313,15
2024-09-18 13:05:56.975000,415.4469447536576,1005
2024-09-18 13:05:57.045000,415.4756354093729,8
2024-09-18 13:05:57.069000,415.4711145640709,6
2024-09-18 13:05:57.121000,415.440981161603,13
2024-09-18 13:05:57.147000,415.4888310078607,103
2024-09-18 13:05:57.161000,415.4298007570203,15
2024-09-18 13:05:57.175000,415.4549730795511,100
2024-09-18 13:05:57.204000,415.4810515879468,1002
2024-09-18 13:05:57.211000,415.4542444826988,99
2024-09-18 13:05:57.265000,415.4598736133344,15
2024-09-18 13:05:57.273000,415.43553483503706,1003
2024-09-18 13:05:57.309000,415.455772674145,997
2024-09-18 13:05:57.326000,415.43177129520734,1000
2024-09-18 13:05:57.363000,415.475145760112,997
2024-09-18 13:05:57.377000,415.4470159044761,995
2024-09-18 13:05:57.403000,415.4643277790666,1004
2024-09-18 13:05:57.404000,415.48176164556526,103
2024-09-18 13:05:57.410000,415.4322983653247,1005
2024-09-18 13:05:57.588000,415.4925236416236,97
2024-09-18 13:05:57.615000,415.4734809247584,1001
2024-09-18 13:05:57.731000,415.4782236089999,1001
2024-09-18 13:05:57.784000,415.4805315732101,101
2024-09-18 13:05:57.897000,415.44995002784543,1002
2024-09-18 13:05:57.900000,415.4637942460052,995
2024-09-18 13:05:57.903000,415.4491257402662,7
2024-09-18 13:05:57.964000,415.4781584207947,103
2024-09-18 13:05:58.071000,415.4426442364028,996
2024-09-18 13:05:58.195000,415.45880049475,5
2024-09-18 13:05:58.283000,415.4498377280152,105
2024-09-18 13:05:58.288000,415.4679024468047,6
2024-09-18 13:05:58.421000,415.4537225493914,97
2024-09-18 13:05:58.564000,415.4471592866164,98
2024-09-18 13:05:58.697000,415.4465095899641,104
2024-09-18 13:05:58.699000,415.4432484259728,1004
2024-09-18 13:05:58.710000,415.47544493489664,98
2024-09-18 13:05:58.868000,415.4422192813922,1004
2024-09-18 13:05:58.907000,415.4571191694151,5
2024-09-18 13:05:58.932000,415.4553279661674,14
2024-09-18 13:05:59.647000,415.46660503102095,1005
2024-09-18 13:05:59.775000,415.4744180305079,8
