Timestamp,Price,Size
2024-09-18 09:46:00.085000,407.4021646267877,102
2024-09-18 09:46:00.228000,407.4346592012833,98
2024-09-18 09:46:00.395000,407.406442875984,5
2024-09-18 09:46:00.405000,407.41051733110805,105
2024-09-18 09:46:00.416000,407.4164315350201,5
2024-09-18 09:46:00.572000,407.3938761883918,13
2024-09-18 09:46:00.592000,407.4258029461606,95
2024-09-18 09:46:00.647000,407.4126304687169,999
2024-09-18 09:46:00.846000,407.4206336302005,1004
2024-09-18 09:46:00.922000,407.4155671826507,103
2024-09-18 09:46:00.958000,407.3996378221345,1004
2024-09-18 09:46:01.060000,407.4053078070955,13
2024-09-18 09:46:01.066000,407.4049430704844,99
2024-09-18 09:46:01.177000,407.3782104382199,105
2024-09-18 09:46:01.177000,407.36806819339904,998
2024-09-18 09:46:01.291000,407.3525577020281,996
2024-09-18 09:46:01.307000,407.36417873958857,5
2024-09-18 09:46:01.437000,407.3857261333517,99
2024-09-18 09:46:01.479000,407.36867955425294,1005
2024-09-18 09:46:01.578000,407.3644655353575,1002
2024-09-18 09:46:01.633000,407.3527312092582,1001
2024-09-18 09:46:01.655000,407.3835000053813,98
2024-09-18 09:46:01.681000,407.3560074551482,15
2024-09-18 09:46:01.999000,407.3603606571715,101
2024-09-18 09:46:02.060000,407.3179988906068,996
2024-09-18 09:46:02.099000,407.3646669573187,101
2024-09-18 09:46:02.119000,407.30832453709496,1000
2024-09-18 09:46:02.119000,407.357724514339,1002
2024-09-18 09:46:02.163000,407.29097746591134,997
2024-09-18 09:46:02.196000,407.36466961836936,999
2024-09-18 09:46:02.259000,407.3669800047387,99
2024-09-18 09:46:02.272000,407.36248374886793,996
2024-09-18 09:46:02.338000,407.3167938557304,9
2024-09-18 09:46:02.374000,407.3507974578935,104
2024-09-18 09:46:02.439000,407.32021928922,1005
2024-09-18 09:46:02.469000,407.3809546286055,15
2024-09-18 09:46:02.477000,407.31894291083256,101
2024-09-18 09:46:02.480000,407.3796976526301,99
2024-09-18 09:46:02.505000,407.3762129448645,1000
2024-09-18 09:46:02.544000,407.3838759403758,15
2024-09-18 09:46:02.545000,407.3156159665969,102
2024-09-18 09:46:02.696000,407.3396752755532,998
2024-09-18 09:46:02.752000,407.3227991225592,998
2024-09-18 09:46:02.800000,407.3166595925187,99
2024-09-18 09:46:02.801000,407.3068947723348,99
2024-09-18 09:46:02.848000,407.3524431284092,998
2024-09-18 09:46:02.900000,407.3678800534526,997
2024-09-18 09:46:02.927000,407.31974340524073,1001
2024-09-18 09:46:02.939000,407.35804996467874,997
2024-09-18 09:46:02.974000,407.3995850140225,102
2024-09-18 09:46:02.974000,407.3123172266303,104
2024-09-18 09:46:03.040000,407.3676911415421,997
2024-09-18 09:46:03.061000,407.3691049541065,15
2024-09-18 09:46:03.078000,407.3628892633768,13
2024-09-18 09:46:03.134000,407.3426589140373,7
2024-09-18 09:46:03.144000,407.3534767545325,9
2024-09-18 09:46:03.310000,407.3790506133809,10
2024-09-18 09:46:03.339000,407.3539461044036,1004
2024-09-18 09:46:03.441000,407.3808449376638,14
2024-09-18 09:46:03.476000,407.2817154004383,12
2024-09-18 09:46:03.504000,407.3231077446269,9
2024-09-18 09:46:03.560000,407.350357380032,104
2024-09-18 09:46:03.589000,407.3559581864874,11
2024-09-18 09:46:03.618000,407.3621712683835,9
2024-09-18 09:46:03.619000,407.3497746341377,10
2024-09-18 09:46:03.662000,407.3417581014048,1005
2024-09-18 09:46:03.676000,407.34866137280846,8
2024-09-18 09:46:03.712000,407.3894241715142,105
2024-09-18 09:46:03.729000,407.3090384890415,12
2024-09-18 09:46:03.729000,407.3848764178765,1005
2024-09-18 09:46:03.734000,407.2900406022532,100
2024-09-18 09:46:03.821000,407.3001333341512,14
2024-09-18 09:46:03.853000,407.3671607862594,996
2024-09-18 09:46:03.858000,407.289273227787,1003
2024-09-18 09:46:03.879000,407.3581151803141,6
2024-09-18 09:46:03.909000,407.3793215396582,105
2024-09-18 09:46:03.935000,407.325264413205,6
2024-09-18 09:46:03.975000,407.3792976929258,97
2024-09-18 09:46:04.010000,407.3025446401649,1001
2024-09-18 09:46:04.063000,407.2909854924084,103
2024-09-18 09:46:04.092000,407.256673656076,996
2024-09-18 09:46:04.105000,407.3059465266857,12
2024-09-18 09:46:04.130000,407.2665341957059,5
2024-09-18 09:46:04.148000,407.3316039957053,99
2024-09-18 09:46:04.241000,407.3236114094404,105
2024-09-18 09:46:04.247000,407.3177569712105,996
2024-09-18 09:46:04.294000,407.2929486132844,97
2024-09-18 09:46:04.296000,407.3018348897378,14
2024-09-18 09:46:04.338000,407.27763119207816,995
2024-09-18 09:46:04.365000,407.3306472145555,1005
2024-09-18 09:46:04.390000,407.2978676104293,996
2024-09-18 09:46:04.409000,407.2930369722854,10
2024-09-18 09:46:04.454000,407.3382879170205,13
2024-09-18 09:46:04.575000,407.2817501169218,996
2024-09-18 09:46:04.579000,407.28762485349,100
2024-09-18 09:46:04.615000,407.3090944998413,95
2024-09-18 09:46:04.686000,407.3281477583621,1000
2024-09-18 09:46:04.748000,407.3145365441468,9
2024-09-18 09:46:04.847000,407.2864220440772,996
2024-09-18 09:46:04.859000,407.31483154704034,99
2024-09-18 09:46:04.925000,407.329297141812,1002
2024-09-18 09:46:04.942000,407.3037045567042,99
2024-09-18 09:46:05.024000,407.3353233715347,13
2024-09-18 09:46:05.287000,407.3218575364248,8
2024-09-18 09:46:05.378000,407.3220158564532,13
2024-09-18 09:46:05.427000,407.3391136144581,1003
2024-09-18 09:46:05.449000,407.3328374983769,8
2024-09-18 09:46:05.488000,407.32605157119775,1001
2024-09-18 09:46:05.501000,407.3376748759193,10
2024-09-18 09:46:05.570000,407.33638666138654,9
2024-09-18 09:46:05.637000,407.34035437368993,11
2024-09-18 09:46:05.684000,407.3190520827718,98
2024-09-18 09:46:05.690000,407.3093008953721,1002
2024-09-18 09:46:05.783000,407.332884226308,1000
2024-09-18 09:46:05.865000,407.3288943875015,9
2024-09-18 09:46:05.898000,407.31021334009137,1004
2024-09-18 09:46:05.942000,407.3312112144415,1004
2024-09-18 09:46:06.057000,407.3755817388911,5
2024-09-18 09:46:06.064000,407.3274389407862,100
2024-09-18 09:46:06.074000,407.3063716597076,105
2024-09-18 09:46:06.106000,407.303946765376,999
2024-09-18 09:46:06.147000,407.3656444392447,995
2024-09-18 09:46:06.171000,407.323844022627,12
2024-09-18 09:46:06.218000,407.2979802698966,998
2024-09-18 09:46:06.252000,407.3175821883785,999
2024-09-18 09:46:06.265000,407.3221797446411,8
2024-09-18 09:46:06.295000,407.3506786434693,997
2024-09-18 09:46:06.298000,407.3191800911527,8
2024-09-18 09:46:06.312000,407.3282075253611,97
2024-09-18 09:46:06.349000,407.3657856537517,1005
2024-09-18 09:46:06.397000,407.3495697449336,96
2024-09-18 09:46:06.400000,407.328471236602,6
2024-09-18 09:46:06.411000,407.3107086251261,10
2024-09-18 09:46:06.504000,407.31643329011024,101
2024-09-18 09:46:06.513000,407.3132066557732,104
2024-09-18 09:46:06.538000,407.360344886843,13
2024-09-18 09:46:06.682000,407.3346519850931,100
2024-09-18 09:46:06.714000,407.3043386531123,98
2024-09-18 09:46:06.772000,407.3383810721388,102
2024-09-18 09:46:06.884000,407.3173814233636,7
2024-09-18 09:46:06.955000,407.3217137765654,98
2024-09-18 09:46:07.031000,407.3036313457337,6
2024-09-18 09:46:07.170000,407.2706575368653,997
2024-09-18 09:46:07.319000,407.2764729981463,12
2024-09-18 09:46:07.372000,407.2677384770501,102
2024-09-18 09:46:07.373000,407.3000631970257,997
2024-09-18 09:46:07.394000,407.3496687405644,104
2024-09-18 09:46:07.546000,407.3275358241313,997
2024-09-18 09:46:07.721000,407.2902986575471,7
2024-09-18 09:46:07.835000,407.3279176323382,96
2024-09-18 09:46:07.867000,407.3399015422878,98
2024-09-18 09:46:08.063000,407.31524651466,9
2024-09-18 09:46:08.067000,407.31294713699697,1002
2024-09-18 09:46:08.069000,407.3705916578424,998
2024-09-18 09:46:08.080000,407.3320024306074,8
2024-09-18 09:46:08.158000,407.3389275335639,997
2024-09-18 09:46:08.198000,407.3387922627425,10
2024-09-18 09:46:08.224000,407.31564691202817,96
2024-09-18 09:46:08.257000,407.33885772483967,1000
2024-09-18 09:46:08.267000,407.279983468477,5
2024-09-18 09:46:08.362000,407.3462509977525,95
2024-09-18 09:46:08.515000,407.30052122317113,101
2024-09-18 09:46:08.698000,407.3398236142924,998
2024-09-18 09:46:08.846000,407.3777131872373,100
2024-09-18 09:46:08.853000,407.3157098578202,14
2024-09-18 09:46:08.890000,407.323542183618,11
2024-09-18 09:46:08.989000,407.31700279875895,1002
2024-09-18 09:46:09.170000,407.3121128253817,995
2024-09-18 09:46:09.691000,407.3146309812364,1004
2024-09-18 09:46:09.795000,407.3165043639074,997
2024-09-18 09:46:09.800000,407.3289683116243,104
2024-09-18 09:46:10.201000,407.407083754996,5
2024-09-18 09:46:10.242000,407.3320570199831,5
2024-09-18 09:46:10.265000,407.3500590572648,998
2024-09-18 09:46:10.271000,407.3652827615681,14
2024-09-18 09:46:10.295000,407.34603452694887,5
2024-09-18 09:46:10.365000,407.39236768921234,100
2024-09-18 09:46:10.383000,407.3338514655837,101
2024-09-18 09:46:10.432000,407.3447263034819,6
2024-09-18 09:46:10.470000,407.35485158138886,7
2024-09-18 09:46:10.471000,407.3589480484528,1004
2024-09-18 09:46:10.546000,407.3380762411306,997
2024-09-18 09:46:10.554000,407.3800127075146,10
2024-09-18 09:46:10.616000,407.33571900048713,9
2024-09-18 09:46:10.666000,407.33963588970914,96
2024-09-18 09:46:10.791000,407.3640721717557,105
2024-09-18 09:46:10.796000,407.34516264778193,1000
2024-09-18 09:46:10.835000,407.4045691937139,1000
2024-09-18 09:46:10.864000,407.3387175839283,12
2024-09-18 09:46:10.942000,407.3852051029564,11
2024-09-18 09:46:10.997000,407.3447140467941,101
2024-09-18 09:46:11.070000,407.3927578318733,1005
2024-09-18 09:46:11.080000,407.3921223587256,7
2024-09-18 09:46:11.115000,407.4364301947765,1002
2024-09-18 09:46:11.160000,407.40452364082336,1000
2024-09-18 09:46:11.194000,407.4055100648571,998
2024-09-18 09:46:11.293000,407.45026550546976,99
2024-09-18 09:46:11.696000,407.39758522504366,998
2024-09-18 09:46:11.702000,407.4245928406794,15
2024-09-18 09:46:11.757000,407.40250725120205,997
2024-09-18 09:46:11.868000,407.4007468586572,10
2024-09-18 09:46:11.910000,407.3992747893727,995
2024-09-18 09:46:11.948000,407.4108918589148,997
2024-09-18 09:46:11.966000,407.40014486502497,5
2024-09-18 09:46:11.978000,407.40670478946953,102
2024-09-18 09:46:12.090000,407.44434606107,99
2024-09-18 09:46:12.102000,407.44287942364826,95
2024-09-18 09:46:12.248000,407.4457811277927,100
2024-09-18 09:46:12.376000,407.44851802032457,998
2024-09-18 09:46:12.386000,407.447522844894,97
2024-09-18 09:46:12.412000,407.4665391348573,995
2024-09-18 09:46:12.418000,407.4550084325962,6
2024-09-18 09:46:12.418000,407.4555654165026,12
2024-09-18 09:46:12.501000,407.42963798828487,12
2024-09-18 09:46:12.510000,407.43337265552935,996
2024-09-18 09:46:12.571000,407.4432761168375,998
2024-09-18 09:46:12.655000,407.4586484074458,6
2024-09-18 09:46:12.670000,407.4627458539988,1001
2024-09-18 09:46:12.676000,407.4486317310578,103
2024-09-18 09:46:12.898000,407.4526858490779,12
2024-09-18 09:46:12.908000,407.4671412001817,95
2024-09-18 09:46:12.980000,407.4402673849162,95
2024-09-18 09:46:13.008000,407.4083826873773,8
2024-09-18 09:46:13.021000,407.3942844441777,15
2024-09-18 09:46:13.053000,407.4115587716125,1000
2024-09-18 09:46:13.065000,407.4164801376186,997
2024-09-18 09:46:13.073000,407.4165968494241,13
2024-09-18 09:46:13.105000,407.3996907461386,104
2024-09-18 09:46:13.121000,407.3902103249091,999
2024-09-18 09:46:13.175000,407.3602942183521,99
2024-09-18 09:46:13.246000,407.4001882022819,105
2024-09-18 09:46:13.260000,407.3654962062324,7
2024-09-18 09:46:13.316000,407.3898981165058,102
2024-09-18 09:46:13.416000,407.4174040960349,10
2024-09-18 09:46:13.606000,407.4086162853457,1001
2024-09-18 09:46:13.664000,407.39829763923854,14
2024-09-18 09:46:13.747000,407.4123880289004,7
2024-09-18 09:46:14.084000,407.3545167365872,14
2024-09-18 09:46:14.206000,407.3647967146214,1004
2024-09-18 09:46:14.315000,407.3114650034936,101
2024-09-18 09:46:14.342000,407.3528634353863,997
2024-09-18 09:46:14.397000,407.34893880608576,104
2024-09-18 09:46:14.438000,407.3593451972345,10
2024-09-18 09:46:14.447000,407.3353634712415,1000
2024-09-18 09:46:14.473000,407.3655803818473,995
2024-09-18 09:46:14.535000,407.3166551755117,10
2024-09-18 09:46:14.655000,407.3420526046101,1002
2024-09-18 09:46:14.769000,407.3632053335207,98
2024-09-18 09:46:14.851000,407.35471994952303,96
2024-09-18 09:46:14.896000,407.3474241931923,1001
2024-09-18 09:46:15.153000,407.3757831875085,105
2024-09-18 09:46:15.217000,407.3841192255809,102
2024-09-18 09:46:15.267000,407.3846841313846,7
2024-09-18 09:46:15.305000,407.38768134754383,996
2024-09-18 09:46:15.307000,407.3982288248047,100
2024-09-18 09:46:15.325000,407.41115382937727,102
2024-09-18 09:46:15.388000,407.3800478381107,995
2024-09-18 09:46:15.622000,407.3890253905003,6
2024-09-18 09:46:15.839000,407.37272849220375,996
2024-09-18 09:46:15.851000,407.3983102980454,99
2024-09-18 09:46:15.903000,407.3847558042343,997
2024-09-18 09:46:15.941000,407.4113394948524,96
2024-09-18 09:46:16.003000,407.3743346473341,101
2024-09-18 09:46:16.216000,407.3731965992374,101
2024-09-18 09:46:16.239000,407.3672691613064,102
2024-09-18 09:46:16.252000,407.3867573087026,7
2024-09-18 09:46:16.354000,407.3920501024693,1003
2024-09-18 09:46:16.360000,407.3854375497118,105
2024-09-18 09:46:16.730000,407.3601586123217,1002
2024-09-18 09:46:16.736000,407.35734696713575,103
2024-09-18 09:46:16.748000,407.4122358015586,12
2024-09-18 09:46:16.772000,407.426052141337,10
2024-09-18 09:46:16.788000,407.3510538024781,103
2024-09-18 09:46:16.805000,407.3580496599486,97
2024-09-18 09:46:18.025000,407.4141390597684,99
2024-09-18 09:46:18.055000,407.4387744379608,105
2024-09-18 09:46:18.271000,407.4494297231229,11
2024-09-18 09:46:18.626000,407.4325921695436,101
2024-09-18 09:46:18.968000,407.4164625361304,1004
2024-09-18 09:46:19.006000,407.4142071671868,99
2024-09-18 09:46:19.007000,407.39619674287553,15
2024-09-18 09:46:19.008000,407.44780923778256,996
2024-09-18 09:46:19.081000,407.4253201386424,1000
2024-09-18 09:46:19.160000,407.4455305440216,1002
2024-09-18 09:46:19.191000,407.3892859056376,1004
2024-09-18 09:46:19.193000,407.4307282236816,95
2024-09-18 09:46:19.207000,407.4176725668525,1003
2024-09-18 09:46:19.221000,407.37368500471206,1001
2024-09-18 09:46:19.227000,407.4205837480338,95
2024-09-18 09:46:19.245000,407.40997508359214,95
2024-09-18 09:46:19.282000,407.4350794160714,97
2024-09-18 09:46:19.311000,407.3701020499789,999
2024-09-18 09:46:19.320000,407.4268158951209,12
2024-09-18 09:46:19.346000,407.4288869786516,1005
2024-09-18 09:46:19.425000,407.45622208218174,997
2024-09-18 09:46:19.465000,407.4126622175682,999
2024-09-18 09:46:19.558000,407.4007018234354,98
2024-09-18 09:46:19.604000,407.411428957501,11
2024-09-18 09:46:19.608000,407.43409707198936,998
2024-09-18 09:46:19.631000,407.4517545639498,998
2024-09-18 09:46:19.691000,407.39880767608224,7
2024-09-18 09:46:19.711000,407.4098764448083,101
2024-09-18 09:46:19.734000,407.4464428309127,14
2024-09-18 09:46:19.803000,407.4076639363937,101
2024-09-18 09:46:19.847000,407.4605766110684,96
2024-09-18 09:46:19.860000,407.4387097879716,101
2024-09-18 09:46:19.904000,407.3982648831434,100
2024-09-18 09:46:19.915000,407.3991033116232,99
2024-09-18 09:46:19.994000,407.4100480585923,6
2024-09-18 09:46:20.037000,407.4909395598598,9
2024-09-18 09:46:20.072000,407.4840452794627,1004
2024-09-18 09:46:20.075000,407.4947841242925,1001
2024-09-18 09:46:20.202000,407.4851416827993,104
2024-09-18 09:46:20.224000,407.4944883828624,104
2024-09-18 09:46:20.246000,407.4879575249393,7
2024-09-18 09:46:20.246000,407.4922194989973,14
2024-09-18 09:46:20.394000,407.4775760002064,1005
2024-09-18 09:46:20.402000,407.4846560472514,103
2024-09-18 09:46:20.435000,407.50317178705495,6
2024-09-18 09:46:20.484000,407.4640248001709,15
2024-09-18 09:46:20.503000,407.42896132821846,104
2024-09-18 09:46:20.579000,407.5037010782871,995
2024-09-18 09:46:20.628000,407.4725792096565,997
2024-09-18 09:46:20.636000,407.49622762347,7
2024-09-18 09:46:20.715000,407.4549222036807,104
2024-09-18 09:46:20.733000,407.5022934724989,102
2024-09-18 09:46:20.740000,407.48694094774567,98
2024-09-18 09:46:20.822000,407.4920603649264,14
2024-09-18 09:46:20.823000,407.50904622996353,100
2024-09-18 09:46:20.854000,407.4927612765584,996
2024-09-18 09:46:20.875000,407.4386266895269,9
2024-09-18 09:46:21.061000,407.5005933951617,1004
2024-09-18 09:46:21.128000,407.47962363484817,103
2024-09-18 09:46:21.424000,407.48927764934393,105
2024-09-18 09:46:21.438000,407.4986326236116,999
2024-09-18 09:46:21.451000,407.4835643537083,98
2024-09-18 09:46:21.501000,407.4852201469062,103
2024-09-18 09:46:21.531000,407.4925253782316,8
2024-09-18 09:46:21.866000,407.50906009892816,997
2024-09-18 09:46:21.927000,407.4880335464438,95
2024-09-18 09:46:21.999000,407.486109571822,100
2024-09-18 09:46:22.004000,407.4595364485455,14
2024-09-18 09:46:22.009000,407.4633699707056,102
2024-09-18 09:46:22.111000,407.4668195438662,104
2024-09-18 09:46:22.144000,407.48384132116223,104
2024-09-18 09:46:22.262000,407.4947268143707,95
2024-09-18 09:46:22.274000,407.473155557466,96
2024-09-18 09:46:22.367000,407.4816827623229,10
2024-09-18 09:46:22.401000,407.4644846879576,6
2024-09-18 09:46:22.764000,407.4657978114811,105
2024-09-18 09:46:22.968000,407.4628045848179,1003
2024-09-18 09:46:23.035000,407.48045525549134,15
2024-09-18 09:46:23.035000,407.56126669107806,6
2024-09-18 09:46:23.102000,407.4864025352049,12
2024-09-18 09:46:23.127000,407.5103039917595,7
2024-09-18 09:46:23.241000,407.5051673668092,6
2024-09-18 09:46:23.290000,407.45923033064446,1004
2024-09-18 09:46:23.302000,407.46988873906,1000
2024-09-18 09:46:23.306000,407.4821689326849,104
2024-09-18 09:46:23.338000,407.5688375047187,99
2024-09-18 09:46:23.458000,407.4528096856898,999
2024-09-18 09:46:23.485000,407.5198840671887,102
2024-09-18 09:46:23.488000,407.47695174324303,99
2024-09-18 09:46:23.488000,407.5139045907053,9
2024-09-18 09:46:23.514000,407.4430496242163,5
2024-09-18 09:46:23.518000,407.527289251348,8
2024-09-18 09:46:23.578000,407.501163877137,1003
2024-09-18 09:46:23.599000,407.4681681474622,998
2024-09-18 09:46:23.618000,407.53786020566713,96
2024-09-18 09:46:23.657000,407.5007133175057,96
2024-09-18 09:46:23.709000,407.5444644508977,14
2024-09-18 09:46:23.719000,407.450581364206,8
2024-09-18 09:46:23.767000,407.4461890762824,1003
2024-09-18 09:46:23.868000,407.4394912931023,5
2024-09-18 09:46:23.868000,407.4476889499077,11
2024-09-18 09:46:24.086000,407.5676701240175,998
2024-09-18 09:46:24.143000,407.57309746231937,98
2024-09-18 09:46:24.202000,407.5776856877197,9
2024-09-18 09:46:24.250000,407.56076313547374,997
2024-09-18 09:46:24.270000,407.5650514805408,1005
2024-09-18 09:46:24.350000,407.5784950702923,11
2024-09-18 09:46:24.394000,407.572202860669,101
2024-09-18 09:46:24.637000,407.553988101107,996
2024-09-18 09:46:24.738000,407.5857881739965,12
2024-09-18 09:46:24.851000,407.55165361482057,102
2024-09-18 09:46:24.895000,407.5794688717556,10
2024-09-18 09:46:24.914000,407.5409195251679,1003
2024-09-18 09:46:24.921000,407.5796165272376,1003
2024-09-18 09:46:24.956000,407.58108824402296,995
2024-09-18 09:46:24.983000,407.5890766287941,98
2024-09-18 09:46:25.003000,407.6037485100948,998
2024-09-18 09:46:25.033000,407.55140149565534,10
2024-09-18 09:46:25.042000,407.5507259653033,105
2024-09-18 09:46:25.135000,407.57921339235696,99
2024-09-18 09:46:25.180000,407.577336019934,995
2024-09-18 09:46:25.220000,407.5968075505231,5
2024-09-18 09:46:25.353000,407.5683176675799,1003
2024-09-18 09:46:25.459000,407.5929437704463,7
2024-09-18 09:46:25.465000,407.57400314601256,1002
2024-09-18 09:46:25.475000,407.5817557558455,99
2024-09-18 09:46:25.512000,407.53174022736704,1005
2024-09-18 09:46:25.579000,407.60759215903465,95
2024-09-18 09:46:25.585000,407.5879396026807,1000
2024-09-18 09:46:25.624000,407.58848251871103,101
2024-09-18 09:46:25.689000,407.58759767838166,103
2024-09-18 09:46:25.733000,407.5378928298696,12
2024-09-18 09:46:25.768000,407.5705971008547,1004
2024-09-18 09:46:25.770000,407.6059847716648,7
2024-09-18 09:46:25.847000,407.5932017687821,1003
2024-09-18 09:46:25.853000,407.5585649262872,102
2024-09-18 09:46:25.882000,407.5830630157859,9
2024-09-18 09:46:25.908000,407.5767715991371,8
2024-09-18 09:46:25.945000,407.6025213029851,7
2024-09-18 09:46:26.033000,407.5468684115469,11
2024-09-18 09:46:26.054000,407.49259559185526,100
2024-09-18 09:46:26.067000,407.5656497285914,10
2024-09-18 09:46:26.112000,407.5171716780338,98
2024-09-18 09:46:26.139000,407.4517965260762,999
2024-09-18 09:46:26.142000,407.45604206168224,997
2024-09-18 09:46:26.150000,407.5146991318316,101
2024-09-18 09:46:26.209000,407.5228279672594,1003
2024-09-18 09:46:26.217000,407.5691658057163,11
2024-09-18 09:46:26.269000,407.5009781658039,1000
2024-09-18 09:46:26.284000,407.4737518103005,99
2024-09-18 09:46:26.345000,407.4969553650741,1000
2024-09-18 09:46:26.347000,407.4790570750071,11
2024-09-18 09:46:26.373000,407.46315684493686,1003
2024-09-18 09:46:26.400000,407.58754069505903,6
2024-09-18 09:46:26.576000,407.57177786184815,998
2024-09-18 09:46:26.648000,407.4973700202528,99
2024-09-18 09:46:26.835000,407.5553256518839,11
2024-09-18 09:46:26.882000,407.4650835852439,1002
2024-09-18 09:46:26.892000,407.57222058256696,12
2024-09-18 09:46:26.933000,407.451076866886,97
2024-09-18 09:46:26.956000,407.5919657427381,997
2024-09-18 09:46:26.960000,407.5911467541584,101
2024-09-18 09:46:26.967000,407.5648256817756,104
2024-09-18 09:46:27.911000,407.4576188709851,1001
2024-09-18 09:46:27.927000,407.4477717336798,1004
2024-09-18 09:46:28.073000,407.4843584166978,12
2024-09-18 09:46:28.083000,407.452643867796,101
2024-09-18 09:46:28.099000,407.4584686117837,11
2024-09-18 09:46:28.131000,407.4692935958473,10
2024-09-18 09:46:28.146000,407.4732993309537,102
2024-09-18 09:46:28.167000,407.4627621147454,15
2024-09-18 09:46:28.177000,407.4489673302927,1005
2024-09-18 09:46:28.215000,407.4633458540289,104
2024-09-18 09:46:28.237000,407.45202801859006,103
2024-09-18 09:46:28.264000,407.4457724357444,105
2024-09-18 09:46:28.273000,407.4801053023805,998
2024-09-18 09:46:28.362000,407.4456998193869,995
2024-09-18 09:46:28.490000,407.4614642160122,995
2024-09-18 09:46:28.501000,407.4788059150544,97
2024-09-18 09:46:28.520000,407.4287263332966,98
2024-09-18 09:46:28.591000,407.4559018826268,997
2024-09-18 09:46:28.655000,407.4526770591949,997
2024-09-18 09:46:28.719000,407.4400894370349,7
2024-09-18 09:46:28.797000,407.48311904851386,100
2024-09-18 09:46:28.867000,407.4622472722714,5
2024-09-18 09:46:28.873000,407.46008155120336,103
2024-09-18 09:46:28.903000,407.4817267880914,998
2024-09-18 09:46:28.923000,407.4857632198171,13
2024-09-18 09:46:28.950000,407.45894969907056,13
2024-09-18 09:46:29.085000,407.5204501416727,102
2024-09-18 09:46:29.143000,407.5005087400348,996
2024-09-18 09:46:29.282000,407.4632960626876,14
2024-09-18 09:46:29.385000,407.5220974245936,996
2024-09-18 09:46:29.498000,407.5826545966007,999
2024-09-18 09:46:29.602000,407.57771330559854,9
2024-09-18 09:46:29.665000,407.4974016180307,103
2024-09-18 09:46:29.679000,407.58688731435575,8
2024-09-18 09:46:29.693000,407.56002534815,11
2024-09-18 09:46:29.818000,407.56306699254776,96
2024-09-18 09:46:29.828000,407.51750676414457,996
2024-09-18 09:46:29.833000,407.5944138138407,12
2024-09-18 09:46:29.835000,407.600030210558,10
2024-09-18 09:46:29.842000,407.5035833209118,14
2024-09-18 09:46:29.873000,407.5909133027872,996
2024-09-18 09:46:29.915000,407.5468651831339,96
2024-09-18 09:46:30.020000,407.5789013998585,14
2024-09-18 09:46:30.040000,407.61413170771607,1001
2024-09-18 09:46:30.081000,407.6006077655478,996
2024-09-18 09:46:30.109000,407.5940027746072,14
2024-09-18 09:46:30.204000,407.6010381061829,11
2024-09-18 09:46:30.211000,407.5817346647831,103
2024-09-18 09:46:30.233000,407.5932788047471,6
2024-09-18 09:46:30.239000,407.60132470660426,12
2024-09-18 09:46:30.268000,407.5815531049965,101
2024-09-18 09:46:30.345000,407.5932070912447,95
2024-09-18 09:46:30.378000,407.59581656575824,1005
2024-09-18 09:46:30.387000,407.60100353602206,105
2024-09-18 09:46:30.483000,407.6044166411764,8
2024-09-18 09:46:30.500000,407.58896030902935,997
2024-09-18 09:46:30.506000,407.6005641173607,11
2024-09-18 09:46:30.533000,407.6053602219103,1000
2024-09-18 09:46:30.565000,407.6094310328027,13
2024-09-18 09:46:30.578000,407.59697143104194,997
2024-09-18 09:46:30.589000,407.6288597698347,996
2024-09-18 09:46:30.606000,407.60499368995886,11
2024-09-18 09:46:30.716000,407.6208953880715,14
2024-09-18 09:46:30.752000,407.60481755964025,996
2024-09-18 09:46:30.786000,407.6050866354066,98
2024-09-18 09:46:30.796000,407.5988041207538,1001
2024-09-18 09:46:30.804000,407.59259029402114,98
2024-09-18 09:46:30.848000,407.6100783889824,15
2024-09-18 09:46:30.943000,407.588893344333,6
2024-09-18 09:46:31.121000,407.6712253028906,102
2024-09-18 09:46:31.121000,407.603639182549,14
2024-09-18 09:46:31.126000,407.5970864473327,996
2024-09-18 09:46:31.218000,407.612871414447,14
2024-09-18 09:46:31.254000,407.60227159722217,995
2024-09-18 09:46:31.263000,407.5903463727551,95
2024-09-18 09:46:31.281000,407.6285068411352,1003
2024-09-18 09:46:31.338000,407.6096070179891,11
2024-09-18 09:46:31.341000,407.5977677036858,5
2024-09-18 09:46:31.360000,407.6030401906212,1003
2024-09-18 09:46:31.385000,407.6345055643116,997
2024-09-18 09:46:31.442000,407.6024095348312,8
2024-09-18 09:46:31.481000,407.597711994366,12
2024-09-18 09:46:31.487000,407.6170495438975,102
2024-09-18 09:46:31.497000,407.6307589953904,105
2024-09-18 09:46:31.528000,407.611834063806,998
2024-09-18 09:46:31.686000,407.5874959664375,9
2024-09-18 09:46:31.822000,407.60438676734327,99
2024-09-18 09:46:31.856000,407.62493204941273,14
2024-09-18 09:46:31.975000,407.61325269124256,103
2024-09-18 09:46:31.981000,407.6507337042242,12
2024-09-18 09:46:32.063000,407.5953321785975,8
2024-09-18 09:46:32.067000,407.6130687937513,97
2024-09-18 09:46:32.096000,407.6031331401945,96
2024-09-18 09:46:32.167000,407.6049655077794,1001
2024-09-18 09:46:32.238000,407.5995976681998,1005
2024-09-18 09:46:32.245000,407.61593526463975,95
2024-09-18 09:46:32.277000,407.6104338203497,97
2024-09-18 09:46:32.290000,407.6078234223889,5
2024-09-18 09:46:32.298000,407.63959603874986,1000
2024-09-18 09:46:32.367000,407.59388886305777,100
2024-09-18 09:46:32.407000,407.6119562071914,10
2024-09-18 09:46:32.468000,407.63619118351374,1002
2024-09-18 09:46:32.478000,407.5756524527253,103
2024-09-18 09:46:32.519000,407.6266689564626,100
2024-09-18 09:46:32.536000,407.5889456375609,12
2024-09-18 09:46:32.550000,407.613088724576,95
2024-09-18 09:46:32.553000,407.6305272225605,998
2024-09-18 09:46:32.553000,407.5988608425877,1000
2024-09-18 09:46:32.806000,407.6273345823769,100
2024-09-18 09:46:32.814000,407.593994657146,1000
2024-09-18 09:46:32.855000,407.60196328063216,103
2024-09-18 09:46:32.923000,407.6365568671808,105
2024-09-18 09:46:32.937000,407.58804192515305,12
2024-09-18 09:46:32.960000,407.6185459153663,996
2024-09-18 09:46:32.970000,407.6172781593546,99
2024-09-18 09:46:32.980000,407.58948615909856,997
2024-09-18 09:46:32.983000,407.61558635907767,9
2024-09-18 09:46:33.019000,407.6631214740197,95
2024-09-18 09:46:33.025000,407.6989129930744,5
2024-09-18 09:46:33.038000,407.6769924243457,104
2024-09-18 09:46:33.047000,407.67392563131887,99
2024-09-18 09:46:33.077000,407.7029474905018,7
2024-09-18 09:46:33.187000,407.6885692221035,101
2024-09-18 09:46:33.326000,407.7215717086935,996
2024-09-18 09:46:33.640000,407.7398693724852,97
2024-09-18 09:46:33.650000,407.6495259989059,10
2024-09-18 09:46:33.732000,407.6534613907584,7
2024-09-18 09:46:33.774000,407.7402832634924,6
2024-09-18 09:46:33.855000,407.6746082085525,995
2024-09-18 09:46:33.867000,407.6408372929149,103
2024-09-18 09:46:34.021000,407.7076135058665,98
2024-09-18 09:46:34.037000,407.7530219259221,9
2024-09-18 09:46:34.080000,407.7271597072371,98
2024-09-18 09:46:34.081000,407.7332666470765,14
2024-09-18 09:46:34.092000,407.72504031050914,999
2024-09-18 09:46:34.121000,407.7166502687599,100
2024-09-18 09:46:34.125000,407.7282689615501,102
2024-09-18 09:46:34.156000,407.73582453448114,104
2024-09-18 09:46:34.212000,407.7131300265079,96
2024-09-18 09:46:34.260000,407.70695928115055,103
2024-09-18 09:46:34.277000,407.7277858259875,14
2024-09-18 09:46:34.408000,407.76345984807415,998
2024-09-18 09:46:34.441000,407.719103455382,101
2024-09-18 09:46:34.442000,407.744883500671,997
2024-09-18 09:46:34.469000,407.7112418272462,1003
2024-09-18 09:46:34.494000,407.74160318055925,1001
2024-09-18 09:46:34.625000,407.73198593137,1000
2024-09-18 09:46:34.710000,407.7550615044705,104
2024-09-18 09:46:34.728000,407.7182148977123,104
2024-09-18 09:46:34.738000,407.7124586322467,99
2024-09-18 09:46:34.746000,407.7384677155087,103
2024-09-18 09:46:34.759000,407.727170721256,997
2024-09-18 09:46:34.871000,407.7425020773971,102
2024-09-18 09:46:34.939000,407.73911122852377,104
2024-09-18 09:46:34.967000,407.7403569168851,1004
2024-09-18 09:46:35.426000,407.716351200922,6
2024-09-18 09:46:36.030000,407.7264442615987,6
2024-09-18 09:46:36.041000,407.7197654546141,999
2024-09-18 09:46:36.083000,407.7350558048114,11
2024-09-18 09:46:36.115000,407.7753032011972,1001
2024-09-18 09:46:36.134000,407.7154175075304,996
2024-09-18 09:46:36.142000,407.74420143565953,104
2024-09-18 09:46:36.164000,407.71875016544607,998
2024-09-18 09:46:36.240000,407.7341460244482,995
2024-09-18 09:46:36.246000,407.7419496663232,997
2024-09-18 09:46:36.267000,407.7181807393743,11
2024-09-18 09:46:36.267000,407.768477672861,6
2024-09-18 09:46:36.365000,407.7133133465624,8
2024-09-18 09:46:36.372000,407.7172860589383,1002
2024-09-18 09:46:36.414000,407.7366806954315,98
2024-09-18 09:46:36.426000,407.7345554772293,15
2024-09-18 09:46:36.468000,407.7455372727875,12
2024-09-18 09:46:36.481000,407.7610366432855,996
2024-09-18 09:46:36.529000,407.73941801500047,1004
2024-09-18 09:46:36.579000,407.7274339534479,105
2024-09-18 09:46:36.637000,407.7142374903462,998
2024-09-18 09:46:36.653000,407.7267216806589,999
2024-09-18 09:46:36.689000,407.7311234600375,1000
2024-09-18 09:46:36.719000,407.7136817074494,105
2024-09-18 09:46:36.758000,407.7569628661553,7
2024-09-18 09:46:36.835000,407.7223906880937,1002
2024-09-18 09:46:37.030000,407.78496013825503,98
2024-09-18 09:46:37.044000,407.8031559825355,12
2024-09-18 09:46:37.050000,407.8061561529944,6
2024-09-18 09:46:37.060000,407.8299251470613,15
2024-09-18 09:46:37.216000,407.7845316296312,101
2024-09-18 09:46:37.248000,407.7526693712864,96
2024-09-18 09:46:37.280000,407.8060099509749,15
2024-09-18 09:46:37.317000,407.8035289734629,102
2024-09-18 09:46:37.344000,407.7667634610319,105
2024-09-18 09:46:37.348000,407.8008639570797,997
2024-09-18 09:46:37.439000,407.7425435327482,997
2024-09-18 09:46:37.462000,407.81570884863794,15
2024-09-18 09:46:37.511000,407.765300768099,103
2024-09-18 09:46:37.657000,407.8212075036406,10
2024-09-18 09:46:37.688000,407.792500865605,9
2024-09-18 09:46:37.726000,407.7987748072383,1002
2024-09-18 09:46:37.734000,407.7654201474871,1005
2024-09-18 09:46:37.744000,407.7796351790258,6
2024-09-18 09:46:37.749000,407.7847869860821,104
2024-09-18 09:46:37.840000,407.7775421812037,8
2024-09-18 09:46:37.855000,407.754987661697,103
2024-09-18 09:46:37.942000,407.7496807263558,999
2024-09-18 09:46:37.958000,407.75825506503054,7
2024-09-18 09:46:37.989000,407.7685777483561,99
2024-09-18 09:46:38.009000,407.8234158957112,998
2024-09-18 09:46:38.148000,407.8245732492941,95
2024-09-18 09:46:38.290000,407.8295892693853,9
2024-09-18 09:46:38.796000,407.8351141402626,6
2024-09-18 09:46:38.801000,407.81596318339047,998
2024-09-18 09:46:38.910000,407.80317800917055,6
2024-09-18 09:46:38.947000,407.82318100999726,998
2024-09-18 09:46:39.102000,407.8246133433583,1003
2024-09-18 09:46:39.156000,407.7827598976253,1001
2024-09-18 09:46:39.279000,407.7816812016516,997
2024-09-18 09:46:39.388000,407.79712072692575,996
2024-09-18 09:46:39.482000,407.8034845189727,101
2024-09-18 09:46:39.689000,407.80092080357423,7
2024-09-18 09:46:39.695000,407.7975154367542,1005
2024-09-18 09:46:40.001000,407.7739788320096,6
2024-09-18 09:46:40.004000,407.8095684224133,12
2024-09-18 09:46:40.011000,407.7526854364999,95
2024-09-18 09:46:40.082000,407.7683075258504,6
2024-09-18 09:46:40.165000,407.78199545684254,96
2024-09-18 09:46:40.196000,407.7600427013913,11
2024-09-18 09:46:40.226000,407.749111563288,999
2024-09-18 09:46:40.241000,407.72972539747207,996
2024-09-18 09:46:40.266000,407.7393243618919,102
2024-09-18 09:46:40.313000,407.78443779024366,101
2024-09-18 09:46:40.330000,407.7987458359856,96
2024-09-18 09:46:40.348000,407.7491227571625,5
2024-09-18 09:46:40.425000,407.74331886790304,12
2024-09-18 09:46:40.454000,407.73242504115456,1000
2024-09-18 09:46:40.536000,407.7696480989058,11
2024-09-18 09:46:40.557000,407.7683139702325,1001
2024-09-18 09:46:40.558000,407.7244167082454,100
2024-09-18 09:46:40.562000,407.74333718821686,96
2024-09-18 09:46:40.643000,407.7628103913192,1002
2024-09-18 09:46:40.666000,407.7432512357635,1004
2024-09-18 09:46:40.670000,407.7114398137527,96
2024-09-18 09:46:40.689000,407.7372554438652,105
2024-09-18 09:46:40.700000,407.7173002540844,5
2024-09-18 09:46:40.743000,407.7382663238375,104
2024-09-18 09:46:40.792000,407.7482088737698,995
2024-09-18 09:46:40.853000,407.7968274531036,105
2024-09-18 09:46:40.919000,407.7889658481625,1003
2024-09-18 09:46:40.979000,407.73558032984073,104
2024-09-18 09:46:41.028000,407.72097062118974,997
2024-09-18 09:46:41.317000,407.6930766324081,1002
2024-09-18 09:46:41.365000,407.7350957146817,998
2024-09-18 09:46:41.481000,407.719441978893,1002
2024-09-18 09:46:41.783000,407.7397578585996,13
2024-09-18 09:46:41.818000,407.7499292768832,1000
2024-09-18 09:46:41.891000,407.7455439902526,97
2024-09-18 09:46:41.953000,407.71447673851486,1000
2024-09-18 09:46:41.962000,407.7380642524973,5
2024-09-18 09:46:41.998000,407.72571096994784,15
2024-09-18 09:46:42.226000,407.6662309960272,9
2024-09-18 09:46:42.337000,407.68895411531975,14
2024-09-18 09:46:42.504000,407.6826545114408,14
2024-09-18 09:46:42.538000,407.67541759687305,995
2024-09-18 09:46:42.859000,407.6838520147237,1002
2024-09-18 09:46:42.914000,407.6649715987849,12
2024-09-18 09:46:43.024000,407.7343476898888,999
2024-09-18 09:46:43.077000,407.7363241322335,15
2024-09-18 09:46:43.138000,407.7279466751488,99
2024-09-18 09:46:43.147000,407.6581280153572,6
2024-09-18 09:46:43.245000,407.7081779675835,995
2024-09-18 09:46:43.254000,407.7421016335181,1003
2024-09-18 09:46:43.283000,407.73482020795177,8
2024-09-18 09:46:43.285000,407.7422754304845,998
2024-09-18 09:46:43.331000,407.74261746082425,999
2024-09-18 09:46:43.387000,407.7179777037467,13
2024-09-18 09:46:43.393000,407.6899042520208,11
2024-09-18 09:46:43.418000,407.69691750336005,8
2024-09-18 09:46:43.430000,407.7224001921327,98
2024-09-18 09:46:43.438000,407.7546531497287,996
2024-09-18 09:46:43.573000,407.7285365898776,97
2024-09-18 09:46:43.584000,407.707451526879,10
2024-09-18 09:46:43.616000,407.694924015816,105
2024-09-18 09:46:43.618000,407.7388176206829,99
2024-09-18 09:46:43.691000,407.66957278380966,98
2024-09-18 09:46:43.741000,407.7045748165907,105
2024-09-18 09:46:43.782000,407.735467704166,7
2024-09-18 09:46:43.789000,407.7215071296607,12
2024-09-18 09:46:43.821000,407.6675573225564,7
2024-09-18 09:46:43.923000,407.7388503650354,103
2024-09-18 09:46:43.945000,407.7402672871145,6
2024-09-18 09:46:43.967000,407.7067033369984,13
2024-09-18 09:46:43.995000,407.75114781768366,5
2024-09-18 09:46:44.081000,407.75076784470286,1003
2024-09-18 09:46:44.100000,407.7023241955392,104
2024-09-18 09:46:44.112000,407.7238450345995,97
2024-09-18 09:46:44.125000,407.7585104579812,101
2024-09-18 09:46:44.180000,407.73773503319416,1005
2024-09-18 09:46:44.249000,407.7683212731257,105
2024-09-18 09:46:44.342000,407.7642897637057,1001
2024-09-18 09:46:44.345000,407.7539043303129,1001
2024-09-18 09:46:44.524000,407.7359649840208,104
2024-09-18 09:46:44.553000,407.7440755586383,7
2024-09-18 09:46:44.617000,407.7108701402566,6
2024-09-18 09:46:44.639000,407.69355635724605,6
2024-09-18 09:46:44.641000,407.73346690204346,105
2024-09-18 09:46:44.685000,407.7094378462128,103
2024-09-18 09:46:44.688000,407.75516418180337,7
2024-09-18 09:46:44.705000,407.74020319838974,101
2024-09-18 09:46:44.730000,407.7414273849304,5
2024-09-18 09:46:44.791000,407.7483020533543,1004
2024-09-18 09:46:44.816000,407.7343268351922,15
2024-09-18 09:46:44.936000,407.76552482079205,102
2024-09-18 09:46:44.939000,407.7385108278216,11
2024-09-18 09:46:45.489000,407.737314639898,10
2024-09-18 09:46:46.017000,407.7548870704227,97
2024-09-18 09:46:46.036000,407.76233510998287,100
2024-09-18 09:46:46.074000,407.7738888504492,1000
2024-09-18 09:46:46.122000,407.7277541197094,1004
2024-09-18 09:46:46.173000,407.77457803848233,1001
2024-09-18 09:46:46.190000,407.7454497042082,101
2024-09-18 09:46:46.227000,407.7617769108088,105
2024-09-18 09:46:46.256000,407.76313787676855,97
2024-09-18 09:46:46.260000,407.7909011939842,12
2024-09-18 09:46:46.272000,407.7557971153162,6
2024-09-18 09:46:46.292000,407.7640404839688,996
2024-09-18 09:46:46.338000,407.7367432818263,6
2024-09-18 09:46:46.436000,407.7526934005492,1002
2024-09-18 09:46:46.471000,407.7363512621316,14
2024-09-18 09:46:46.477000,407.7629429682061,1001
2024-09-18 09:46:46.477000,407.7531897173403,13
2024-09-18 09:46:46.493000,407.7383395404397,100
2024-09-18 09:46:46.531000,407.72922445813657,1005
2024-09-18 09:46:46.538000,407.7411101008116,101
2024-09-18 09:46:46.554000,407.7562942091385,1004
2024-09-18 09:46:46.569000,407.7380281807942,1000
2024-09-18 09:46:46.653000,407.74400516208055,9
2024-09-18 09:46:46.722000,407.7762352634006,999
2024-09-18 09:46:46.723000,407.7289728535217,96
2024-09-18 09:46:46.739000,407.7534353530799,103
2024-09-18 09:46:46.830000,407.7286522612743,95
2024-09-18 09:46:46.885000,407.7379375183852,11
2024-09-18 09:46:46.898000,407.7252207452145,1001
2024-09-18 09:46:46.942000,407.7512379007608,8
2024-09-18 09:46:47.222000,407.7802119519085,10
2024-09-18 09:46:47.311000,407.7830670882891,997
2024-09-18 09:46:47.497000,407.7678837687695,11
2024-09-18 09:46:48.030000,407.72111082978086,1001
2024-09-18 09:46:48.048000,407.74511087581993,10
2024-09-18 09:46:48.049000,407.6663597125931,13
2024-09-18 09:46:48.079000,407.7165745085287,100
2024-09-18 09:46:48.166000,407.7262512880724,15
2024-09-18 09:46:48.255000,407.6700819643884,8
2024-09-18 09:46:48.327000,407.7131717047323,996
2024-09-18 09:46:48.328000,407.6941072135336,9
2024-09-18 09:46:48.333000,407.7113709509427,1004
2024-09-18 09:46:48.336000,407.7017216092796,999
2024-09-18 09:46:48.418000,407.6903628606595,96
2024-09-18 09:46:48.480000,407.7089898955725,997
2024-09-18 09:46:48.490000,407.7105299574336,15
2024-09-18 09:46:48.548000,407.68170317129113,1005
2024-09-18 09:46:48.587000,407.69996506207775,997
2024-09-18 09:46:48.632000,407.70924839459,995
2024-09-18 09:46:48.653000,407.6776661405328,98
2024-09-18 09:46:48.665000,407.7004679084817,1001
2024-09-18 09:46:48.710000,407.7457801388331,97
2024-09-18 09:46:48.808000,407.69045994598,98
2024-09-18 09:46:48.824000,407.7539217626762,12
2024-09-18 09:46:48.929000,407.7033182724842,104
2024-09-18 09:46:48.933000,407.7706579015954,104
2024-09-18 09:46:48.955000,407.7314034378224,98
2024-09-18 09:46:48.985000,407.6767166572678,105
2024-09-18 09:46:49.154000,407.7188999973236,14
2024-09-18 09:46:49.258000,407.7071028026591,101
2024-09-18 09:46:49.268000,407.6613099693201,998
2024-09-18 09:46:49.274000,407.6821355321376,101
2024-09-18 09:46:49.282000,407.6857060146241,10
2024-09-18 09:46:49.333000,407.6783665566944,998
2024-09-18 09:46:49.351000,407.691371928501,104
2024-09-18 09:46:49.399000,407.6761155012752,997
2024-09-18 09:46:49.430000,407.66827234934914,8
2024-09-18 09:46:49.440000,407.6725839987756,998
2024-09-18 09:46:49.490000,407.7019665946952,96
2024-09-18 09:46:49.540000,407.6698871075759,98
2024-09-18 09:46:49.583000,407.6980928498472,7
2024-09-18 09:46:49.610000,407.6815904618,997
2024-09-18 09:46:49.619000,407.6717808664059,15
2024-09-18 09:46:49.662000,407.6869566875972,997
2024-09-18 09:46:49.688000,407.70587458292056,11
2024-09-18 09:46:49.714000,407.7018138985951,99
2024-09-18 09:46:49.758000,407.67274285197584,12
2024-09-18 09:46:49.769000,407.70972041797273,996
2024-09-18 09:46:49.841000,407.72046174953886,14
2024-09-18 09:46:49.887000,407.6901592331167,96
2024-09-18 09:46:50.298000,407.7269984217364,996
2024-09-18 09:46:50.341000,407.7150448329505,5
2024-09-18 09:46:50.395000,407.7099549636804,997
2024-09-18 09:46:50.413000,407.7376944185168,1002
2024-09-18 09:46:50.422000,407.7265478622936,1004
2024-09-18 09:46:50.555000,407.7458599418034,104
2024-09-18 09:46:50.573000,407.7403551779707,1000
2024-09-18 09:46:50.614000,407.72991436201687,96
2024-09-18 09:46:50.659000,407.7263404693225,995
2024-09-18 09:46:50.799000,407.72403551059296,6
2024-09-18 09:46:50.911000,407.72486536090975,1002
2024-09-18 09:46:50.914000,407.7216739549539,101
2024-09-18 09:46:50.959000,407.7299806274941,6
2024-09-18 09:46:51.018000,407.779388388362,102
2024-09-18 09:46:51.098000,407.7721024974312,1000
2024-09-18 09:46:51.135000,407.7692935633304,999
2024-09-18 09:46:51.155000,407.72412975960657,1001
2024-09-18 09:46:51.158000,407.7795473463003,95
2024-09-18 09:46:51.263000,407.7814048338008,13
2024-09-18 09:46:51.425000,407.7698655551175,995
2024-09-18 09:46:51.488000,407.74153683383423,1001
2024-09-18 09:46:51.719000,407.7731489699969,996
2024-09-18 09:46:51.731000,407.7276774511103,999
2024-09-18 09:46:51.808000,407.7465974297732,103
2024-09-18 09:46:51.920000,407.7858434750538,10
2024-09-18 09:46:52.042000,407.71450947128704,997
2024-09-18 09:46:52.079000,407.75442553667,14
2024-09-18 09:46:52.082000,407.75712841725016,103
2024-09-18 09:46:52.120000,407.7656213565838,9
2024-09-18 09:46:52.212000,407.7679746068103,101
2024-09-18 09:46:52.234000,407.76462636126087,8
2024-09-18 09:46:52.280000,407.709281024126,95
2024-09-18 09:46:52.364000,407.78470414160086,95
2024-09-18 09:46:52.373000,407.69520330239817,12
2024-09-18 09:46:52.436000,407.8049060054102,1004
2024-09-18 09:46:52.532000,407.7697363515749,104
2024-09-18 09:46:52.619000,407.72339736134,98
2024-09-18 09:46:52.638000,407.6846084783652,101
2024-09-18 09:46:52.665000,407.6909391285756,99
2024-09-18 09:46:52.743000,407.69361684145633,98
2024-09-18 09:46:52.764000,407.6828672767732,9
2024-09-18 09:46:52.889000,407.7703558965048,8
2024-09-18 09:46:52.905000,407.7222934790323,98
2024-09-18 09:46:52.923000,407.7133508729716,100
2024-09-18 09:46:52.964000,407.7484649816434,6
2024-09-18 09:46:52.970000,407.67870699871406,12
2024-09-18 09:46:53.031000,407.7560247090638,10
2024-09-18 09:46:53.037000,407.7332794344021,104
2024-09-18 09:46:53.049000,407.67773470822107,102
2024-09-18 09:46:53.055000,407.7448965236951,7
2024-09-18 09:46:53.059000,407.6778956235228,6
2024-09-18 09:46:53.145000,407.7399480327289,996
2024-09-18 09:46:53.151000,407.6994763306489,99
2024-09-18 09:46:53.207000,407.7277150770449,102
2024-09-18 09:46:53.209000,407.7416874963384,13
2024-09-18 09:46:53.354000,407.68876194539087,1005
2024-09-18 09:46:53.422000,407.6883020959263,1005
2024-09-18 09:46:53.505000,407.7280161663053,13
2024-09-18 09:46:53.547000,407.66785055576815,1005
2024-09-18 09:46:53.632000,407.71387753537664,1003
2024-09-18 09:46:53.645000,407.718438565025,9
2024-09-18 09:46:53.657000,407.7314414463064,15
2024-09-18 09:46:53.693000,407.7311410116152,15
2024-09-18 09:46:53.788000,407.68445225634014,95
2024-09-18 09:46:53.851000,407.6941993211237,6
2024-09-18 09:46:53.920000,407.6938402914973,999
2024-09-18 09:46:53.964000,407.6804478044112,9
2024-09-18 09:46:53.975000,407.72268375571633,996
2024-09-18 09:46:54.034000,407.7519173997231,998
2024-09-18 09:46:54.162000,407.71945433690615,105
2024-09-18 09:46:54.248000,407.7315349090571,96
2024-09-18 09:46:54.304000,407.747115317424,96
2024-09-18 09:46:54.579000,407.7323561801954,99
2024-09-18 09:46:54.641000,407.7317541271841,6
2024-09-18 09:46:54.831000,407.7399062459791,101
2024-09-18 09:46:54.842000,407.7297547839507,104
2024-09-18 09:46:54.843000,407.7209279653715,996
2024-09-18 09:46:54.899000,407.73893552816327,9
2024-09-18 09:46:54.957000,407.7362019093173,103
2024-09-18 09:46:54.980000,407.7359793270776,11
2024-09-18 09:46:55.015000,407.7125477604709,1003
2024-09-18 09:46:55.029000,407.7033987570065,8
2024-09-18 09:46:55.033000,407.7252030100872,6
2024-09-18 09:46:55.041000,407.6764951304773,999
2024-09-18 09:46:55.070000,407.7530907797251,99
2024-09-18 09:46:55.204000,407.6746309159507,1004
2024-09-18 09:46:55.241000,407.7280632933062,11
2024-09-18 09:46:55.267000,407.6656763674666,995
2024-09-18 09:46:55.305000,407.6546236849183,99
2024-09-18 09:46:55.323000,407.6830483230865,1001
2024-09-18 09:46:55.746000,407.7414122981245,103
2024-09-18 09:46:55.973000,407.6725017976042,6
2024-09-18 09:46:56.149000,407.6497015475131,98
2024-09-18 09:46:56.479000,407.6441927703309,14
2024-09-18 09:46:56.851000,407.6633635181759,102
2024-09-18 09:46:56.909000,407.6489668740876,1000
2024-09-18 09:46:57.041000,407.6896423657991,13
2024-09-18 09:46:57.081000,407.6959339924682,1000
2024-09-18 09:46:57.120000,407.66940562083846,13
2024-09-18 09:46:57.208000,407.6629748903408,1002
2024-09-18 09:46:57.218000,407.6349741882418,105
2024-09-18 09:46:57.273000,407.6844933142925,98
2024-09-18 09:46:57.285000,407.6779903526119,1002
2024-09-18 09:46:57.332000,407.6796901635825,101
2024-09-18 09:46:57.352000,407.6888695815551,105
2024-09-18 09:46:57.393000,407.66278259478287,7
2024-09-18 09:46:57.426000,407.68430067840296,102
2024-09-18 09:46:57.429000,407.69276883651656,995
2024-09-18 09:46:57.625000,407.6996430465947,103
2024-09-18 09:46:57.632000,407.6895721273016,105
2024-09-18 09:46:57.643000,407.66324129009234,7
2024-09-18 09:46:57.654000,407.6475511116602,6
2024-09-18 09:46:57.666000,407.68869156815526,101
2024-09-18 09:46:57.682000,407.6798725147296,11
2024-09-18 09:46:57.754000,407.6464883845737,95
2024-09-18 09:46:57.826000,407.6830290195214,103
2024-09-18 09:46:57.873000,407.6786139352792,1000
2024-09-18 09:46:57.890000,407.6550336818051,102
2024-09-18 09:46:57.917000,407.65674051518766,12
2024-09-18 09:46:57.940000,407.6666609546954,7
2024-09-18 09:46:57.978000,407.6832776538244,1005
2024-09-18 09:46:58.039000,407.6612468321654,5
2024-09-18 09:46:58.134000,407.63859209492256,96
2024-09-18 09:46:58.323000,407.6507033022498,100
2024-09-18 09:46:58.399000,407.6412496569338,7
2024-09-18 09:46:58.508000,407.6305243083555,1002
2024-09-18 09:46:58.770000,407.6457761664738,5
2024-09-18 09:46:58.917000,407.6480063029091,5
2024-09-18 09:46:58.920000,407.6227056958367,13
2024-09-18 09:46:58.936000,407.63738928637247,104
2024-09-18 09:46:59.104000,407.6560126445154,9
2024-09-18 09:46:59.126000,407.65531700696033,102
2024-09-18 09:46:59.299000,407.63942587830593,7
2024-09-18 09:46:59.489000,407.636574717374,101
2024-09-18 09:46:59.860000,407.6476956517104,1004
