Timestamp,Price,Size
2024-09-18 12:25:00.015000,415.5150933190413,96
2024-09-18 12:25:00.020000,415.5508429580773,11
2024-09-18 12:25:00.044000,415.4989278050523,8
2024-09-18 12:25:00.070000,415.5065474440341,998
2024-09-18 12:25:00.090000,415.494822507377,98
2024-09-18 12:25:00.101000,415.5507337002807,98
2024-09-18 12:25:00.125000,415.5211981218496,1000
2024-09-18 12:25:00.128000,415.50724980521727,104
2024-09-18 12:25:00.174000,415.5526328771082,10
2024-09-18 12:25:00.214000,415.558028558968,9
2024-09-18 12:25:00.226000,415.5407934732685,12
2024-09-18 12:25:00.242000,415.487646672963,998
2024-09-18 12:25:00.287000,415.4782851643764,15
2024-09-18 12:25:00.331000,415.46429526757424,105
2024-09-18 12:25:00.340000,415.5380628797884,1001
2024-09-18 12:25:00.355000,415.4892547066929,101
2024-09-18 12:25:00.366000,415.46176732471406,101
2024-09-18 12:25:00.532000,415.5303571969593,13
2024-09-18 12:25:00.596000,415.4701129794858,13
2024-09-18 12:25:00.685000,415.4539626132549,1001
2024-09-18 12:25:00.734000,415.4767228421584,95
2024-09-18 12:25:00.772000,415.5114345999684,10
2024-09-18 12:25:00.867000,415.537154686124,103
2024-09-18 12:25:00.868000,415.5503707222913,997
2024-09-18 12:25:00.899000,415.5302111806919,996
2024-09-18 12:25:00.900000,415.4976927425935,997
2024-09-18 12:25:00.902000,415.4990201701786,98
2024-09-18 12:25:00.902000,415.5689805812127,1004
2024-09-18 12:25:00.913000,415.5511370104455,1003
2024-09-18 12:25:00.934000,415.5168942101189,104
2024-09-18 12:25:01.144000,415.5693546407784,104
2024-09-18 12:25:01.186000,415.5480173098833,997
2024-09-18 12:25:01.289000,415.55462548417415,1002
2024-09-18 12:25:01.390000,415.5804029153535,105
2024-09-18 12:25:01.472000,415.5797691008247,105
2024-09-18 12:25:01.557000,415.5445194624877,7
2024-09-18 12:25:02.102000,415.5680084420508,14
2024-09-18 12:25:02.156000,415.5713647636495,9
2024-09-18 12:25:02.192000,415.61233538689,1002
2024-09-18 12:25:02.242000,415.6069030163445,13
2024-09-18 12:25:02.285000,415.5604238651549,10
2024-09-18 12:25:02.329000,415.6042335757508,99
2024-09-18 12:25:02.409000,415.5953181438863,1003
2024-09-18 12:25:02.432000,415.5652900452917,12
2024-09-18 12:25:02.433000,415.57568565773454,998
2024-09-18 12:25:02.604000,415.5709960503525,998
2024-09-18 12:25:02.682000,415.5708879523005,96
2024-09-18 12:25:02.695000,415.5927129924711,104
2024-09-18 12:25:02.896000,415.56885306368656,995
2024-09-18 12:25:02.940000,415.615066404744,1001
2024-09-18 12:25:03.455000,415.6141578896182,5
2024-09-18 12:25:03.858000,415.5902175453436,14
2024-09-18 12:25:04.029000,415.5530606304641,13
2024-09-18 12:25:04.050000,415.4900421946075,105
2024-09-18 12:25:04.079000,415.5349605880304,12
2024-09-18 12:25:04.081000,415.60772009770136,11
2024-09-18 12:25:04.215000,415.5376828337694,1001
2024-09-18 12:25:04.241000,415.4572737767133,5
2024-09-18 12:25:04.404000,415.4743513951631,996
2024-09-18 12:25:04.419000,415.5426456460704,996
2024-09-18 12:25:04.476000,415.4991298618948,8
2024-09-18 12:25:04.513000,415.53986240494834,998
2024-09-18 12:25:04.610000,415.5954274533616,95
2024-09-18 12:25:04.624000,415.4517753919155,1004
2024-09-18 12:25:04.719000,415.4338187681442,95
2024-09-18 12:25:04.724000,415.5757842511452,996
2024-09-18 12:25:04.765000,415.4389768364067,996
2024-09-18 12:25:04.780000,415.5091931712298,14
2024-09-18 12:25:04.806000,415.5479920375696,11
2024-09-18 12:25:04.844000,415.4292569334039,5
2024-09-18 12:25:04.970000,415.5523661996736,7
2024-09-18 12:25:05.572000,415.4329934276114,7
2024-09-18 12:25:06.135000,415.4275692780021,103
2024-09-18 12:25:06.164000,415.4226272913796,97
2024-09-18 12:25:06.221000,415.41579941921856,1002
2024-09-18 12:25:06.603000,415.4273332259671,100
2024-09-18 12:25:06.617000,415.445424662011,1002
2024-09-18 12:25:06.678000,415.3805873200989,98
2024-09-18 12:25:06.703000,415.41655587507967,995
2024-09-18 12:25:06.738000,415.4031199785997,1005
2024-09-18 12:25:06.745000,415.40633704685104,8
2024-09-18 12:25:06.747000,415.4192043552575,102
2024-09-18 12:25:06.767000,415.435660878622,995
2024-09-18 12:25:06.776000,415.4407805289456,1002
2024-09-18 12:25:06.946000,415.4144830689176,103
2024-09-18 12:25:06.959000,415.4212617319719,105
2024-09-18 12:25:06.989000,415.4120390404984,1000
2024-09-18 12:25:07.159000,415.3648855435263,7
2024-09-18 12:25:07.242000,415.38275357319424,1004
2024-09-18 12:25:07.346000,415.362715434302,998
2024-09-18 12:25:07.394000,415.3881763608362,105
2024-09-18 12:25:07.485000,415.3767440954201,998
2024-09-18 12:25:07.543000,415.369808233836,8
2024-09-18 12:25:07.658000,415.36198474552,1005
2024-09-18 12:25:07.825000,415.3774121575257,99
2024-09-18 12:25:08.059000,415.3700142280584,104
2024-09-18 12:25:08.079000,415.3183230315695,95
2024-09-18 12:25:08.135000,415.2425706403454,105
2024-09-18 12:25:08.138000,415.3590067313374,11
2024-09-18 12:25:08.162000,415.2248868805419,1003
2024-09-18 12:25:08.221000,415.3109400705589,11
2024-09-18 12:25:08.264000,415.3383247501772,995
2024-09-18 12:25:08.307000,415.3174249539792,14
2024-09-18 12:25:08.349000,415.3472830133943,99
2024-09-18 12:25:08.381000,415.3043785881181,100
2024-09-18 12:25:08.402000,415.3234078383173,12
2024-09-18 12:25:08.438000,415.2230568931897,998
2024-09-18 12:25:08.441000,415.365281720338,12
2024-09-18 12:25:08.462000,415.2745786687415,1001
2024-09-18 12:25:08.544000,415.324202982198,1000
2024-09-18 12:25:08.550000,415.232984610548,1000
2024-09-18 12:25:08.604000,415.3256481886109,7
2024-09-18 12:25:08.632000,415.2952106825262,1002
2024-09-18 12:25:08.710000,415.3243604749451,102
2024-09-18 12:25:08.723000,415.2838762118981,999
2024-09-18 12:25:08.725000,415.36932183914354,10
2024-09-18 12:25:08.782000,415.3006441222559,98
2024-09-18 12:25:08.850000,415.3094385472667,15
2024-09-18 12:25:08.894000,415.2546881054458,1000
2024-09-18 12:25:08.927000,415.3569061656048,6
2024-09-18 12:25:08.929000,415.3047838373875,12
2024-09-18 12:25:08.984000,415.23678982872417,13
2024-09-18 12:25:09.003000,415.22006268314175,104
2024-09-18 12:25:09.051000,415.2305225931369,10
2024-09-18 12:25:09.056000,415.219269710786,101
2024-09-18 12:25:09.146000,415.2225346129098,102
2024-09-18 12:25:09.186000,415.2304859466344,96
2024-09-18 12:25:09.282000,415.225493476211,995
2024-09-18 12:25:09.292000,415.2354281927534,12
2024-09-18 12:25:09.341000,415.2150602118504,98
2024-09-18 12:25:09.370000,415.2345106844686,1005
2024-09-18 12:25:09.431000,415.2262467156819,101
2024-09-18 12:25:09.573000,415.2208130131857,104
2024-09-18 12:25:09.639000,415.23368541535183,12
2024-09-18 12:25:09.691000,415.22473738803046,15
2024-09-18 12:25:09.691000,415.2268089696437,1001
2024-09-18 12:25:09.706000,415.2065253009566,13
2024-09-18 12:25:09.753000,415.2145437217204,9
2024-09-18 12:25:09.763000,415.23130750406926,104
2024-09-18 12:25:09.780000,415.2310669686508,5
2024-09-18 12:25:09.819000,415.2209524138008,101
2024-09-18 12:25:10.016000,415.224502513538,102
2024-09-18 12:25:10.222000,415.22892730779256,103
2024-09-18 12:25:10.294000,415.2328158121682,1002
2024-09-18 12:25:10.422000,415.2272735189321,98
2024-09-18 12:25:10.466000,415.2209662973316,103
2024-09-18 12:25:10.700000,415.22370238255553,1000
2024-09-18 12:25:10.926000,415.2179131341012,103
2024-09-18 12:25:11.005000,415.1962795042056,1004
2024-09-18 12:25:11.101000,415.2261391407072,12
2024-09-18 12:25:11.111000,415.2547918886197,104
2024-09-18 12:25:11.176000,415.2086091750393,9
2024-09-18 12:25:11.187000,415.2143301702531,97
2024-09-18 12:25:11.200000,415.2944098772295,100
2024-09-18 12:25:11.228000,415.263642937094,103
2024-09-18 12:25:11.269000,415.2409201331879,12
2024-09-18 12:25:11.304000,415.292535843074,1004
2024-09-18 12:25:11.434000,415.2964830027008,101
2024-09-18 12:25:11.440000,415.2969644739875,11
2024-09-18 12:25:11.471000,415.2842084645691,998
2024-09-18 12:25:11.496000,415.20514517743777,105
2024-09-18 12:25:11.526000,415.2267959263519,99
2024-09-18 12:25:11.579000,415.2917763092691,1005
2024-09-18 12:25:11.581000,415.27941398172766,10
2024-09-18 12:25:11.581000,415.2031550515878,995
2024-09-18 12:25:11.585000,415.2184048262104,8
2024-09-18 12:25:11.624000,415.21174075972095,7
2024-09-18 12:25:11.629000,415.22973469827815,10
2024-09-18 12:25:11.731000,415.1958580812346,999
2024-09-18 12:25:11.736000,415.20503958834144,999
2024-09-18 12:25:11.809000,415.2144520391798,9
2024-09-18 12:25:11.824000,415.28442107839294,998
2024-09-18 12:25:11.883000,415.276095188842,1005
2024-09-18 12:25:11.936000,415.2281276134552,997
2024-09-18 12:25:12.161000,415.3657554448423,1001
2024-09-18 12:25:12.181000,415.3680516177355,100
2024-09-18 12:25:12.235000,415.3230770917244,103
2024-09-18 12:25:12.292000,415.2966388635426,995
2024-09-18 12:25:12.336000,415.3772844251524,15
2024-09-18 12:25:12.379000,415.2922430703349,11
2024-09-18 12:25:12.685000,415.2811383139417,101
2024-09-18 12:25:12.849000,415.2858788450262,98
2024-09-18 12:25:12.869000,415.2856457206538,1005
2024-09-18 12:25:12.899000,415.3573479394111,104
2024-09-18 12:25:12.919000,415.37177381503056,7
2024-09-18 12:25:13.245000,415.3565445365388,104
2024-09-18 12:25:13.474000,415.34182713926566,6
2024-09-18 12:25:13.731000,415.3413092847964,100
2024-09-18 12:25:13.771000,415.3541660324468,996
2024-09-18 12:25:13.792000,415.3337484857189,96
2024-09-18 12:25:13.931000,415.3375934543101,11
2024-09-18 12:25:14.046000,415.3084972326953,996
2024-09-18 12:25:14.105000,415.2549667441668,1003
2024-09-18 12:25:14.310000,415.28723653010974,995
2024-09-18 12:25:14.357000,415.3116573681659,7
2024-09-18 12:25:14.361000,415.2853255090746,1005
2024-09-18 12:25:14.440000,415.2811601766854,11
2024-09-18 12:25:14.513000,415.26128293392,10
2024-09-18 12:25:14.578000,415.315519065159,12
2024-09-18 12:25:14.583000,415.2917190964883,14
2024-09-18 12:25:14.591000,415.25176171227565,998
2024-09-18 12:25:14.645000,415.299384513174,105
2024-09-18 12:25:14.683000,415.3004895825482,13
2024-09-18 12:25:15.017000,415.2808448256003,102
2024-09-18 12:25:15.037000,415.3052495834697,12
2024-09-18 12:25:15.083000,415.22934485111256,1005
2024-09-18 12:25:15.120000,415.2544734232769,95
2024-09-18 12:25:15.150000,415.2322801744661,1003
2024-09-18 12:25:15.176000,415.27215150436535,1003
2024-09-18 12:25:15.189000,415.26240897628793,1005
2024-09-18 12:25:15.239000,415.2087832355484,9
2024-09-18 12:25:15.250000,415.2728455006968,999
2024-09-18 12:25:15.268000,415.2242293133359,102
2024-09-18 12:25:15.272000,415.2065360755707,100
2024-09-18 12:25:15.283000,415.3101001173405,1000
2024-09-18 12:25:15.316000,415.2292637036474,1004
2024-09-18 12:25:15.581000,415.2357189463885,10
2024-09-18 12:25:15.601000,415.2900971977776,97
2024-09-18 12:25:15.603000,415.2271600214689,96
2024-09-18 12:25:15.617000,415.2254726642996,996
2024-09-18 12:25:15.637000,415.23130777518384,104
2024-09-18 12:25:15.642000,415.2637698630842,99
2024-09-18 12:25:15.653000,415.2715368892333,5
2024-09-18 12:25:15.691000,415.2298394643103,7
2024-09-18 12:25:15.714000,415.2747145588937,102
2024-09-18 12:25:15.733000,415.2800249491425,103
2024-09-18 12:25:15.757000,415.2262113433165,1003
2024-09-18 12:25:15.810000,415.29139591004406,1003
2024-09-18 12:25:15.984000,415.2539344238252,104
2024-09-18 12:25:16.113000,415.1951207755122,15
2024-09-18 12:25:16.206000,415.20963082871504,13
2024-09-18 12:25:16.271000,415.2383791992412,7
2024-09-18 12:25:16.365000,415.18936847980206,15
2024-09-18 12:25:16.400000,415.1870585133368,13
2024-09-18 12:25:16.451000,415.2703948347445,104
2024-09-18 12:25:16.475000,415.1733258973962,1002
2024-09-18 12:25:16.512000,415.1848261778739,101
2024-09-18 12:25:16.535000,415.178068541446,999
2024-09-18 12:25:16.626000,415.2667664187934,102
2024-09-18 12:25:16.690000,415.2579350680925,1002
2024-09-18 12:25:16.829000,415.26493505906535,1002
2024-09-18 12:25:16.897000,415.1893125104321,103
2024-09-18 12:25:16.909000,415.2538512857297,101
2024-09-18 12:25:16.952000,415.21841457836695,997
2024-09-18 12:25:18.020000,415.24351910195946,14
2024-09-18 12:25:18.131000,415.2785312516408,1003
2024-09-18 12:25:18.144000,415.2765475819008,101
2024-09-18 12:25:18.301000,415.2678633961805,10
2024-09-18 12:25:18.340000,415.2759289113562,997
2024-09-18 12:25:18.359000,415.255224136382,12
2024-09-18 12:25:18.757000,415.2527747078835,10
2024-09-18 12:25:18.779000,415.2597943463973,997
2024-09-18 12:25:18.780000,415.27157200376,996
2024-09-18 12:25:19.222000,415.3202284441941,1003
2024-09-18 12:25:19.426000,415.2903047325003,103
2024-09-18 12:25:19.430000,415.2973044118504,11
2024-09-18 12:25:19.585000,415.33079831878894,6
2024-09-18 12:25:19.617000,415.3176734334458,6
2024-09-18 12:25:19.733000,415.28889062476304,1003
2024-09-18 12:25:19.752000,415.3248924154578,1003
2024-09-18 12:25:19.758000,415.2886350714986,99
2024-09-18 12:25:19.834000,415.2858717250263,1000
2024-09-18 12:25:19.987000,415.292974983294,105
2024-09-18 12:25:20.032000,415.3121712156576,1003
2024-09-18 12:25:20.164000,415.2939731895892,995
2024-09-18 12:25:20.346000,415.3248301718065,101
2024-09-18 12:25:20.499000,415.26874083748334,14
2024-09-18 12:25:20.503000,415.2776999139877,9
2024-09-18 12:25:20.936000,415.2831808847971,9
2024-09-18 12:25:21.013000,415.2995341718861,1002
2024-09-18 12:25:21.090000,415.3015235596757,995
2024-09-18 12:25:21.113000,415.3179968592549,101
2024-09-18 12:25:21.148000,415.3095510493191,104
2024-09-18 12:25:21.149000,415.3511537748315,999
2024-09-18 12:25:21.168000,415.30140894612987,99
2024-09-18 12:25:21.225000,415.3099137222412,1005
2024-09-18 12:25:21.342000,415.3233517320072,14
2024-09-18 12:25:21.452000,415.33331116628335,9
2024-09-18 12:25:21.491000,415.3135936654976,6
2024-09-18 12:25:21.663000,415.3338640349634,105
2024-09-18 12:25:21.759000,415.3316446473507,101
2024-09-18 12:25:21.804000,415.3241345224669,15
2024-09-18 12:25:21.805000,415.3160007578361,7
2024-09-18 12:25:21.898000,415.31708853986737,97
2024-09-18 12:25:21.992000,415.2951307647557,14
2024-09-18 12:25:21.997000,415.3284033838952,6
2024-09-18 12:25:22.100000,415.3029092063564,995
2024-09-18 12:25:22.210000,415.29064811563296,1004
2024-09-18 12:25:22.288000,415.2807005524251,9
2024-09-18 12:25:22.296000,415.3144381602816,7
2024-09-18 12:25:22.350000,415.3046621595603,14
2024-09-18 12:25:22.371000,415.2972672983133,105
2024-09-18 12:25:22.431000,415.2994795772779,95
2024-09-18 12:25:22.435000,415.3076727680959,103
2024-09-18 12:25:22.483000,415.3046873156915,15
2024-09-18 12:25:22.495000,415.2879883507281,100
2024-09-18 12:25:22.546000,415.3097594888308,95
2024-09-18 12:25:22.619000,415.2852549288274,996
2024-09-18 12:25:22.640000,415.3071612046129,98
2024-09-18 12:25:22.691000,415.2917275879676,95
2024-09-18 12:25:22.911000,415.3056983388761,996
2024-09-18 12:25:22.958000,415.2900404201451,99
2024-09-18 12:25:23.030000,415.3112356918428,96
2024-09-18 12:25:23.069000,415.2970983548672,96
2024-09-18 12:25:23.212000,415.2932311918914,104
2024-09-18 12:25:23.361000,415.3013003400522,97
2024-09-18 12:25:23.453000,415.3495372004849,1003
2024-09-18 12:25:23.532000,415.3068885367283,11
2024-09-18 12:25:23.562000,415.2867555538978,100
2024-09-18 12:25:23.581000,415.31647325977895,102
2024-09-18 12:25:23.622000,415.3477807320523,7
2024-09-18 12:25:23.689000,415.3104084769415,8
2024-09-18 12:25:23.735000,415.28425578143015,7
2024-09-18 12:25:23.834000,415.282498888188,998
2024-09-18 12:25:23.916000,415.3381063565136,5
2024-09-18 12:25:24.140000,415.30923225873977,104
2024-09-18 12:25:24.156000,415.29706534778313,95
2024-09-18 12:25:24.282000,415.3626506219856,1005
2024-09-18 12:25:24.294000,415.34210709119486,101
2024-09-18 12:25:24.344000,415.3284984884896,103
2024-09-18 12:25:24.386000,415.348720378845,14
2024-09-18 12:25:24.410000,415.3464792436336,101
2024-09-18 12:25:24.440000,415.30883884392046,104
2024-09-18 12:25:24.556000,415.3431984626581,15
2024-09-18 12:25:24.571000,415.3709227390552,100
2024-09-18 12:25:24.576000,415.3205696239824,995
2024-09-18 12:25:24.594000,415.3059815261046,15
2024-09-18 12:25:24.694000,415.2996865813352,14
2024-09-18 12:25:24.881000,415.3124216079601,15
2024-09-18 12:25:24.940000,415.3257354274609,98
2024-09-18 12:25:24.997000,415.3311809266946,101
2024-09-18 12:25:25.005000,415.354171486722,995
2024-09-18 12:25:25.078000,415.33842214016136,103
2024-09-18 12:25:25.098000,415.354529230006,95
2024-09-18 12:25:25.100000,415.34139001537903,999
2024-09-18 12:25:25.244000,415.3556913679326,997
2024-09-18 12:25:25.300000,415.352953432275,99
2024-09-18 12:25:25.348000,415.3433720012089,995
2024-09-18 12:25:25.356000,415.3385218251677,995
2024-09-18 12:25:25.369000,415.30419515125743,6
2024-09-18 12:25:25.371000,415.3618293047999,9
2024-09-18 12:25:25.423000,415.34525449021737,11
2024-09-18 12:25:25.436000,415.3575147253949,995
2024-09-18 12:25:25.466000,415.3379509242918,11
2024-09-18 12:25:25.685000,415.3390865348159,15
2024-09-18 12:25:25.724000,415.3352302350722,5
2024-09-18 12:25:25.734000,415.3070567934844,101
2024-09-18 12:25:25.752000,415.32003341111766,98
2024-09-18 12:25:25.767000,415.3379000742603,996
2024-09-18 12:25:25.776000,415.3334588995993,996
2024-09-18 12:25:25.872000,415.3417620890275,1000
2024-09-18 12:25:25.947000,415.3357156970664,98
2024-09-18 12:25:25.988000,415.3224179862071,98
2024-09-18 12:25:26.155000,415.3827574088375,103
2024-09-18 12:25:26.162000,415.3703170979471,14
2024-09-18 12:25:26.164000,415.3665237001626,5
2024-09-18 12:25:26.166000,415.3627645123296,10
2024-09-18 12:25:26.212000,415.4101960511799,11
2024-09-18 12:25:26.221000,415.3825431206409,1005
2024-09-18 12:25:26.244000,415.3792986143428,999
2024-09-18 12:25:26.254000,415.3817385880567,1000
2024-09-18 12:25:26.259000,415.403051185065,15
2024-09-18 12:25:26.371000,415.4117987848894,104
2024-09-18 12:25:26.397000,415.3965628454961,1002
2024-09-18 12:25:26.440000,415.3732012600864,102
2024-09-18 12:25:26.501000,415.3860024288372,102
2024-09-18 12:25:26.647000,415.3849645356596,997
2024-09-18 12:25:26.684000,415.3761713540261,15
2024-09-18 12:25:26.854000,415.3905188446676,97
2024-09-18 12:25:27.018000,415.39750735120697,102
2024-09-18 12:25:27.045000,415.4056599996711,1002
2024-09-18 12:25:27.103000,415.3742495174031,15
2024-09-18 12:25:27.107000,415.4381845736904,97
2024-09-18 12:25:27.140000,415.37207133824137,7
2024-09-18 12:25:27.200000,415.38748348406097,103
2024-09-18 12:25:27.239000,415.3889327786173,8
2024-09-18 12:25:27.303000,415.4336139498637,12
2024-09-18 12:25:27.383000,415.4009350922309,5
2024-09-18 12:25:27.394000,415.4074054182917,15
2024-09-18 12:25:27.428000,415.3712759964883,1001
2024-09-18 12:25:27.485000,415.3943048671992,10
2024-09-18 12:25:27.555000,415.4122414180284,104
2024-09-18 12:25:27.556000,415.3825908673799,95
2024-09-18 12:25:27.578000,415.39012565004685,8
2024-09-18 12:25:27.665000,415.36108236233054,8
2024-09-18 12:25:27.702000,415.381394511841,1003
2024-09-18 12:25:27.865000,415.4334007132779,6
2024-09-18 12:25:27.903000,415.3913845675474,11
2024-09-18 12:25:27.956000,415.4294234932759,1004
2024-09-18 12:25:27.979000,415.4327570132256,95
2024-09-18 12:25:28.025000,415.4910495737492,1003
2024-09-18 12:25:28.042000,415.4931496649549,999
2024-09-18 12:25:28.047000,415.4844611786046,1000
2024-09-18 12:25:28.120000,415.47896487316655,996
2024-09-18 12:25:28.132000,415.4961630309487,8
2024-09-18 12:25:28.140000,415.4193557763749,105
2024-09-18 12:25:28.214000,415.5083866113875,995
2024-09-18 12:25:28.257000,415.41117470878766,101
2024-09-18 12:25:28.345000,415.4369378908815,98
2024-09-18 12:25:28.345000,415.50681744078,11
2024-09-18 12:25:28.347000,415.4222380852848,1005
2024-09-18 12:25:28.349000,415.4979363451564,999
2024-09-18 12:25:28.350000,415.4532916953878,10
2024-09-18 12:25:28.442000,415.5132502293969,15
2024-09-18 12:25:28.474000,415.4028451154352,10
2024-09-18 12:25:28.495000,415.4253691792141,6
2024-09-18 12:25:28.508000,415.4106096451154,996
2024-09-18 12:25:28.590000,415.5159810285105,995
2024-09-18 12:25:28.622000,415.4955461879573,99
2024-09-18 12:25:28.627000,415.4775668264934,999
2024-09-18 12:25:28.669000,415.5081169843321,10
2024-09-18 12:25:28.697000,415.4604758226206,1000
2024-09-18 12:25:28.822000,415.5042851022211,97
2024-09-18 12:25:28.894000,415.421743355497,105
2024-09-18 12:25:28.911000,415.4315111655958,1001
2024-09-18 12:25:28.954000,415.4530801542696,14
2024-09-18 12:25:28.961000,415.5098396593881,12
2024-09-18 12:25:28.991000,415.5112504853339,9
2024-09-18 12:25:28.995000,415.5055474380737,1000
2024-09-18 12:25:28.998000,415.4232899729476,13
2024-09-18 12:25:29.032000,415.5525792294382,997
2024-09-18 12:25:29.126000,415.5675095299165,996
2024-09-18 12:25:29.139000,415.5553208717927,102
2024-09-18 12:25:29.238000,415.5598680023031,96
2024-09-18 12:25:29.278000,415.5386840276101,998
2024-09-18 12:25:29.310000,415.4842605510215,98
2024-09-18 12:25:29.365000,415.54608452668975,96
2024-09-18 12:25:29.377000,415.54012705681816,105
2024-09-18 12:25:29.426000,415.5374483249847,105
2024-09-18 12:25:29.504000,415.52921622544136,1002
2024-09-18 12:25:29.534000,415.559412729188,1001
2024-09-18 12:25:29.593000,415.55750776620073,101
2024-09-18 12:25:29.632000,415.5734893705625,1005
2024-09-18 12:25:29.637000,415.52644951253694,11
2024-09-18 12:25:29.648000,415.55099202889295,999
2024-09-18 12:25:29.677000,415.5500768282244,12
2024-09-18 12:25:29.681000,415.5715620619645,995
2024-09-18 12:25:29.743000,415.56952580549495,7
2024-09-18 12:25:29.744000,415.523906086015,14
2024-09-18 12:25:29.767000,415.55497917419416,7
2024-09-18 12:25:29.803000,415.5442635373008,996
2024-09-18 12:25:29.820000,415.49898156739584,6
2024-09-18 12:25:29.835000,415.5128782602313,997
2024-09-18 12:25:29.885000,415.5340492255455,1000
2024-09-18 12:25:29.987000,415.5722096019618,1004
2024-09-18 12:25:29.992000,415.55587205716085,13
2024-09-18 12:25:30.029000,415.5609818933981,14
2024-09-18 12:25:30.104000,415.55418448499154,9
2024-09-18 12:25:30.107000,415.55409835348775,102
2024-09-18 12:25:30.234000,415.5532182253504,98
2024-09-18 12:25:30.246000,415.5432652235307,1005
2024-09-18 12:25:30.328000,415.5388172891908,97
2024-09-18 12:25:30.333000,415.550434329039,14
2024-09-18 12:25:30.379000,415.5603650600671,9
2024-09-18 12:25:30.738000,415.5446865624997,995
2024-09-18 12:25:30.761000,415.5543994752785,104
2024-09-18 12:25:30.982000,415.5715051504026,96
2024-09-18 12:25:31.043000,415.5261679805155,99
2024-09-18 12:25:31.055000,415.5380712882425,100
2024-09-18 12:25:31.079000,415.5371788192834,9
2024-09-18 12:25:31.111000,415.5439462701176,10
2024-09-18 12:25:31.176000,415.5161480659008,5
2024-09-18 12:25:31.219000,415.5309623313012,95
2024-09-18 12:25:31.240000,415.5052912040028,8
2024-09-18 12:25:31.254000,415.51920772443503,996
2024-09-18 12:25:31.307000,415.55067440915104,14
2024-09-18 12:25:31.383000,415.55819420867766,99
2024-09-18 12:25:31.412000,415.5148709978861,101
2024-09-18 12:25:31.498000,415.5346595962816,8
2024-09-18 12:25:31.549000,415.5268484912537,1002
2024-09-18 12:25:31.740000,415.52540932229135,12
2024-09-18 12:25:31.767000,415.5472717543468,14
2024-09-18 12:25:31.789000,415.546775574692,997
2024-09-18 12:25:31.820000,415.5300995934143,101
2024-09-18 12:25:31.850000,415.5417478056287,996
2024-09-18 12:25:31.859000,415.5319327887317,96
2024-09-18 12:25:31.866000,415.543731623805,5
2024-09-18 12:25:31.962000,415.53189312055486,99
2024-09-18 12:25:31.979000,415.5380139755664,6
2024-09-18 12:25:32.063000,415.5049649391952,11
2024-09-18 12:25:32.091000,415.497549588684,102
2024-09-18 12:25:32.110000,415.5087140283846,103
2024-09-18 12:25:32.130000,415.50561977817085,15
2024-09-18 12:25:32.149000,415.5339283035033,996
2024-09-18 12:25:32.168000,415.5116380146166,999
2024-09-18 12:25:32.183000,415.5306064367778,11
2024-09-18 12:25:32.196000,415.48508400955615,10
2024-09-18 12:25:32.414000,415.5144325010194,5
2024-09-18 12:25:32.439000,415.51667665595664,1000
2024-09-18 12:25:32.441000,415.52602947964334,9
2024-09-18 12:25:32.447000,415.4894677321288,13
2024-09-18 12:25:32.483000,415.4939433663831,97
2024-09-18 12:25:32.573000,415.51617984920506,104
2024-09-18 12:25:32.582000,415.5099244745659,100
2024-09-18 12:25:32.600000,415.4821339005689,996
2024-09-18 12:25:32.608000,415.5307667677279,104
2024-09-18 12:25:32.682000,415.49418890712377,1005
2024-09-18 12:25:32.706000,415.5269014842999,14
2024-09-18 12:25:32.716000,415.5111936251225,97
2024-09-18 12:25:32.749000,415.5309672616862,97
2024-09-18 12:25:32.783000,415.5016629293938,96
2024-09-18 12:25:32.815000,415.522746740832,1000
2024-09-18 12:25:32.835000,415.5138627717226,99
2024-09-18 12:25:32.841000,415.4886880782386,13
2024-09-18 12:25:32.938000,415.4917407327588,105
2024-09-18 12:25:32.947000,415.49625205273736,15
2024-09-18 12:25:32.953000,415.51779880880775,999
2024-09-18 12:25:32.953000,415.5154918302742,97
2024-09-18 12:25:32.989000,415.5291446396288,101
2024-09-18 12:25:33.778000,415.5256600262159,9
2024-09-18 12:25:33.894000,415.5241366951289,13
2024-09-18 12:25:34.487000,415.5184767593217,999
2024-09-18 12:25:35.019000,415.48338554304365,999
2024-09-18 12:25:35.106000,415.49932504114406,96
2024-09-18 12:25:35.132000,415.47402984791137,1004
2024-09-18 12:25:35.146000,415.5317399175579,999
2024-09-18 12:25:35.191000,415.4993535196992,999
2024-09-18 12:25:35.197000,415.48738291772094,995
2024-09-18 12:25:35.264000,415.503478354762,11
2024-09-18 12:25:35.333000,415.5149426097218,998
2024-09-18 12:25:35.343000,415.5435636209817,11
2024-09-18 12:25:35.382000,415.5131492509829,104
2024-09-18 12:25:35.443000,415.5004217232234,997
2024-09-18 12:25:35.465000,415.47869140727306,95
2024-09-18 12:25:35.501000,415.5093682873082,1002
2024-09-18 12:25:35.526000,415.4815785557044,1001
2024-09-18 12:25:35.560000,415.4730488247703,1001
2024-09-18 12:25:35.585000,415.53678599498335,998
2024-09-18 12:25:35.714000,415.5261899463295,9
2024-09-18 12:25:35.779000,415.485781813837,103
2024-09-18 12:25:35.817000,415.5380244259049,5
2024-09-18 12:25:35.826000,415.4840669655797,101
2024-09-18 12:25:35.840000,415.5158153328199,11
2024-09-18 12:25:35.865000,415.52343050296895,14
2024-09-18 12:25:35.921000,415.5425642289896,999
2024-09-18 12:25:35.927000,415.5016502573784,105
2024-09-18 12:25:36.110000,415.5303947513984,104
2024-09-18 12:25:36.246000,415.52476465928464,1001
2024-09-18 12:25:36.258000,415.5247694346288,5
2024-09-18 12:25:36.302000,415.5309968835,98
2024-09-18 12:25:36.471000,415.5227586521322,105
2024-09-18 12:25:36.513000,415.5417421934273,1000
2024-09-18 12:25:36.585000,415.5269436099575,998
2024-09-18 12:25:36.712000,415.5419299335209,105
2024-09-18 12:25:37.030000,415.5275307483786,103
2024-09-18 12:25:37.064000,415.5524172342277,8
2024-09-18 12:25:37.066000,415.5092527098248,105
2024-09-18 12:25:37.068000,415.58180551351927,1002
2024-09-18 12:25:37.106000,415.5559557757704,105
2024-09-18 12:25:37.187000,415.55152717699,99
2024-09-18 12:25:37.195000,415.5623764244258,1001
2024-09-18 12:25:37.195000,415.5376357305239,996
2024-09-18 12:25:37.246000,415.52051627449686,12
2024-09-18 12:25:37.258000,415.55721215610976,96
2024-09-18 12:25:37.263000,415.5787872692585,98
2024-09-18 12:25:37.279000,415.5380394780688,1005
2024-09-18 12:25:37.364000,415.5867453572984,1004
2024-09-18 12:25:37.423000,415.555660320214,5
2024-09-18 12:25:37.498000,415.5370606772906,1001
2024-09-18 12:25:37.660000,415.55045685721655,104
2024-09-18 12:25:37.672000,415.5291043579337,1002
2024-09-18 12:25:37.699000,415.5163235365954,997
2024-09-18 12:25:37.709000,415.5171756335238,1000
2024-09-18 12:25:37.722000,415.5238285754584,10
2024-09-18 12:25:37.802000,415.5569017553147,1002
2024-09-18 12:25:37.843000,415.5555822738242,103
2024-09-18 12:25:37.902000,415.5161125977225,96
2024-09-18 12:25:37.908000,415.5352726049746,104
2024-09-18 12:25:37.920000,415.54397439027736,100
2024-09-18 12:25:37.953000,415.5387281067112,997
2024-09-18 12:25:37.986000,415.53391716792015,1001
2024-09-18 12:25:37.989000,415.5385834659115,95
2024-09-18 12:25:38.002000,415.54189157889,1003
2024-09-18 12:25:38.259000,415.5331656400565,98
2024-09-18 12:25:38.287000,415.5521397760184,99
2024-09-18 12:25:38.347000,415.5506136034792,14
2024-09-18 12:25:38.751000,415.5262794719197,7
2024-09-18 12:25:38.889000,415.54257169894834,6
2024-09-18 12:25:39.109000,415.54936356111534,1000
2024-09-18 12:25:39.130000,415.5662194191632,96
2024-09-18 12:25:39.160000,415.5426719996122,99
2024-09-18 12:25:39.264000,415.5359603845099,11
2024-09-18 12:25:39.293000,415.53698958927765,997
2024-09-18 12:25:39.330000,415.5341945439085,1000
2024-09-18 12:25:39.473000,415.5473459746484,15
2024-09-18 12:25:39.492000,415.5320189908404,95
2024-09-18 12:25:39.532000,415.5519266910926,999
2024-09-18 12:25:39.675000,415.5395354104113,13
2024-09-18 12:25:39.740000,415.5212460890094,103
2024-09-18 12:25:39.764000,415.5379546337164,96
2024-09-18 12:25:39.861000,415.5286245362437,14
2024-09-18 12:25:40.171000,415.5358087290687,1004
2024-09-18 12:25:40.274000,415.5403041841263,1005
2024-09-18 12:25:40.930000,415.54027117850273,10
2024-09-18 12:25:41,415.5173159932532,1004
2024-09-18 12:25:41.104000,415.5226158563693,98
2024-09-18 12:25:41.188000,415.5189734784398,995
2024-09-18 12:25:41.268000,415.5267102546812,9
2024-09-18 12:25:41.295000,415.4922140769953,101
2024-09-18 12:25:41.298000,415.4963785394016,6
2024-09-18 12:25:41.362000,415.4866008875948,7
2024-09-18 12:25:41.421000,415.531428865636,104
2024-09-18 12:25:41.429000,415.4977285589911,98
2024-09-18 12:25:41.451000,415.5138202824561,15
2024-09-18 12:25:41.479000,415.50622509038834,95
2024-09-18 12:25:41.495000,415.4787578568378,12
2024-09-18 12:25:41.635000,415.52551113557473,5
2024-09-18 12:25:41.710000,415.5245104334446,8
2024-09-18 12:25:41.831000,415.51057537989385,10
2024-09-18 12:25:41.845000,415.500442680682,995
2024-09-18 12:25:41.851000,415.5178702652439,7
2024-09-18 12:25:41.932000,415.5283162183001,11
2024-09-18 12:25:41.933000,415.5046845675121,1000
2024-09-18 12:25:42.160000,415.4958530463342,997
2024-09-18 12:25:42.163000,415.50651731561766,9
2024-09-18 12:25:42.356000,415.49071734416674,102
2024-09-18 12:25:42.408000,415.4938680463975,98
2024-09-18 12:25:42.467000,415.4731525546357,12
2024-09-18 12:25:42.516000,415.4930154517404,1005
2024-09-18 12:25:42.554000,415.4689250927383,9
2024-09-18 12:25:42.559000,415.521801484782,1001
2024-09-18 12:25:42.649000,415.4946112733805,98
2024-09-18 12:25:42.715000,415.4939942926985,96
2024-09-18 12:25:42.781000,415.5079832801404,97
2024-09-18 12:25:42.824000,415.4868110313532,11
2024-09-18 12:25:42.927000,415.4965745226327,101
2024-09-18 12:25:43.039000,415.53872854889937,998
2024-09-18 12:25:43.059000,415.5219010071609,1005
2024-09-18 12:25:43.164000,415.5533960754522,101
2024-09-18 12:25:43.275000,415.50186909723465,103
2024-09-18 12:25:43.315000,415.512952226634,104
2024-09-18 12:25:43.406000,415.5245009892789,8
2024-09-18 12:25:43.437000,415.53051500825046,5
2024-09-18 12:25:43.470000,415.5253999368368,101
2024-09-18 12:25:43.506000,415.55351518184415,100
2024-09-18 12:25:43.582000,415.513284140868,96
2024-09-18 12:25:43.650000,415.5348982444044,105
2024-09-18 12:25:43.683000,415.5129939881176,99
2024-09-18 12:25:43.707000,415.5140391631919,104
2024-09-18 12:25:43.738000,415.5188023337319,13
2024-09-18 12:25:43.772000,415.5322642557168,97
2024-09-18 12:25:43.774000,415.5551243910319,1001
2024-09-18 12:25:43.835000,415.49122567206,12
2024-09-18 12:25:43.887000,415.5217253288277,97
2024-09-18 12:25:43.953000,415.5147638490201,997
2024-09-18 12:25:45.033000,415.4321773405788,7
2024-09-18 12:25:45.057000,415.4977723717416,999
2024-09-18 12:25:45.095000,415.4694115505224,9
2024-09-18 12:25:45.111000,415.4629493608477,9
2024-09-18 12:25:45.161000,415.4952525570452,103
2024-09-18 12:25:45.166000,415.5022325243757,996
2024-09-18 12:25:45.383000,415.4510692583856,996
2024-09-18 12:25:45.508000,415.4539096480176,1001
2024-09-18 12:25:45.660000,415.4876965125013,1003
2024-09-18 12:25:45.756000,415.5036716669133,1003
2024-09-18 12:25:45.813000,415.4979544331587,102
2024-09-18 12:25:45.835000,415.4941220678781,14
2024-09-18 12:25:45.857000,415.4647670545114,103
2024-09-18 12:25:45.871000,415.4591690860887,14
2024-09-18 12:25:45.910000,415.4550877496745,1004
2024-09-18 12:25:45.955000,415.4974337302044,10
2024-09-18 12:25:45.965000,415.46452230897086,98
2024-09-18 12:25:45.969000,415.4770541209456,103
2024-09-18 12:25:45.976000,415.50986140542136,995
2024-09-18 12:25:46.042000,415.3972484434998,96
2024-09-18 12:25:46.065000,415.5390905588378,1000
2024-09-18 12:25:46.068000,415.5445031935702,98
2024-09-18 12:25:46.107000,415.4089707338886,103
2024-09-18 12:25:46.110000,415.5400171949362,1003
2024-09-18 12:25:46.111000,415.4263910335854,7
2024-09-18 12:25:46.154000,415.4317261987262,96
2024-09-18 12:25:46.169000,415.4914930205512,1005
2024-09-18 12:25:46.182000,415.44727718087455,1004
2024-09-18 12:25:46.195000,415.4317208390698,6
2024-09-18 12:25:46.235000,415.4504363468666,12
2024-09-18 12:25:46.244000,415.44939727859247,96
2024-09-18 12:25:46.282000,415.4762409541912,1003
2024-09-18 12:25:46.298000,415.40740849466073,6
2024-09-18 12:25:46.316000,415.436394957548,11
2024-09-18 12:25:46.415000,415.5462349155984,95
2024-09-18 12:25:46.430000,415.46664949528224,998
2024-09-18 12:25:46.472000,415.4566908606169,96
2024-09-18 12:25:46.520000,415.536405032641,96
2024-09-18 12:25:46.615000,415.4266037354121,1004
2024-09-18 12:25:46.664000,415.46290036182086,101
2024-09-18 12:25:46.684000,415.5425825907054,96
2024-09-18 12:25:46.719000,415.54473827853417,996
2024-09-18 12:25:46.736000,415.44914932494265,101
2024-09-18 12:25:46.801000,415.44758942321727,98
2024-09-18 12:25:46.834000,415.5225808109258,99
2024-09-18 12:25:46.875000,415.5485103139599,15
2024-09-18 12:25:46.988000,415.4691574089943,98
2024-09-18 12:25:46.990000,415.41782494664426,104
2024-09-18 12:25:46.997000,415.5399172035008,103
2024-09-18 12:25:47.059000,415.5318128514924,102
2024-09-18 12:25:47.082000,415.53580319638047,999
2024-09-18 12:25:47.754000,415.5453938440032,99
2024-09-18 12:25:47.828000,415.53020253077887,104
2024-09-18 12:25:47.934000,415.5371152988209,5
2024-09-18 12:25:47.935000,415.54570643456697,1002
2024-09-18 12:25:48.036000,415.5184168659646,11
2024-09-18 12:25:48.061000,415.53612317007617,1001
2024-09-18 12:25:48.064000,415.52995213256446,7
2024-09-18 12:25:48.071000,415.538633412206,14
2024-09-18 12:25:48.117000,415.5391576199877,998
2024-09-18 12:25:48.138000,415.5328544293267,13
2024-09-18 12:25:48.239000,415.5206538755695,98
2024-09-18 12:25:48.243000,415.5262631970742,995
2024-09-18 12:25:48.287000,415.4988860228319,15
2024-09-18 12:25:48.353000,415.516264600375,14
2024-09-18 12:25:48.384000,415.5027186232873,104
2024-09-18 12:25:48.433000,415.4938971332292,11
2024-09-18 12:25:48.457000,415.5267041107582,998
2024-09-18 12:25:48.477000,415.5087815168725,996
2024-09-18 12:25:48.510000,415.5219287583735,1000
2024-09-18 12:25:48.519000,415.5171730059957,9
2024-09-18 12:25:48.558000,415.5447360037637,14
2024-09-18 12:25:48.563000,415.51329270485206,100
2024-09-18 12:25:48.582000,415.5188851194994,999
2024-09-18 12:25:48.604000,415.5256487631328,11
2024-09-18 12:25:48.606000,415.5335535955383,102
2024-09-18 12:25:48.661000,415.5233681638073,996
2024-09-18 12:25:48.694000,415.5158090593508,13
2024-09-18 12:25:48.827000,415.524623139534,9
2024-09-18 12:25:48.837000,415.5233566703626,15
2024-09-18 12:25:48.846000,415.5314591095319,99
2024-09-18 12:25:48.910000,415.53457410913785,104
2024-09-18 12:25:48.939000,415.5134067424657,11
2024-09-18 12:25:49.009000,415.54770256884,95
2024-09-18 12:25:49.438000,415.55441694430107,8
2024-09-18 12:25:49.839000,415.5235145973746,101
2024-09-18 12:25:49.946000,415.5547219040423,103
2024-09-18 12:25:50.003000,415.5418220796452,1005
2024-09-18 12:25:50.128000,415.54384633578906,1003
2024-09-18 12:25:50.166000,415.5249862630663,12
2024-09-18 12:25:50.199000,415.5207265639577,1002
2024-09-18 12:25:50.232000,415.4707979959668,7
2024-09-18 12:25:50.255000,415.51040745588415,1001
2024-09-18 12:25:50.323000,415.5121184982984,1002
2024-09-18 12:25:50.336000,415.49076968954057,11
2024-09-18 12:25:50.435000,415.53969304980416,11
2024-09-18 12:25:50.446000,415.528198326061,103
2024-09-18 12:25:50.453000,415.55741303921855,99
2024-09-18 12:25:50.516000,415.4656280480455,995
2024-09-18 12:25:50.569000,415.5287722716999,95
2024-09-18 12:25:50.624000,415.4859110504017,995
2024-09-18 12:25:50.626000,415.4726460032194,999
2024-09-18 12:25:50.666000,415.5350909957381,15
2024-09-18 12:25:50.678000,415.5232116232722,995
2024-09-18 12:25:50.693000,415.5543839498589,99
2024-09-18 12:25:50.821000,415.4742913400794,9
2024-09-18 12:25:50.837000,415.5240651742163,100
2024-09-18 12:25:50.856000,415.4687220566954,1001
2024-09-18 12:25:50.875000,415.49649260888526,10
2024-09-18 12:25:50.929000,415.55894857217856,101
2024-09-18 12:25:50.986000,415.5186339905123,96
2024-09-18 12:25:51.540000,415.4640981992459,98
2024-09-18 12:25:51.619000,415.4668867919359,1001
2024-09-18 12:25:51.776000,415.4690391851862,99
2024-09-18 12:25:52.294000,415.4431001241608,11
2024-09-18 12:25:52.347000,415.4059062524992,10
2024-09-18 12:25:52.496000,415.3954334467608,12
2024-09-18 12:25:52.546000,415.3926333964183,101
2024-09-18 12:25:52.581000,415.46253948903546,96
2024-09-18 12:25:52.682000,415.4337074725384,1004
2024-09-18 12:25:52.799000,415.44608208680216,96
2024-09-18 12:25:52.810000,415.40720093682734,99
2024-09-18 12:25:52.837000,415.42298936373567,103
2024-09-18 12:25:52.927000,415.4377242135983,10
2024-09-18 12:25:53.071000,415.3727851657684,100
2024-09-18 12:25:53.079000,415.3527948774689,7
2024-09-18 12:25:53.146000,415.3750559541959,8
2024-09-18 12:25:53.147000,415.37369469563777,99
2024-09-18 12:25:53.250000,415.3913198884712,99
2024-09-18 12:25:53.269000,415.3683924944073,14
2024-09-18 12:25:53.319000,415.3897490824196,101
2024-09-18 12:25:53.352000,415.35246167962174,96
2024-09-18 12:25:53.355000,415.3681436698631,6
2024-09-18 12:25:53.445000,415.3834227031352,11
2024-09-18 12:25:53.510000,415.3740260354858,998
2024-09-18 12:25:53.555000,415.3582291176623,97
2024-09-18 12:25:53.575000,415.3929390914337,5
2024-09-18 12:25:53.608000,415.38460232381954,995
2024-09-18 12:25:53.684000,415.36551555226606,995
2024-09-18 12:25:53.750000,415.3824822214055,10
2024-09-18 12:25:53.824000,415.3500541601185,14
2024-09-18 12:25:53.910000,415.3953248881299,995
2024-09-18 12:25:54.017000,415.3646256343888,98
2024-09-18 12:25:54.203000,415.3768428370383,101
2024-09-18 12:25:54.794000,415.3961588810702,7
2024-09-18 12:25:54.870000,415.3984475611004,99
2024-09-18 12:25:55.067000,415.40637330070825,11
2024-09-18 12:25:55.194000,415.42124567600655,999
2024-09-18 12:25:55.239000,415.4018051151387,999
2024-09-18 12:25:55.247000,415.3681045866656,101
2024-09-18 12:25:55.254000,415.3900727332247,103
2024-09-18 12:25:55.257000,415.3913225002898,6
2024-09-18 12:25:55.273000,415.3791357442535,1001
2024-09-18 12:25:55.395000,415.38295060752256,1004
2024-09-18 12:25:55.400000,415.4306923646436,102
2024-09-18 12:25:55.437000,415.4432498162962,10
2024-09-18 12:25:55.540000,415.4004283763437,104
2024-09-18 12:25:55.552000,415.4075417993806,96
2024-09-18 12:25:55.560000,415.4184272635246,105
2024-09-18 12:25:55.629000,415.3701785240936,99
2024-09-18 12:25:55.705000,415.4537265993187,995
2024-09-18 12:25:55.721000,415.3866451289167,105
2024-09-18 12:25:55.843000,415.4106172695105,8
2024-09-18 12:25:55.934000,415.38424337814297,99
2024-09-18 12:25:56.043000,415.366576264661,10
2024-09-18 12:25:56.054000,415.53953383237103,103
2024-09-18 12:25:56.075000,415.3633442472285,105
2024-09-18 12:25:56.145000,415.4831380457029,95
2024-09-18 12:25:56.219000,415.3704325080479,996
2024-09-18 12:25:56.230000,415.491903855864,98
2024-09-18 12:25:56.319000,415.46199721907135,104
2024-09-18 12:25:56.405000,415.4054028407929,999
2024-09-18 12:25:56.405000,415.55880532672177,8
2024-09-18 12:25:56.478000,415.37174127509945,1005
2024-09-18 12:25:56.526000,415.519528719218,13
2024-09-18 12:25:56.606000,415.551466793371,9
2024-09-18 12:25:56.624000,415.3747085142606,96
2024-09-18 12:25:56.629000,415.5047358546228,7
2024-09-18 12:25:56.646000,415.4082098967252,998
2024-09-18 12:25:56.649000,415.4524901965698,96
2024-09-18 12:25:56.694000,415.554260169826,13
2024-09-18 12:25:56.728000,415.3555909867175,8
2024-09-18 12:25:56.833000,415.3904795903176,6
2024-09-18 12:25:56.847000,415.5512076380436,101
2024-09-18 12:25:56.848000,415.5535976792155,101
2024-09-18 12:25:56.875000,415.4774201801085,15
2024-09-18 12:25:56.912000,415.3894972818969,103
2024-09-18 12:25:56.930000,415.52111816980096,103
2024-09-18 12:25:56.934000,415.56146051518135,1005
2024-09-18 12:25:56.977000,415.50501481531575,6
2024-09-18 12:25:57.013000,415.58548819489647,103
2024-09-18 12:25:57.015000,415.57608450094455,97
2024-09-18 12:25:57.045000,415.6284474549328,997
2024-09-18 12:25:57.120000,415.59851042441807,1001
2024-09-18 12:25:57.158000,415.5982701159932,104
2024-09-18 12:25:57.163000,415.6409893049089,1004
2024-09-18 12:25:57.190000,415.543888330647,995
2024-09-18 12:25:57.200000,415.6401177822911,997
2024-09-18 12:25:57.224000,415.5690356275511,995
2024-09-18 12:25:57.273000,415.552286063029,6
2024-09-18 12:25:57.394000,415.6461838840589,1003
2024-09-18 12:25:57.488000,415.5424112179525,11
2024-09-18 12:25:57.527000,415.5322694975933,1004
2024-09-18 12:25:57.559000,415.6290397351044,1004
2024-09-18 12:25:57.559000,415.6060452473696,10
2024-09-18 12:25:57.575000,415.588980156613,1003
2024-09-18 12:25:57.579000,415.5457262956338,1005
2024-09-18 12:25:57.626000,415.63703939640754,995
2024-09-18 12:25:57.638000,415.6573750452519,105
2024-09-18 12:25:57.645000,415.6646691264455,11
2024-09-18 12:25:57.737000,415.5614904680584,14
2024-09-18 12:25:57.864000,415.5401170152093,999
2024-09-18 12:25:57.904000,415.6308576709558,995
2024-09-18 12:25:57.927000,415.55749365916495,105
2024-09-18 12:25:57.965000,415.6147665081292,99
2024-09-18 12:25:57.971000,415.648830645277,1001
2024-09-18 12:25:57.980000,415.5592241579659,998
2024-09-18 12:25:57.986000,415.6403812166097,14
2024-09-18 12:25:58.038000,415.6666869588269,7
2024-09-18 12:25:58.061000,415.6255032521687,102
2024-09-18 12:25:58.193000,415.66021140475897,105
2024-09-18 12:25:58.210000,415.6491333039335,7
2024-09-18 12:25:58.211000,415.6753904391834,95
2024-09-18 12:25:58.248000,415.6876956759932,12
2024-09-18 12:25:58.276000,415.6761343177991,997
2024-09-18 12:25:58.375000,415.64186607921374,15
2024-09-18 12:25:58.499000,415.6786977232627,998
2024-09-18 12:25:58.589000,415.693233883904,105
2024-09-18 12:25:58.616000,415.6709195296215,14
2024-09-18 12:25:58.648000,415.6827538163936,1005
2024-09-18 12:25:58.676000,415.6991951394976,6
2024-09-18 12:25:58.740000,415.6777309621327,1002
2024-09-18 12:25:58.892000,415.6827751438893,102
2024-09-18 12:25:58.959000,415.68611439511807,5
2024-09-18 12:25:59.283000,415.7218418352203,1004
2024-09-18 12:25:59.715000,415.733644355912,10
2024-09-18 12:25:59.769000,415.7154175972342,104
2024-09-18 12:25:59.848000,415.69985608389766,6
