Timestamp,Price,Size
2024-09-16 15:25:00.009000,415.7141304813253,15
2024-09-16 15:25:00.033000,415.7817490828237,102
2024-09-16 15:25:00.057000,415.7052654056651,12
2024-09-16 15:25:00.070000,415.77434420637786,96
2024-09-16 15:25:00.248000,415.7801007648116,97
2024-09-16 15:25:00.308000,415.69850000378943,101
2024-09-16 15:25:00.311000,415.775993415878,99
2024-09-16 15:25:00.358000,415.754655658646,5
2024-09-16 15:25:00.361000,415.7889604902887,999
2024-09-16 15:25:00.542000,415.695626239905,995
2024-09-16 15:25:00.635000,415.72656442914666,999
2024-09-16 15:25:00.723000,415.7736303555016,12
2024-09-16 15:25:00.734000,415.752965267244,1000
2024-09-16 15:25:00.746000,415.7864646523794,7
2024-09-16 15:25:00.802000,415.7057694075064,8
2024-09-16 15:25:00.846000,415.74559898487,997
2024-09-16 15:25:00.874000,415.6880091372023,97
2024-09-16 15:25:00.898000,415.76519668143067,1004
2024-09-16 15:25:00.959000,415.78216453467456,104
2024-09-16 15:25:00.977000,415.7113555477045,105
2024-09-16 15:25:00.977000,415.69313270144113,96
2024-09-16 15:25:00.987000,415.6982144714297,100
2024-09-16 15:25:01.025000,415.6880964535435,1000
2024-09-16 15:25:01.087000,415.6871490431757,98
2024-09-16 15:25:01.744000,415.7003474408452,96
2024-09-16 15:25:01.861000,415.69792672060606,1003
2024-09-16 15:25:02.069000,415.71074480157966,1003
2024-09-16 15:25:02.090000,415.69165476659856,11
2024-09-16 15:25:02.245000,415.70170727082046,15
2024-09-16 15:25:02.643000,415.7179219660179,1000
2024-09-16 15:25:02.973000,415.71783417421375,98
2024-09-16 15:25:03.097000,415.6523075199416,1003
2024-09-16 15:25:03.364000,415.6373989492513,13
2024-09-16 15:25:03.408000,415.6468609240163,1003
2024-09-16 15:25:03.537000,415.6722278425314,104
2024-09-16 15:25:04.192000,415.69481418175405,14
2024-09-16 15:25:04.221000,415.6446482665305,9
2024-09-16 15:25:04.250000,415.6971115767036,1001
2024-09-16 15:25:04.252000,415.6579090347088,11
2024-09-16 15:25:04.255000,415.6931096739408,1005
2024-09-16 15:25:04.256000,415.6893101167498,998
2024-09-16 15:25:04.287000,415.63902267595057,101
2024-09-16 15:25:04.309000,415.7025476876521,1000
2024-09-16 15:25:04.409000,415.7066832296248,12
2024-09-16 15:25:04.462000,415.6910738020604,1002
2024-09-16 15:25:04.619000,415.6531252419929,96
2024-09-16 15:25:04.641000,415.7061333729467,5
2024-09-16 15:25:04.644000,415.66807808434686,10
2024-09-16 15:25:04.700000,415.6983625094271,15
2024-09-16 15:25:04.872000,415.71461908365154,998
2024-09-16 15:25:04.894000,415.715965256185,15
2024-09-16 15:25:04.919000,415.70660832466416,1002
2024-09-16 15:25:04.978000,415.658212257766,1003
2024-09-16 15:25:05.024000,415.6117049052203,7
2024-09-16 15:25:05.104000,415.6711098012816,13
2024-09-16 15:25:05.119000,415.5964884583305,999
2024-09-16 15:25:05.126000,415.65195973968594,999
2024-09-16 15:25:05.133000,415.5953606264918,6
2024-09-16 15:25:05.169000,415.5958442716022,5
2024-09-16 15:25:05.193000,415.68197396167056,12
2024-09-16 15:25:05.205000,415.6481774747781,101
2024-09-16 15:25:05.223000,415.6652558976851,15
2024-09-16 15:25:05.271000,415.6213080362213,8
2024-09-16 15:25:05.290000,415.6005897730729,101
2024-09-16 15:25:05.427000,415.6123581465546,15
2024-09-16 15:25:05.455000,415.63700611886645,7
2024-09-16 15:25:05.464000,415.6713200859496,1004
2024-09-16 15:25:05.542000,415.6284789544674,1002
2024-09-16 15:25:05.648000,415.6476484943591,102
2024-09-16 15:25:05.686000,415.60681368550576,12
2024-09-16 15:25:05.714000,415.6389193345598,15
2024-09-16 15:25:05.724000,415.6130306203816,7
2024-09-16 15:25:05.789000,415.65799330013886,95
2024-09-16 15:25:05.896000,415.6363744902456,99
2024-09-16 15:25:05.914000,415.5751024204529,105
2024-09-16 15:25:05.932000,415.5947903884905,11
2024-09-16 15:25:05.978000,415.6008926585869,996
2024-09-16 15:25:05.991000,415.6293907310536,7
2024-09-16 15:25:06.024000,415.62174627679457,101
2024-09-16 15:25:06.233000,415.618758127541,9
2024-09-16 15:25:06.671000,415.63511287797655,95
2024-09-16 15:25:06.739000,415.6168499402759,1002
2024-09-16 15:25:06.753000,415.6355618439953,105
2024-09-16 15:25:06.786000,415.6072503297688,103
2024-09-16 15:25:07.044000,415.6220672029334,105
2024-09-16 15:25:07.102000,415.580444423113,996
2024-09-16 15:25:07.102000,415.5620308110935,97
2024-09-16 15:25:07.270000,415.5676802964398,1001
2024-09-16 15:25:07.578000,415.5839501201287,104
2024-09-16 15:25:07.641000,415.6146428338277,996
2024-09-16 15:25:07.688000,415.5881866451777,14
2024-09-16 15:25:07.961000,415.5996821084127,99
2024-09-16 15:25:08.108000,415.65938207754647,9
2024-09-16 15:25:08.352000,415.5943977313173,1000
2024-09-16 15:25:08.395000,415.6247703413305,102
2024-09-16 15:25:08.449000,415.6652302525068,95
2024-09-16 15:25:08.458000,415.6807205535392,105
2024-09-16 15:25:08.472000,415.6230792810034,9
2024-09-16 15:25:08.552000,415.6669190489405,10
2024-09-16 15:25:08.567000,415.6658932389993,96
2024-09-16 15:25:08.622000,415.6067791663434,102
2024-09-16 15:25:08.739000,415.64025958135136,12
2024-09-16 15:25:08.760000,415.6386252385832,15
2024-09-16 15:25:08.940000,415.6062162477944,104
2024-09-16 15:25:08.977000,415.6171960360748,100
2024-09-16 15:25:09.092000,418.1275044557052,10
2024-09-16 15:25:09.217000,415.6625324305776,12
2024-09-16 15:25:09.472000,415.6627638795812,1001
2024-09-16 15:25:09.719000,415.6714609877959,9
2024-09-16 15:25:10.041000,415.68289939001977,9
2024-09-16 15:25:10.069000,415.6863109359807,99
2024-09-16 15:25:10.243000,415.638897542264,97
2024-09-16 15:25:10.245000,415.6465736192795,13
2024-09-16 15:25:10.397000,415.6541250381572,7
2024-09-16 15:25:10.400000,415.65134325794014,101
2024-09-16 15:25:10.410000,415.6112563938369,99
2024-09-16 15:25:10.511000,415.6388288896033,99
2024-09-16 15:25:10.566000,415.6404101285268,1004
2024-09-16 15:25:10.567000,415.66047367509225,1003
2024-09-16 15:25:10.584000,415.6563526472645,98
2024-09-16 15:25:10.630000,415.68496968803856,10
2024-09-16 15:25:10.646000,415.6410518994059,1004
2024-09-16 15:25:10.661000,415.6315676427416,13
2024-09-16 15:25:10.715000,415.6742946333717,100
2024-09-16 15:25:10.793000,415.6223127740789,1003
2024-09-16 15:25:10.820000,415.6571213298539,104
2024-09-16 15:25:10.826000,415.66639621883866,11
2024-09-16 15:25:10.867000,415.6686823056755,13
2024-09-16 15:25:10.945000,415.65647192483135,11
2024-09-16 15:25:10.964000,415.5980429612914,996
2024-09-16 15:25:11.069000,415.6286392644757,5
2024-09-16 15:25:11.104000,415.6239407330402,10
2024-09-16 15:25:11.145000,415.5715339172202,997
2024-09-16 15:25:11.271000,415.6326959552352,996
2024-09-16 15:25:11.561000,415.60320311298017,101
2024-09-16 15:25:11.708000,415.5931728419314,7
2024-09-16 15:25:11.881000,415.5863420912533,11
2024-09-16 15:25:12.002000,415.6160593899808,13
2024-09-16 15:25:12.258000,415.6143683565304,1003
2024-09-16 15:25:12.350000,415.6011301451856,998
2024-09-16 15:25:12.849000,415.6110740246596,102
2024-09-16 15:25:12.884000,415.5935782725964,995
2024-09-16 15:25:12.903000,415.5929141946174,1000
2024-09-16 15:25:13.116000,415.5965623137009,7
2024-09-16 15:25:13.271000,415.588995059378,10
2024-09-16 15:25:13.271000,415.583788836993,1003
2024-09-16 15:25:13.291000,415.5804322313632,15
2024-09-16 15:25:13.311000,415.5782583467144,995
2024-09-16 15:25:13.403000,415.5845983756504,998
2024-09-16 15:25:13.763000,415.582943521017,95
2024-09-16 15:25:14.020000,415.6194044227844,95
2024-09-16 15:25:14.138000,415.6387711171091,6
2024-09-16 15:25:14.193000,415.6250501909527,1001
2024-09-16 15:25:14.241000,415.6252494274901,998
2024-09-16 15:25:14.259000,415.6270597842641,98
2024-09-16 15:25:14.321000,415.60742323979457,9
2024-09-16 15:25:14.435000,415.6316580429636,998
2024-09-16 15:25:14.575000,415.6161001412676,101
2024-09-16 15:25:14.674000,415.6270159562766,105
2024-09-16 15:25:14.676000,415.62223645699135,96
2024-09-16 15:25:14.787000,415.6231782380675,97
2024-09-16 15:25:14.811000,415.6176355622654,5
2024-09-16 15:25:14.853000,415.6494717127918,998
2024-09-16 15:25:14.885000,415.5959476086563,105
2024-09-16 15:25:15.029000,415.6352415038688,1005
2024-09-16 15:25:15.124000,415.638370644896,9
2024-09-16 15:25:15.183000,415.6446413419448,1004
2024-09-16 15:25:15.249000,415.63194863862685,15
2024-09-16 15:25:15.299000,415.6629691563954,11
2024-09-16 15:25:15.359000,415.6371364069419,1000
2024-09-16 15:25:15.386000,415.65054657402897,14
2024-09-16 15:25:15.403000,415.6462317610828,995
2024-09-16 15:25:15.482000,415.6498560401286,13
2024-09-16 15:25:15.535000,415.6298565488677,102
2024-09-16 15:25:15.552000,415.65835190848776,10
2024-09-16 15:25:15.600000,415.6404068688327,103
2024-09-16 15:25:15.609000,415.6513132765999,104
2024-09-16 15:25:15.712000,415.6583348631719,13
2024-09-16 15:25:15.854000,415.64459828485417,97
2024-09-16 15:25:15.861000,415.64437735284304,6
2024-09-16 15:25:15.867000,415.6497546720783,1001
2024-09-16 15:25:15.941000,415.6239166897671,10
2024-09-16 15:25:16.145000,415.7220323574871,996
2024-09-16 15:25:16.149000,415.767080100591,999
2024-09-16 15:25:16.158000,415.7095354339143,95
2024-09-16 15:25:16.222000,415.76763387654177,8
2024-09-16 15:25:16.304000,415.73193740522566,15
2024-09-16 15:25:16.366000,415.7698308485407,95
2024-09-16 15:25:16.393000,418.1225693518282,1000
2024-09-16 15:25:16.402000,415.6710704671214,998
2024-09-16 15:25:16.640000,415.7462286015751,995
2024-09-16 15:25:16.648000,415.763365731994,103
2024-09-16 15:25:16.650000,415.72392653278894,999
2024-09-16 15:25:16.658000,415.7503719693818,7
2024-09-16 15:25:16.672000,415.6912347894388,1005
2024-09-16 15:25:16.756000,415.7092319277775,97
2024-09-16 15:25:16.886000,415.6567121352091,995
2024-09-16 15:25:17.221000,415.73264038788056,6
2024-09-16 15:25:17.359000,415.7690245671305,1004
2024-09-16 15:25:17.844000,415.7472077517368,7
2024-09-16 15:25:17.943000,415.7425704489284,97
2024-09-16 15:25:18.096000,415.730802506607,995
2024-09-16 15:25:18.129000,415.6691920770164,95
2024-09-16 15:25:18.416000,415.7374827443368,6
2024-09-16 15:25:18.453000,415.6928295371923,105
2024-09-16 15:25:18.598000,415.7550409082264,15
2024-09-16 15:25:18.634000,415.7540309293054,998
2024-09-16 15:25:18.650000,415.6998087768063,97
2024-09-16 15:25:18.671000,415.7075139099828,1005
2024-09-16 15:25:18.684000,415.7301817576846,101
2024-09-16 15:25:18.686000,415.6875449089283,96
2024-09-16 15:25:18.702000,415.6650998858669,1001
2024-09-16 15:25:18.753000,415.721169297045,103
2024-09-16 15:25:18.757000,415.6667164082924,996
2024-09-16 15:25:18.768000,415.7021319412916,96
2024-09-16 15:25:18.842000,415.713141855724,95
2024-09-16 15:25:18.866000,415.6959473897236,13
2024-09-16 15:25:18.964000,415.7182157049568,105
2024-09-16 15:25:18.970000,415.6772289428597,105
2024-09-16 15:25:19.203000,415.72703449334574,11
2024-09-16 15:25:19.408000,415.7003904139268,996
2024-09-16 15:25:19.507000,415.6723501794608,998
2024-09-16 15:25:19.753000,415.7018170330309,103
2024-09-16 15:25:19.786000,415.7143092277432,1001
2024-09-16 15:25:19.987000,415.6907153258056,97
2024-09-16 15:25:20.134000,415.7215513137692,97
2024-09-16 15:25:20.256000,415.7408490972392,8
2024-09-16 15:25:20.447000,415.7167596229108,14
2024-09-16 15:25:20.519000,415.7321505697946,9
2024-09-16 15:25:20.939000,415.7350969928783,1002
2024-09-16 15:25:21.003000,415.7766212409937,96
2024-09-16 15:25:21.013000,415.6944494592446,1002
2024-09-16 15:25:21.022000,415.70867692961656,1004
2024-09-16 15:25:21.052000,415.7155921623026,995
2024-09-16 15:25:21.080000,415.7100118229386,100
2024-09-16 15:25:21.085000,415.7290784523285,1000
2024-09-16 15:25:21.130000,415.7761632057046,6
2024-09-16 15:25:21.137000,415.704984976045,11
2024-09-16 15:25:21.213000,415.6844632330848,100
2024-09-16 15:25:21.265000,415.7621037509823,5
2024-09-16 15:25:21.267000,415.7184129800803,101
2024-09-16 15:25:21.309000,415.7166059620816,7
2024-09-16 15:25:21.390000,415.69995770360174,997
2024-09-16 15:25:21.562000,415.6925613180257,11
2024-09-16 15:25:21.672000,415.7372746342802,5
2024-09-16 15:25:21.679000,415.773483665036,96
2024-09-16 15:25:21.680000,415.7835417226111,996
2024-09-16 15:25:21.711000,415.7414695223972,998
2024-09-16 15:25:21.728000,415.6896938170294,97
2024-09-16 15:25:21.738000,415.7035093233858,97
2024-09-16 15:25:21.782000,415.7607781058878,100
2024-09-16 15:25:21.787000,415.7401729097596,12
2024-09-16 15:25:21.807000,415.7161700631352,97
2024-09-16 15:25:21.819000,415.69822969795206,7
2024-09-16 15:25:21.854000,415.7288333602043,15
2024-09-16 15:25:21.915000,415.6995882912452,12
2024-09-16 15:25:22.031000,415.7147978169231,7
2024-09-16 15:25:22.033000,415.6985595271376,104
2024-09-16 15:25:22.038000,415.700363550552,11
2024-09-16 15:25:22.049000,415.71776422197854,996
2024-09-16 15:25:22.105000,418.1816569990619,1005
2024-09-16 15:25:22.122000,415.7169191727685,996
2024-09-16 15:25:22.133000,415.7335302229692,103
2024-09-16 15:25:22.222000,415.7071430867396,997
2024-09-16 15:25:22.250000,415.7138682559776,95
2024-09-16 15:25:22.251000,415.6667628076558,1004
2024-09-16 15:25:22.561000,415.7180153150733,1003
2024-09-16 15:25:22.775000,415.7308361606631,7
2024-09-16 15:25:22.794000,415.72530896490304,100
2024-09-16 15:25:22.815000,415.7121215199951,10
2024-09-16 15:25:22.817000,415.7204465420159,1004
2024-09-16 15:25:22.870000,415.7258245193307,1001
2024-09-16 15:25:22.883000,415.7198119395838,102
2024-09-16 15:25:22.916000,415.70821406100754,997
2024-09-16 15:25:22.932000,415.7233530655156,1000
2024-09-16 15:25:23.032000,415.63229607112913,1000
2024-09-16 15:25:23.066000,415.6580690229461,8
2024-09-16 15:25:23.168000,415.6251742991905,998
2024-09-16 15:25:23.171000,415.6342148787962,1000
2024-09-16 15:25:23.185000,415.66000664621424,14
2024-09-16 15:25:23.279000,415.6515204575829,6
2024-09-16 15:25:23.321000,415.6558495434707,11
2024-09-16 15:25:23.331000,415.6039758151027,8
2024-09-16 15:25:23.554000,415.625678543068,97
2024-09-16 15:25:23.560000,415.6401526800423,13
2024-09-16 15:25:23.572000,415.65624675576873,1000
2024-09-16 15:25:23.643000,415.6512220272844,1002
2024-09-16 15:25:23.677000,415.6683642273039,1002
2024-09-16 15:25:23.726000,415.65547534131673,1005
2024-09-16 15:25:23.771000,415.65253027965895,996
2024-09-16 15:25:23.777000,415.65908068547736,102
2024-09-16 15:25:23.808000,415.6522638132759,995
2024-09-16 15:25:23.816000,415.6545111445869,102
2024-09-16 15:25:23.826000,415.6476569705198,1000
2024-09-16 15:25:23.935000,415.6235174460379,7
2024-09-16 15:25:23.940000,415.6404692394114,97
2024-09-16 15:25:23.988000,415.6529077884006,9
2024-09-16 15:25:24.043000,415.6235328447821,998
2024-09-16 15:25:24.057000,415.6393854914905,12
2024-09-16 15:25:24.062000,415.640079765958,100
2024-09-16 15:25:24.101000,415.6499429688621,8
2024-09-16 15:25:24.128000,415.6194684872071,95
2024-09-16 15:25:24.263000,415.6478566890751,1004
2024-09-16 15:25:24.332000,415.6309085717386,99
2024-09-16 15:25:24.338000,415.6512582480681,996
2024-09-16 15:25:24.374000,415.6283797965945,6
2024-09-16 15:25:24.382000,415.64735683969633,103
2024-09-16 15:25:24.482000,415.6229155830409,997
2024-09-16 15:25:24.519000,415.6199654813989,9
2024-09-16 15:25:24.539000,415.6253293441419,15
2024-09-16 15:25:24.575000,415.63888523532455,100
2024-09-16 15:25:24.588000,415.6190464762976,1004
2024-09-16 15:25:24.604000,415.6551062108262,9
2024-09-16 15:25:24.629000,415.6394006021878,15
2024-09-16 15:25:24.632000,415.640074400911,8
2024-09-16 15:25:24.703000,415.6450605996151,997
2024-09-16 15:25:24.704000,415.62063635316696,11
2024-09-16 15:25:24.773000,415.64291741424,13
2024-09-16 15:25:24.792000,415.6421192912104,11
2024-09-16 15:25:24.831000,415.6137798903711,1005
2024-09-16 15:25:24.881000,415.6509473000272,1003
2024-09-16 15:25:24.904000,415.6281479552202,12
2024-09-16 15:25:24.990000,415.6266933093624,7
2024-09-16 15:25:25.100000,415.6170405983393,104
2024-09-16 15:25:25.181000,415.6178270658822,99
2024-09-16 15:25:25.403000,415.6884676092579,98
2024-09-16 15:25:25.411000,415.6448274847082,995
2024-09-16 15:25:25.462000,415.612359877243,996
2024-09-16 15:25:25.617000,415.6127514951062,15
2024-09-16 15:25:25.719000,415.62104332669367,9
2024-09-16 15:25:25.725000,415.6742903619859,101
2024-09-16 15:25:25.781000,415.6214217775831,99
2024-09-16 15:25:25.789000,415.6288541537671,9
2024-09-16 15:25:25.803000,415.6399535517837,7
2024-09-16 15:25:25.833000,415.70184611130935,998
2024-09-16 15:25:25.837000,415.65790826456976,1000
2024-09-16 15:25:25.889000,415.63985442791983,995
2024-09-16 15:25:25.955000,415.63952235100703,14
2024-09-16 15:25:26.088000,415.7336121422133,104
2024-09-16 15:25:26.119000,415.7333590409303,995
2024-09-16 15:25:26.260000,415.6951070712697,99
2024-09-16 15:25:26.324000,415.7260328879559,7
2024-09-16 15:25:26.371000,415.701565772263,14
2024-09-16 15:25:26.402000,415.7308807962586,14
2024-09-16 15:25:26.405000,415.6898570626624,1004
2024-09-16 15:25:26.531000,415.6954210668279,10
2024-09-16 15:25:26.553000,415.7300739816287,6
2024-09-16 15:25:27.010000,415.712559845108,102
2024-09-16 15:25:27.187000,415.72639149669794,1003
2024-09-16 15:25:27.206000,415.72523830198094,103
2024-09-16 15:25:27.233000,415.7584796753291,6
2024-09-16 15:25:27.255000,415.7381243403936,96
2024-09-16 15:25:27.418000,415.69971479910527,999
2024-09-16 15:25:27.583000,415.7371581700437,14
2024-09-16 15:25:27.668000,415.7371265979436,1005
2024-09-16 15:25:27.671000,415.7260568613444,998
2024-09-16 15:25:27.689000,415.7401432807984,103
2024-09-16 15:25:27.761000,415.7363522009477,95
2024-09-16 15:25:27.813000,415.6844183818697,997
2024-09-16 15:25:27.831000,415.7233297817386,13
2024-09-16 15:25:27.850000,415.7346734773756,99
2024-09-16 15:25:27.893000,415.737487972331,100
2024-09-16 15:25:27.977000,415.730925914802,1000
2024-09-16 15:25:27.997000,415.6797508764057,13
2024-09-16 15:25:28.039000,415.7393622893507,1000
2024-09-16 15:25:28.050000,415.6696900956548,98
2024-09-16 15:25:28.078000,415.66263792699095,104
2024-09-16 15:25:28.082000,415.7477585381811,101
2024-09-16 15:25:28.102000,415.6967163752607,7
2024-09-16 15:25:28.106000,415.7613245850715,11
2024-09-16 15:25:28.128000,415.7116282579837,1000
2024-09-16 15:25:28.242000,415.75910921468005,102
2024-09-16 15:25:28.393000,415.6940367991983,10
2024-09-16 15:25:28.407000,415.6870578804492,1002
2024-09-16 15:25:28.413000,415.7329057595784,997
2024-09-16 15:25:28.420000,415.6808179148463,98
2024-09-16 15:25:28.435000,415.74189097024015,100
2024-09-16 15:25:28.446000,415.6846679700556,1002
2024-09-16 15:25:28.454000,415.6923908774789,9
2024-09-16 15:25:28.485000,415.70996460714406,997
2024-09-16 15:25:28.490000,415.68756837197344,12
2024-09-16 15:25:28.499000,415.7684081410543,995
2024-09-16 15:25:28.570000,415.7095887993746,100
2024-09-16 15:25:28.572000,415.6798767433584,99
2024-09-16 15:25:28.579000,415.6778683479118,995
2024-09-16 15:25:28.606000,415.7272404257109,14
2024-09-16 15:25:28.723000,415.7132385724596,95
2024-09-16 15:25:28.750000,415.69466316526206,995
2024-09-16 15:25:28.830000,415.6846529805131,1004
2024-09-16 15:25:28.843000,415.7178697295256,7
2024-09-16 15:25:28.954000,415.6787815641514,102
2024-09-16 15:25:28.965000,415.7483085462594,14
2024-09-16 15:25:28.974000,415.753959097008,104
2024-09-16 15:25:29.086000,415.7206863005096,12
2024-09-16 15:25:29.100000,415.7491497293448,7
2024-09-16 15:25:29.122000,415.7306943082798,10
2024-09-16 15:25:29.364000,415.7746986912958,99
2024-09-16 15:25:29.368000,415.739816393052,12
2024-09-16 15:25:29.384000,415.7070671237971,6
2024-09-16 15:25:29.415000,415.75584991343976,10
2024-09-16 15:25:29.527000,415.7149662645285,103
2024-09-16 15:25:29.543000,415.69596527121433,13
2024-09-16 15:25:29.592000,415.7224802883993,101
2024-09-16 15:25:29.594000,415.7180447877171,11
2024-09-16 15:25:29.596000,415.72614600280747,1003
2024-09-16 15:25:29.628000,415.72087354817273,1003
2024-09-16 15:25:29.665000,415.6922312707409,1003
2024-09-16 15:25:29.690000,415.7655305974858,100
2024-09-16 15:25:29.724000,415.7275347645392,5
2024-09-16 15:25:29.740000,415.7378698211456,1003
2024-09-16 15:25:29.761000,415.698761155203,97
2024-09-16 15:25:29.798000,415.6832253848912,11
2024-09-16 15:25:29.814000,415.7282334377504,103
2024-09-16 15:25:29.814000,415.71163629404094,104
2024-09-16 15:25:29.836000,415.75542940106624,105
2024-09-16 15:25:29.849000,415.73440592671903,12
2024-09-16 15:25:29.850000,415.7083217934171,10
2024-09-16 15:25:29.879000,415.74336068438976,15
2024-09-16 15:25:29.908000,415.71664028436567,1002
2024-09-16 15:25:29.918000,415.7163703251969,1004
2024-09-16 15:25:29.944000,415.7107023774453,6
2024-09-16 15:25:29.944000,415.70618147915854,996
2024-09-16 15:25:29.961000,415.7178635043312,1002
2024-09-16 15:25:30.005000,415.6494577658215,1004
2024-09-16 15:25:30.016000,415.7400255450317,1004
2024-09-16 15:25:30.044000,415.69495236287406,5
2024-09-16 15:25:30.064000,415.6984238814144,14
2024-09-16 15:25:30.087000,415.70847002332806,10
2024-09-16 15:25:30.120000,415.7214994214481,100
2024-09-16 15:25:30.192000,415.6560589744659,11
2024-09-16 15:25:30.238000,415.6001455815995,104
2024-09-16 15:25:30.276000,418.1115020669616,10
2024-09-16 15:25:30.280000,415.7057005683489,999
2024-09-16 15:25:30.326000,415.6813297067362,98
2024-09-16 15:25:30.366000,415.6716971153059,1004
2024-09-16 15:25:30.460000,415.6846969869738,13
2024-09-16 15:25:30.495000,415.70311143538976,999
2024-09-16 15:25:30.508000,415.7147658668967,1000
2024-09-16 15:25:30.524000,415.6739973369574,95
2024-09-16 15:25:30.524000,415.70572719157695,95
2024-09-16 15:25:30.568000,415.7427752370928,997
2024-09-16 15:25:30.602000,415.75890398075416,1003
2024-09-16 15:25:30.637000,415.7622377248868,1004
2024-09-16 15:25:30.650000,415.7738597691389,13
2024-09-16 15:25:30.650000,415.7757672644341,97
2024-09-16 15:25:30.710000,415.67302119884914,1005
2024-09-16 15:25:30.818000,415.69541489725714,12
2024-09-16 15:25:30.866000,415.6072618948581,100
2024-09-16 15:25:30.888000,415.6571386917688,7
2024-09-16 15:25:30.909000,415.76514404762776,5
2024-09-16 15:25:30.923000,415.6464438069533,97
2024-09-16 15:25:30.934000,415.71582641147273,103
2024-09-16 15:25:30.952000,415.6598661621002,95
2024-09-16 15:25:31.050000,415.5510128275236,998
2024-09-16 15:25:31.269000,415.58392655713055,1004
2024-09-16 15:25:31.298000,415.5798368688066,996
2024-09-16 15:25:31.397000,415.5873016301026,15
2024-09-16 15:25:31.435000,415.56932667442095,15
2024-09-16 15:25:31.489000,415.55394029896,1005
2024-09-16 15:25:31.585000,415.5948903782552,15
2024-09-16 15:25:31.800000,415.58577012499046,997
2024-09-16 15:25:31.907000,415.5526867325935,7
2024-09-16 15:25:32.028000,415.56989675714135,5
2024-09-16 15:25:32.054000,415.5800551872151,105
2024-09-16 15:25:32.173000,415.56803300330137,11
2024-09-16 15:25:32.175000,415.57181353539215,10
2024-09-16 15:25:32.203000,415.5684657867265,105
2024-09-16 15:25:32.208000,415.57786133156446,10
2024-09-16 15:25:32.304000,415.5689894853403,101
2024-09-16 15:25:32.428000,415.5731044339136,1001
2024-09-16 15:25:32.453000,415.5774045413464,98
2024-09-16 15:25:32.552000,415.56265774183424,5
2024-09-16 15:25:32.645000,415.5732280292044,5
2024-09-16 15:25:32.704000,415.5787711009001,1002
2024-09-16 15:25:32.863000,415.5701241734256,9
2024-09-16 15:25:32.935000,415.5683747615564,97
2024-09-16 15:25:33.003000,415.58335117279466,99
2024-09-16 15:25:33.074000,415.5722819634661,1002
2024-09-16 15:25:33.134000,415.57121694886666,1001
2024-09-16 15:25:33.143000,415.5880380168263,996
2024-09-16 15:25:33.480000,415.5556969731183,1005
2024-09-16 15:25:33.505000,415.5990918005736,12
2024-09-16 15:25:33.550000,415.5861756899336,98
2024-09-16 15:25:33.638000,415.57410685452544,999
2024-09-16 15:25:33.924000,415.5863588143384,9
2024-09-16 15:25:34.104000,415.570122984116,1003
2024-09-16 15:25:34.123000,415.5613141397495,995
2024-09-16 15:25:34.208000,415.5620584066461,95
2024-09-16 15:25:34.223000,415.5481801117834,6
2024-09-16 15:25:34.482000,415.5709588424182,102
2024-09-16 15:25:34.492000,415.5604578369792,105
2024-09-16 15:25:34.714000,415.55828439204697,98
2024-09-16 15:25:34.780000,415.6032815798725,95
2024-09-16 15:25:34.785000,415.5826237808208,105
2024-09-16 15:25:34.872000,415.5888672237165,10
2024-09-16 15:25:35.014000,415.590241532761,8
2024-09-16 15:25:35.017000,415.6108978079136,7
2024-09-16 15:25:35.049000,415.6287341757597,1000
2024-09-16 15:25:35.050000,415.59738537583945,995
2024-09-16 15:25:35.110000,415.6221317350914,95
2024-09-16 15:25:35.154000,415.6047755998927,1001
2024-09-16 15:25:35.154000,415.6311170444656,12
2024-09-16 15:25:35.266000,415.6036896675612,6
2024-09-16 15:25:35.344000,415.5973451547343,1001
2024-09-16 15:25:35.348000,415.61802780801577,999
2024-09-16 15:25:35.372000,415.6338142649572,99
2024-09-16 15:25:35.428000,415.6164507387013,1002
2024-09-16 15:25:35.513000,415.6156358699112,100
2024-09-16 15:25:35.516000,415.5961679892249,14
2024-09-16 15:25:35.543000,415.5887853233297,9
2024-09-16 15:25:35.632000,415.6006542404541,9
2024-09-16 15:25:35.706000,415.58648286663407,98
2024-09-16 15:25:35.723000,415.6227017930656,14
2024-09-16 15:25:35.764000,415.6373395602775,995
2024-09-16 15:25:35.784000,415.6146665403516,96
2024-09-16 15:25:35.862000,415.61077167940914,1003
2024-09-16 15:25:36.174000,415.6154678330015,10
2024-09-16 15:25:36.656000,415.6117881970118,104
2024-09-16 15:25:37.083000,415.6661139992017,9
2024-09-16 15:25:37.096000,415.6289691899363,5
2024-09-16 15:25:37.110000,415.6710356090488,104
2024-09-16 15:25:37.112000,415.6675087671829,14
2024-09-16 15:25:37.214000,415.6428742818469,5
2024-09-16 15:25:37.273000,415.6333384280056,95
2024-09-16 15:25:37.280000,415.7045832748645,6
2024-09-16 15:25:37.310000,415.6829572980952,96
2024-09-16 15:25:37.335000,415.6312708378422,11
2024-09-16 15:25:37.362000,415.685079832608,103
2024-09-16 15:25:37.363000,415.6758456651524,14
2024-09-16 15:25:37.481000,415.6462360825078,8
2024-09-16 15:25:37.539000,415.70876867712775,5
2024-09-16 15:25:37.592000,415.7050137788208,96
2024-09-16 15:25:37.593000,415.6506321435887,1004
2024-09-16 15:25:37.604000,415.678998075981,15
2024-09-16 15:25:37.609000,415.67854176807504,8
2024-09-16 15:25:37.623000,415.6780759040556,15
2024-09-16 15:25:37.664000,415.6470495077655,9
2024-09-16 15:25:37.704000,415.63351930830703,1000
2024-09-16 15:25:37.711000,415.6390852001196,15
2024-09-16 15:25:37.757000,415.6909922348517,13
2024-09-16 15:25:37.789000,415.6878018437691,9
2024-09-16 15:25:37.850000,415.6169280601428,999
2024-09-16 15:25:37.865000,415.6294726544127,95
2024-09-16 15:25:37.917000,415.6781798599111,7
2024-09-16 15:25:37.948000,415.6635232176012,10
2024-09-16 15:25:37.960000,415.6771667507178,997
2024-09-16 15:25:38.314000,415.6832391205684,999
2024-09-16 15:25:38.671000,415.6843422607334,1002
2024-09-16 15:25:39.046000,415.6529308835604,98
2024-09-16 15:25:39.064000,415.59470926232905,1004
2024-09-16 15:25:39.114000,415.6832356669301,1004
2024-09-16 15:25:39.139000,415.57753603316473,14
2024-09-16 15:25:39.519000,415.6845363612649,95
2024-09-16 15:25:39.587000,415.5691973860945,14
2024-09-16 15:25:39.721000,415.6485294746494,14
2024-09-16 15:25:39.743000,415.7021569606001,97
2024-09-16 15:25:39.751000,415.6340814762012,100
2024-09-16 15:25:39.854000,415.63314886645566,95
2024-09-16 15:25:39.861000,415.6261122589718,998
2024-09-16 15:25:39.890000,415.6005082391338,1003
2024-09-16 15:25:39.930000,415.6975855829068,996
2024-09-16 15:25:39.933000,415.6693798831269,97
2024-09-16 15:25:39.940000,415.58659164596656,99
2024-09-16 15:25:40.052000,415.5472153261559,998
2024-09-16 15:25:40.129000,415.5559188415316,104
2024-09-16 15:25:40.132000,415.5840874820881,6
2024-09-16 15:25:40.133000,415.552308499289,1002
2024-09-16 15:25:40.159000,415.5716960606589,5
2024-09-16 15:25:40.168000,415.5737423991209,998
2024-09-16 15:25:40.279000,415.5206039374663,999
2024-09-16 15:25:40.340000,415.5361798001016,9
2024-09-16 15:25:40.354000,415.50939597922286,10
2024-09-16 15:25:40.417000,415.56387206781176,11
2024-09-16 15:25:40.505000,415.5698377967721,10
2024-09-16 15:25:40.545000,415.574428519082,98
2024-09-16 15:25:40.553000,415.554768398872,96
2024-09-16 15:25:40.603000,415.5908858093145,995
2024-09-16 15:25:40.693000,415.5789551495083,14
2024-09-16 15:25:40.714000,415.5448314387656,104
2024-09-16 15:25:40.729000,415.5709556013365,102
2024-09-16 15:25:40.828000,415.59316462531183,8
2024-09-16 15:25:40.854000,415.5539660338827,104
2024-09-16 15:25:40.890000,415.5792220678263,14
2024-09-16 15:25:40.919000,415.556607102394,1002
2024-09-16 15:25:40.927000,415.6002654705756,103
2024-09-16 15:25:41.152000,415.5143393496359,996
2024-09-16 15:25:41.235000,415.5145782133538,9
2024-09-16 15:25:41.245000,415.5201132311646,99
2024-09-16 15:25:41.256000,415.5121660227275,101
2024-09-16 15:25:41.625000,415.5174992212799,7
2024-09-16 15:25:41.632000,415.5209482575474,998
2024-09-16 15:25:41.708000,415.5098641639081,14
2024-09-16 15:25:41.882000,415.5225902408242,1000
2024-09-16 15:25:41.916000,415.5420576142455,96
2024-09-16 15:25:41.984000,415.5213916749696,100
2024-09-16 15:25:42.081000,415.50275372472805,96
2024-09-16 15:25:42.081000,415.51039245702674,12
2024-09-16 15:25:42.137000,415.5220376611282,13
2024-09-16 15:25:42.192000,415.5445841712211,6
2024-09-16 15:25:42.212000,415.5365152976111,1001
2024-09-16 15:25:42.220000,415.4997321316727,96
2024-09-16 15:25:42.295000,415.5237908200664,95
2024-09-16 15:25:42.447000,415.5166138935846,105
2024-09-16 15:25:42.517000,415.504891201664,999
2024-09-16 15:25:42.610000,415.5206427745498,5
2024-09-16 15:25:42.651000,415.5097107726462,8
2024-09-16 15:25:42.703000,415.5027526115299,102
2024-09-16 15:25:42.707000,415.53930807047686,997
2024-09-16 15:25:42.710000,415.5236420346901,996
2024-09-16 15:25:42.814000,415.52492140757806,105
2024-09-16 15:25:42.838000,415.5058604990535,96
2024-09-16 15:25:42.863000,415.5238688763808,101
2024-09-16 15:25:42.930000,415.5335745505959,999
2024-09-16 15:25:42.952000,415.51134336368057,1001
2024-09-16 15:25:43.057000,415.496548278354,13
2024-09-16 15:25:43.195000,415.4800245047281,998
2024-09-16 15:25:43.280000,415.4859564695091,995
2024-09-16 15:25:43.301000,415.5126317282954,998
2024-09-16 15:25:43.412000,415.5161537001639,15
2024-09-16 15:25:43.542000,415.5130899578388,98
2024-09-16 15:25:43.547000,415.5110759745555,999
2024-09-16 15:25:43.548000,415.5126477966051,10
2024-09-16 15:25:43.558000,415.4890527136953,1005
2024-09-16 15:25:43.561000,415.5046575008292,1005
2024-09-16 15:25:43.567000,415.5058009855852,7
2024-09-16 15:25:43.569000,415.50363339762976,6
2024-09-16 15:25:43.580000,415.5253833490428,1001
2024-09-16 15:25:43.641000,415.5106624683821,995
2024-09-16 15:25:43.708000,415.4736633272217,13
2024-09-16 15:25:43.726000,415.50781824977616,5
2024-09-16 15:25:43.730000,415.5238211925949,102
2024-09-16 15:25:43.744000,415.5077784061338,1001
2024-09-16 15:25:43.747000,415.51205491978646,11
2024-09-16 15:25:43.803000,415.5112725732856,11
2024-09-16 15:25:43.965000,415.4998124478914,13
2024-09-16 15:25:43.965000,415.506687799657,96
2024-09-16 15:25:43.987000,415.5153912654039,98
2024-09-16 15:25:43.993000,415.514488439442,99
2024-09-16 15:25:44.006000,415.4872703935825,1004
2024-09-16 15:25:44.080000,415.5220206572637,103
2024-09-16 15:25:44.120000,415.48672855282,999
2024-09-16 15:25:44.131000,415.5239463939883,7
2024-09-16 15:25:44.171000,415.53638589335264,5
2024-09-16 15:25:44.226000,415.5187791125783,1002
2024-09-16 15:25:44.299000,415.541859747712,997
2024-09-16 15:25:44.322000,415.5083692300781,998
2024-09-16 15:25:44.368000,415.5202650414066,995
2024-09-16 15:25:44.374000,415.4861687632305,6
2024-09-16 15:25:44.377000,415.50629203411296,8
2024-09-16 15:25:44.422000,415.4787288448097,104
2024-09-16 15:25:44.523000,415.53984988920087,15
2024-09-16 15:25:44.608000,415.4982343355596,12
2024-09-16 15:25:44.610000,415.5144784170206,12
2024-09-16 15:25:44.688000,415.5335591071955,1003
2024-09-16 15:25:44.695000,415.5061983095328,8
2024-09-16 15:25:44.753000,415.55986594470784,995
2024-09-16 15:25:44.793000,415.541040055572,10
2024-09-16 15:25:44.804000,415.48750452015537,998
2024-09-16 15:25:44.813000,415.5242935627922,99
2024-09-16 15:25:44.818000,415.5240235757551,6
2024-09-16 15:25:44.825000,415.4889613860896,99
2024-09-16 15:25:44.847000,415.45814650306846,997
2024-09-16 15:25:44.884000,415.4838521782825,96
2024-09-16 15:25:44.889000,415.5270094504201,6
2024-09-16 15:25:44.974000,415.5403053671725,995
2024-09-16 15:25:45.007000,415.4946116424411,13
2024-09-16 15:25:45.085000,415.5334335482331,1003
2024-09-16 15:25:45.088000,415.5003948290284,995
2024-09-16 15:25:45.163000,415.4881688609109,1005
2024-09-16 15:25:45.172000,415.507759825955,6
2024-09-16 15:25:45.172000,415.49859511315935,1000
2024-09-16 15:25:45.304000,415.5316436746032,98
2024-09-16 15:25:45.350000,415.497633212286,5
2024-09-16 15:25:45.420000,415.5411701864511,9
2024-09-16 15:25:45.467000,415.5136317719496,995
2024-09-16 15:25:45.494000,415.49392993733073,95
2024-09-16 15:25:45.502000,415.5456157136531,95
2024-09-16 15:25:45.505000,415.48940366118114,12
2024-09-16 15:25:45.523000,415.52971484058367,1004
2024-09-16 15:25:45.707000,415.47867303372107,1005
2024-09-16 15:25:45.721000,415.4796323202871,99
2024-09-16 15:25:45.739000,415.4592560204656,95
2024-09-16 15:25:45.753000,415.5065622904158,1001
2024-09-16 15:25:45.830000,415.49106867218336,8
2024-09-16 15:25:45.912000,415.5040537181964,11
2024-09-16 15:25:45.974000,415.47536522140274,105
2024-09-16 15:25:46,415.5449492622137,1005
2024-09-16 15:25:46.094000,415.54753945215856,99
2024-09-16 15:25:46.126000,415.5666593691934,1004
2024-09-16 15:25:46.150000,415.5517773454075,1005
2024-09-16 15:25:46.309000,415.5666605273291,997
2024-09-16 15:25:46.363000,415.5343894552063,1003
2024-09-16 15:25:46.388000,415.5564503594528,12
2024-09-16 15:25:46.451000,415.5828975658527,12
2024-09-16 15:25:46.536000,415.5588020714659,105
2024-09-16 15:25:46.577000,415.5497671654888,12
2024-09-16 15:25:46.583000,415.5729865121341,1005
2024-09-16 15:25:46.605000,415.549479388984,101
2024-09-16 15:25:46.607000,415.5505478896159,9
2024-09-16 15:25:46.645000,415.5461268184417,102
2024-09-16 15:25:46.715000,415.5737149628039,1005
2024-09-16 15:25:46.827000,415.55413824893975,15
2024-09-16 15:25:46.907000,415.571952133836,98
2024-09-16 15:25:47.009000,415.6721227735107,12
2024-09-16 15:25:47.110000,415.6486518562105,996
2024-09-16 15:25:47.168000,415.6592847677495,9
2024-09-16 15:25:47.265000,415.6567107879847,10
2024-09-16 15:25:47.282000,415.58257527532106,1000
2024-09-16 15:25:47.331000,415.6540355028945,1001
2024-09-16 15:25:47.343000,415.62530534988224,6
2024-09-16 15:25:47.349000,415.6365393001946,96
2024-09-16 15:25:47.525000,415.6096580123813,105
2024-09-16 15:25:47.526000,415.6344234887527,1001
2024-09-16 15:25:47.547000,415.6379910486193,103
2024-09-16 15:25:47.625000,415.6703971490516,8
2024-09-16 15:25:47.664000,415.6647923858236,998
2024-09-16 15:25:47.689000,415.6040388776357,102
2024-09-16 15:25:47.718000,415.6595741032891,996
2024-09-16 15:25:47.783000,415.6623680129321,100
2024-09-16 15:25:47.818000,415.66478903562137,13
2024-09-16 15:25:47.861000,415.6264678380403,6
2024-09-16 15:25:47.872000,415.68318690055736,6
2024-09-16 15:25:47.914000,415.64180164222887,13
2024-09-16 15:25:47.942000,415.6423363594074,96
2024-09-16 15:25:47.968000,415.6511489811864,1004
2024-09-16 15:25:47.986000,415.6274390712974,1005
2024-09-16 15:25:48.017000,415.5970942526277,5
2024-09-16 15:25:48.127000,415.6030718741234,102
2024-09-16 15:25:48.129000,415.6332440267653,1000
2024-09-16 15:25:48.182000,415.6163762611912,95
2024-09-16 15:25:48.192000,415.62027707688856,995
2024-09-16 15:25:48.254000,415.67091045977935,1001
2024-09-16 15:25:48.267000,415.6159039754105,95
2024-09-16 15:25:48.300000,415.6187669848364,102
2024-09-16 15:25:48.421000,415.62547049945846,100
2024-09-16 15:25:48.472000,415.6122639618929,103
2024-09-16 15:25:48.558000,415.64110357133774,11
2024-09-16 15:25:48.644000,415.6453396615323,6
2024-09-16 15:25:48.851000,415.67791666476455,1001
2024-09-16 15:25:48.869000,415.6546359802445,14
2024-09-16 15:25:49.205000,415.5847897967116,999
2024-09-16 15:25:49.265000,415.5769445498859,998
2024-09-16 15:25:49.600000,415.6150368171327,103
2024-09-16 15:25:49.725000,415.5913462091869,104
2024-09-16 15:25:49.920000,415.5862694047309,14
2024-09-16 15:25:50.088000,415.5491849174616,11
2024-09-16 15:25:50.109000,415.556232278243,13
2024-09-16 15:25:50.177000,415.6190000879436,1004
2024-09-16 15:25:50.343000,415.612753148565,95
2024-09-16 15:25:50.465000,415.6152124115234,999
2024-09-16 15:25:50.648000,415.5625069993344,5
2024-09-16 15:25:50.736000,415.5641488231458,1002
2024-09-16 15:25:50.748000,415.6149391951547,100
2024-09-16 15:25:50.980000,415.5926035703455,995
2024-09-16 15:25:51.121000,415.57098228903607,997
2024-09-16 15:25:51.214000,415.5668551912022,96
2024-09-16 15:25:51.233000,415.5772734770951,996
2024-09-16 15:25:51.246000,415.5652475360091,10
2024-09-16 15:25:51.287000,415.5371505847796,9
2024-09-16 15:25:51.304000,415.5989192606164,1005
2024-09-16 15:25:51.321000,415.574209255244,101
2024-09-16 15:25:51.347000,415.5766414358843,97
2024-09-16 15:25:51.368000,415.559632983482,14
2024-09-16 15:25:51.430000,415.5747634481826,11
2024-09-16 15:25:51.457000,415.57405137657,9
2024-09-16 15:25:51.510000,415.54565120127086,13
2024-09-16 15:25:51.537000,415.5882121425902,997
2024-09-16 15:25:51.569000,418.25662658246017,98
2024-09-16 15:25:51.614000,415.5504469616027,14
2024-09-16 15:25:51.678000,415.5776393263527,105
2024-09-16 15:25:51.709000,415.5737438716386,6
2024-09-16 15:25:51.789000,415.5892070758736,14
2024-09-16 15:25:51.792000,415.57645038336415,996
2024-09-16 15:25:51.858000,415.5920758919104,998
2024-09-16 15:25:51.870000,415.57652983314847,103
2024-09-16 15:25:52.007000,415.5790066251894,998
2024-09-16 15:25:52.011000,415.57546056648033,1003
2024-09-16 15:25:52.104000,415.58304835291807,998
2024-09-16 15:25:52.114000,415.6252056285823,96
2024-09-16 15:25:52.174000,415.5587579573573,101
2024-09-16 15:25:52.193000,415.61799146529296,14
2024-09-16 15:25:52.218000,415.6194484827676,96
2024-09-16 15:25:52.230000,415.58308706187705,999
2024-09-16 15:25:52.272000,415.6164509968793,15
2024-09-16 15:25:52.277000,415.5770191968277,14
2024-09-16 15:25:52.311000,415.5943315873912,103
2024-09-16 15:25:52.340000,415.59382123875713,999
2024-09-16 15:25:52.405000,418.1776741720639,996
2024-09-16 15:25:52.444000,415.5445310003498,996
2024-09-16 15:25:52.458000,415.5786799517019,1002
2024-09-16 15:25:52.469000,415.624546113695,105
2024-09-16 15:25:52.487000,415.5921748170298,101
2024-09-16 15:25:52.601000,415.5695995202221,998
2024-09-16 15:25:52.619000,415.5777700895886,99
2024-09-16 15:25:52.638000,415.5900070504292,997
2024-09-16 15:25:52.873000,415.5893012652559,99
2024-09-16 15:25:52.896000,415.5726228108761,998
2024-09-16 15:25:52.962000,415.5794870612866,998
2024-09-16 15:25:53.003000,415.6372467352044,14
2024-09-16 15:25:53.041000,415.6057466410669,14
2024-09-16 15:25:53.066000,415.6077547011952,5
2024-09-16 15:25:53.180000,415.6046176446147,6
2024-09-16 15:25:53.200000,415.5171808531367,1005
2024-09-16 15:25:53.248000,415.6311704046915,1000
2024-09-16 15:25:53.269000,415.5405143949176,1004
2024-09-16 15:25:53.341000,415.53217283587526,1005
2024-09-16 15:25:53.368000,415.5385945609693,98
2024-09-16 15:25:53.391000,415.6045511462502,99
2024-09-16 15:25:53.408000,415.5761010798264,6
2024-09-16 15:25:53.428000,415.56536192372494,1005
2024-09-16 15:25:53.441000,415.5836221198177,105
2024-09-16 15:25:53.459000,415.6108963764309,999
2024-09-16 15:25:53.498000,415.5697787890633,1001
2024-09-16 15:25:53.499000,415.59784192075824,7
2024-09-16 15:25:53.536000,415.5317618534369,1002
2024-09-16 15:25:53.565000,415.5854150272718,9
2024-09-16 15:25:53.578000,415.5593914464712,8
2024-09-16 15:25:53.706000,415.5275751117536,96
2024-09-16 15:25:53.728000,415.5476665876101,99
2024-09-16 15:25:53.753000,415.5417131003924,1004
2024-09-16 15:25:53.756000,415.5394899129804,12
2024-09-16 15:25:53.770000,415.529743092046,1005
2024-09-16 15:25:53.815000,415.6297075386349,1005
2024-09-16 15:25:53.916000,415.52994944300576,13
2024-09-16 15:25:53.967000,415.5548359966545,1001
2024-09-16 15:25:54.004000,415.5928913128493,104
2024-09-16 15:25:54.016000,415.5851390888749,998
2024-09-16 15:25:54.024000,415.5776241360408,998
2024-09-16 15:25:54.076000,415.5921863545356,998
2024-09-16 15:25:54.209000,415.5816936496341,997
2024-09-16 15:25:54.267000,415.57981350776015,996
2024-09-16 15:25:54.297000,415.58485284153073,104
2024-09-16 15:25:54.314000,415.5735035651416,1005
2024-09-16 15:25:54.358000,415.5862207894542,10
2024-09-16 15:25:54.392000,415.57588321257697,1002
2024-09-16 15:25:54.580000,415.5779427865723,7
2024-09-16 15:25:54.646000,415.59144257803325,999
2024-09-16 15:25:54.719000,415.57303958306335,104
2024-09-16 15:25:54.752000,415.5707432083978,104
2024-09-16 15:25:54.770000,415.5969917861713,100
2024-09-16 15:25:54.791000,415.5815477667242,998
2024-09-16 15:25:54.803000,415.56604165701054,104
2024-09-16 15:25:54.946000,415.57724346464784,12
2024-09-16 15:25:54.975000,415.6013485578173,14
2024-09-16 15:25:55.045000,415.597625671158,104
2024-09-16 15:25:55.066000,415.5906255097496,1005
2024-09-16 15:25:55.127000,415.6105206445666,1004
2024-09-16 15:25:55.210000,415.6257627687394,1002
2024-09-16 15:25:55.242000,415.6259853936774,101
2024-09-16 15:25:55.246000,415.60863713779673,998
2024-09-16 15:25:55.254000,415.5991570053459,99
2024-09-16 15:25:55.274000,415.6338213776831,995
2024-09-16 15:25:55.278000,415.6230698911822,995
2024-09-16 15:25:55.316000,415.62704838859656,1002
2024-09-16 15:25:55.386000,415.6017046978234,8
2024-09-16 15:25:55.412000,415.5893649325316,1002
2024-09-16 15:25:55.446000,415.62950996732496,15
2024-09-16 15:25:55.461000,415.605776981328,1001
2024-09-16 15:25:55.475000,415.5836729558261,1003
2024-09-16 15:25:55.524000,415.58230103526927,97
2024-09-16 15:25:55.594000,415.6361957906586,1001
2024-09-16 15:25:55.605000,415.611128690526,96
2024-09-16 15:25:55.614000,415.5794863324434,1001
2024-09-16 15:25:55.717000,415.574342049413,7
2024-09-16 15:25:55.724000,415.62240731668527,103
2024-09-16 15:25:55.802000,415.5821699094133,96
2024-09-16 15:25:55.845000,415.6404670021594,104
2024-09-16 15:25:55.900000,415.59247598692747,998
2024-09-16 15:25:55.923000,415.6012086084564,102
2024-09-16 15:25:55.929000,415.6027599164272,101
2024-09-16 15:25:55.930000,415.6404934259559,102
2024-09-16 15:25:55.999000,415.5643359867311,100
2024-09-16 15:25:56.015000,415.6447030485684,995
2024-09-16 15:25:56.202000,415.65911749358816,8
2024-09-16 15:25:56.390000,415.6402859715794,12
2024-09-16 15:25:56.443000,415.6506835798624,5
2024-09-16 15:25:56.503000,415.6741238091288,1002
2024-09-16 15:25:56.576000,415.6360947082892,999
2024-09-16 15:25:56.759000,415.66565927073685,1002
2024-09-16 15:25:56.948000,415.6611584900973,13
2024-09-16 15:25:57.031000,415.7668003383616,11
2024-09-16 15:25:57.158000,415.7587181277396,1003
2024-09-16 15:25:57.350000,415.7470588638848,996
2024-09-16 15:25:57.446000,415.7347164516442,10
2024-09-16 15:25:57.499000,415.76332083769023,101
2024-09-16 15:25:57.572000,415.7120850373368,11
2024-09-16 15:25:57.579000,415.76471413077576,15
2024-09-16 15:25:57.726000,415.7537314909426,1000
2024-09-16 15:25:57.772000,415.68907312290247,1002
2024-09-16 15:25:57.783000,415.7163069559844,1005
2024-09-16 15:25:57.922000,415.71238113646814,12
2024-09-16 15:25:57.929000,415.7065043479001,103
2024-09-16 15:25:58.017000,415.7442336779407,8
2024-09-16 15:25:58.056000,415.70664848419415,8
2024-09-16 15:25:58.216000,415.71157648954267,1000
2024-09-16 15:25:58.292000,415.6869331299552,6
2024-09-16 15:25:58.344000,415.7041459623325,12
2024-09-16 15:25:58.455000,415.7510470495406,997
2024-09-16 15:25:58.464000,415.6987685096613,8
2024-09-16 15:25:58.563000,415.7494570974144,102
2024-09-16 15:25:58.564000,415.7111774154247,1003
2024-09-16 15:25:58.570000,415.7557009277005,104
2024-09-16 15:25:58.663000,415.7212739007506,14
2024-09-16 15:25:58.727000,415.7662175373027,1004
2024-09-16 15:25:58.762000,415.7729711755888,105
2024-09-16 15:25:58.969000,415.70125888204393,98
2024-09-16 15:25:59.100000,415.654625373076,8
2024-09-16 15:25:59.136000,415.69494118707263,1002
2024-09-16 15:25:59.144000,415.6841390463852,12
2024-09-16 15:25:59.156000,415.68516532070805,8
2024-09-16 15:25:59.185000,415.6890504401093,99
2024-09-16 15:25:59.248000,415.67996832367686,1003
2024-09-16 15:25:59.314000,415.68438366483264,7
2024-09-16 15:25:59.318000,415.6910773654146,1005
2024-09-16 15:25:59.420000,415.675715988644,15
2024-09-16 15:25:59.422000,415.6943137923108,99
2024-09-16 15:25:59.506000,415.69128967661135,997
2024-09-16 15:25:59.529000,415.6413854082465,5
2024-09-16 15:25:59.540000,415.6701041894697,95
2024-09-16 15:25:59.547000,415.66652855010966,1004
2024-09-16 15:25:59.579000,415.6825260869188,996
2024-09-16 15:25:59.631000,415.6894368772369,15
2024-09-16 15:25:59.774000,415.69579519983,105
2024-09-16 15:25:59.827000,415.686493358889,99
2024-09-16 15:25:59.842000,415.6953330393658,1002
2024-09-16 15:25:59.913000,415.717544272372,995
2024-09-16 15:25:59.924000,415.6847063692232,1000
2024-09-16 15:25:59.927000,415.6722928181842,102
