Timestamp,Price,Size
2024-09-18 13:23:00.084000,416.0837008154034,1004
2024-09-18 13:23:00.118000,416.0191572084895,95
2024-09-18 13:23:00.145000,416.0989377074,1000
2024-09-18 13:23:00.216000,416.0522520871185,104
2024-09-18 13:23:00.230000,416.070768023241,996
2024-09-18 13:23:00.256000,416.048015485572,97
2024-09-18 13:23:00.257000,416.0597409428004,8
2024-09-18 13:23:00.414000,416.0304848857696,999
2024-09-18 13:23:00.416000,416.0325293016446,9
2024-09-18 13:23:00.425000,415.98875668631786,1003
2024-09-18 13:23:00.451000,416.06067853190063,7
2024-09-18 13:23:00.466000,416.1018752277303,14
2024-09-18 13:23:00.497000,416.0717060476546,1002
2024-09-18 13:23:00.581000,416.0774323441249,98
2024-09-18 13:23:00.644000,416.00487518016274,102
2024-09-18 13:23:00.683000,416.0732915002607,105
2024-09-18 13:23:00.701000,416.0472064543691,1000
2024-09-18 13:23:00.739000,416.0393526351982,13
2024-09-18 13:23:00.747000,416.0211329341174,98
2024-09-18 13:23:00.824000,416.0902325088336,12
2024-09-18 13:23:00.881000,416.085488362307,12
2024-09-18 13:23:00.886000,416.0441314727437,99
2024-09-18 13:23:00.957000,416.0920387842808,14
2024-09-18 13:23:00.963000,416.0837012477096,996
2024-09-18 13:23:01.003000,416.1228584399259,10
2024-09-18 13:23:01.015000,416.13029514276457,996
2024-09-18 13:23:01.066000,416.0952528035537,8
2024-09-18 13:23:01.098000,416.1484100892795,998
2024-09-18 13:23:01.264000,416.14245869481937,1003
2024-09-18 13:23:01.272000,416.11160073350027,96
2024-09-18 13:23:01.297000,416.12811443921805,1004
2024-09-18 13:23:01.337000,416.1442371329017,997
2024-09-18 13:23:01.387000,416.19315496108703,15
2024-09-18 13:23:01.393000,416.1295757697395,7
2024-09-18 13:23:01.396000,416.1279769835277,105
2024-09-18 13:23:01.443000,416.15258507808966,999
2024-09-18 13:23:01.504000,416.1240251036512,14
2024-09-18 13:23:01.743000,416.1299050649742,101
2024-09-18 13:23:01.759000,416.1674475348238,6
2024-09-18 13:23:01.762000,416.2193513521862,11
2024-09-18 13:23:01.780000,416.1321905809695,996
2024-09-18 13:23:01.839000,416.1135406858389,995
2024-09-18 13:23:01.952000,416.1010442881085,5
2024-09-18 13:23:01.992000,416.1572367906821,5
2024-09-18 13:23:02.196000,416.2429763711075,10
2024-09-18 13:23:02.725000,416.23054408672914,1005
2024-09-18 13:23:02.787000,416.2369962598452,101
2024-09-18 13:23:02.855000,416.2011343846466,7
2024-09-18 13:23:03.025000,416.185987083135,8
2024-09-18 13:23:03.262000,416.1768361742503,101
2024-09-18 13:23:03.601000,416.2238005275877,996
2024-09-18 13:23:03.695000,416.183937139554,11
2024-09-18 13:23:03.719000,416.2234939559796,9
2024-09-18 13:23:03.919000,416.2100049394491,99
2024-09-18 13:23:03.919000,416.2044978971007,97
2024-09-18 13:23:04.027000,416.19986112665663,1002
2024-09-18 13:23:04.083000,416.2093997503712,103
2024-09-18 13:23:04.091000,416.21503765197855,100
2024-09-18 13:23:04.102000,416.2144510598492,1003
2024-09-18 13:23:04.110000,416.1652126265816,998
2024-09-18 13:23:04.170000,416.2103513881234,999
2024-09-18 13:23:04.189000,416.1850411560416,6
2024-09-18 13:23:04.201000,416.1929338604632,5
2024-09-18 13:23:04.208000,416.1717220724413,7
2024-09-18 13:23:04.230000,416.1867009378505,12
2024-09-18 13:23:04.356000,416.2064157094382,104
2024-09-18 13:23:04.465000,416.2059026542562,96
2024-09-18 13:23:04.482000,416.1963423852871,11
2024-09-18 13:23:04.525000,416.199650051036,99
2024-09-18 13:23:04.526000,416.2188133847122,6
2024-09-18 13:23:04.571000,416.2050592112339,101
2024-09-18 13:23:04.598000,416.1986349016682,104
2024-09-18 13:23:04.788000,416.1725385925359,13
2024-09-18 13:23:04.992000,416.2083959301095,9
2024-09-18 13:23:05.057000,416.22146588137554,1005
2024-09-18 13:23:05.065000,416.1716303640835,98
2024-09-18 13:23:05.123000,416.3008490373561,13
2024-09-18 13:23:05.165000,416.1716970991127,1005
2024-09-18 13:23:05.202000,416.18532201284125,15
2024-09-18 13:23:05.203000,416.21954438494254,101
2024-09-18 13:23:05.273000,416.22646161105325,13
2024-09-18 13:23:05.288000,416.21321818080577,14
2024-09-18 13:23:05.339000,416.32074132348646,95
2024-09-18 13:23:05.461000,416.1935587052319,1005
2024-09-18 13:23:05.516000,416.3065025635063,102
2024-09-18 13:23:05.676000,416.29510932086936,1004
2024-09-18 13:23:05.690000,416.3075863680751,996
2024-09-18 13:23:05.695000,416.2816282063413,104
2024-09-18 13:23:05.796000,416.229990861727,97
2024-09-18 13:23:05.843000,416.2184133737538,1003
2024-09-18 13:23:05.844000,416.2023658302545,103
2024-09-18 13:23:05.849000,416.2608069760293,100
2024-09-18 13:23:05.875000,416.2102250934616,103
2024-09-18 13:23:05.885000,416.17480302604105,1005
2024-09-18 13:23:05.903000,416.2059213703312,995
2024-09-18 13:23:05.930000,416.3224202653946,14
2024-09-18 13:23:05.956000,416.2397076456254,998
2024-09-18 13:23:05.963000,416.1925746147356,14
2024-09-18 13:23:06.038000,416.3463559829863,8
2024-09-18 13:23:06.074000,416.3310220374355,99
2024-09-18 13:23:06.117000,416.3860916525983,1003
2024-09-18 13:23:06.209000,416.3508765443492,11
2024-09-18 13:23:06.243000,416.3516990022881,97
2024-09-18 13:23:06.331000,416.3537909377991,96
2024-09-18 13:23:06.357000,416.365995227873,12
2024-09-18 13:23:06.416000,416.36754569277656,15
2024-09-18 13:23:06.420000,416.3394307601952,104
2024-09-18 13:23:06.473000,416.3438060623876,12
2024-09-18 13:23:06.502000,416.3284874228584,95
2024-09-18 13:23:06.704000,416.3512289095952,10
2024-09-18 13:23:06.859000,416.3391156073149,8
2024-09-18 13:23:06.927000,416.343282597037,101
2024-09-18 13:23:07.006000,416.37624306977926,996
2024-09-18 13:23:07.070000,416.3423935221705,98
2024-09-18 13:23:07.344000,416.35664689023946,95
2024-09-18 13:23:07.348000,416.4033511346227,13
2024-09-18 13:23:07.354000,416.35101444025327,7
2024-09-18 13:23:07.395000,416.4034982988602,98
2024-09-18 13:23:07.425000,416.4109720091334,96
2024-09-18 13:23:07.507000,416.3780467821348,998
2024-09-18 13:23:07.624000,416.3539642604496,15
2024-09-18 13:23:07.628000,416.3511086943331,998
2024-09-18 13:23:07.654000,416.3688040097945,103
2024-09-18 13:23:07.809000,416.40189223368697,1003
2024-09-18 13:23:07.851000,416.41343656115896,96
2024-09-18 13:23:07.875000,416.3758514719748,99
2024-09-18 13:23:07.893000,416.36707460801466,103
2024-09-18 13:23:07.896000,416.3917718999463,1004
2024-09-18 13:23:08.105000,416.4421780045985,11
2024-09-18 13:23:08.157000,416.435846053385,7
2024-09-18 13:23:08.207000,416.402307433474,7
2024-09-18 13:23:08.209000,416.40238897744297,105
2024-09-18 13:23:08.254000,416.44779256208926,6
2024-09-18 13:23:08.305000,416.4311774968333,105
2024-09-18 13:23:08.319000,416.4315779578323,1000
2024-09-18 13:23:08.398000,416.4222386601776,5
2024-09-18 13:23:08.400000,416.4263712555962,1005
2024-09-18 13:23:08.411000,416.4244392799599,13
2024-09-18 13:23:08.447000,416.4002907178384,1000
2024-09-18 13:23:08.501000,416.4383919793919,100
2024-09-18 13:23:08.581000,416.4302746972004,103
2024-09-18 13:23:08.581000,416.4036853673691,102
2024-09-18 13:23:08.596000,416.41628309809374,13
2024-09-18 13:23:08.621000,416.4637891889334,996
2024-09-18 13:23:08.638000,416.4193674747103,105
2024-09-18 13:23:08.705000,416.4279005033818,1000
2024-09-18 13:23:08.752000,416.4593547249033,1003
2024-09-18 13:23:08.762000,416.44838898181393,9
2024-09-18 13:23:08.840000,416.4287749302058,13
2024-09-18 13:23:08.843000,416.41501552005707,104
2024-09-18 13:23:08.843000,416.3996267628568,1000
2024-09-18 13:23:08.879000,416.42165994641726,105
2024-09-18 13:23:08.905000,416.45161299008777,105
2024-09-18 13:23:08.935000,416.4310261244297,97
2024-09-18 13:23:08.946000,416.4017937383016,5
2024-09-18 13:23:09.052000,416.3794949101016,1004
2024-09-18 13:23:09.079000,416.3537201613861,6
2024-09-18 13:23:09.085000,416.39110919220366,102
2024-09-18 13:23:09.093000,416.3915762580848,1002
2024-09-18 13:23:09.112000,416.3773807223362,1005
2024-09-18 13:23:09.162000,416.36931417425103,997
2024-09-18 13:23:09.175000,416.36833721892464,1001
2024-09-18 13:23:09.227000,416.3709721469717,997
2024-09-18 13:23:09.352000,416.3756379127474,12
2024-09-18 13:23:09.412000,416.3702647008451,8
2024-09-18 13:23:09.505000,416.3513888327996,99
2024-09-18 13:23:09.613000,416.3954236395052,100
2024-09-18 13:23:09.669000,416.36223162026585,97
2024-09-18 13:23:09.675000,416.3751574830344,10
2024-09-18 13:23:09.711000,416.4036915045293,15
2024-09-18 13:23:09.757000,416.35354241977393,1004
2024-09-18 13:23:09.757000,416.3467820215333,101
2024-09-18 13:23:09.831000,416.3505283929021,1001
2024-09-18 13:23:09.835000,416.3521890207308,96
2024-09-18 13:23:09.862000,416.3925714579549,1005
2024-09-18 13:23:09.865000,416.38232897507095,11
2024-09-18 13:23:09.873000,416.3665042115534,999
2024-09-18 13:23:09.877000,416.3931116058744,102
2024-09-18 13:23:09.881000,416.36762855779926,15
2024-09-18 13:23:09.921000,416.3613595057531,995
2024-09-18 13:23:09.931000,416.38574548108335,15
2024-09-18 13:23:09.966000,416.36674698449815,1002
2024-09-18 13:23:09.981000,416.3374463385931,1001
2024-09-18 13:23:10.074000,416.3501589494652,105
2024-09-18 13:23:10.166000,416.347760566953,101
2024-09-18 13:23:10.175000,416.3419110033571,1005
2024-09-18 13:23:10.212000,416.3467575035637,7
2024-09-18 13:23:10.232000,416.3534096204236,104
2024-09-18 13:23:10.247000,416.3529885620583,11
2024-09-18 13:23:10.321000,416.3331744911943,1001
2024-09-18 13:23:10.331000,416.3302011751488,15
2024-09-18 13:23:10.340000,416.3571260450256,7
2024-09-18 13:23:10.351000,416.3561536486277,1005
2024-09-18 13:23:10.370000,416.3344630273763,1003
2024-09-18 13:23:10.506000,416.3324030945338,6
2024-09-18 13:23:10.537000,416.3410271798599,9
2024-09-18 13:23:10.593000,416.3346993766084,103
2024-09-18 13:23:10.748000,416.33714236218685,12
2024-09-18 13:23:10.763000,416.3664339960851,101
2024-09-18 13:23:10.839000,416.3812143959768,95
2024-09-18 13:23:10.917000,416.3323800917895,104
2024-09-18 13:23:10.943000,416.38568126072505,1001
2024-09-18 13:23:10.970000,416.37156646724605,101
2024-09-18 13:23:10.977000,416.3816543573906,102
2024-09-18 13:23:11.068000,416.30588832777954,97
2024-09-18 13:23:11.387000,416.33042376138974,996
2024-09-18 13:23:11.433000,416.3273383239341,95
2024-09-18 13:23:11.563000,416.3226136791867,996
2024-09-18 13:23:11.584000,416.3461613320897,99
2024-09-18 13:23:11.772000,416.3667094630302,1003
2024-09-18 13:23:11.826000,416.29861756626366,12
2024-09-18 13:23:11.983000,416.3441759128156,996
2024-09-18 13:23:12.194000,416.314100072253,10
2024-09-18 13:23:12.217000,416.30387318657296,99
2024-09-18 13:23:12.308000,416.330682317968,103
2024-09-18 13:23:12.396000,416.3275537979477,13
2024-09-18 13:23:12.407000,416.3310444760377,97
2024-09-18 13:23:12.425000,416.3414733920058,103
2024-09-18 13:23:12.568000,416.3126022370721,11
2024-09-18 13:23:12.673000,416.3420683579628,998
2024-09-18 13:23:12.709000,416.35489563670455,999
2024-09-18 13:23:12.718000,416.3494533788897,1001
2024-09-18 13:23:12.839000,416.33014568552414,7
2024-09-18 13:23:12.907000,416.3286412532083,96
2024-09-18 13:23:12.943000,416.3186638175279,5
2024-09-18 13:23:12.952000,416.3372533085847,96
2024-09-18 13:23:13.002000,416.26774748987646,997
2024-09-18 13:23:13.034000,416.2219001513465,999
2024-09-18 13:23:13.154000,416.3331678252008,96
2024-09-18 13:23:13.192000,416.31654283718746,8
2024-09-18 13:23:13.213000,416.3295175288384,98
2024-09-18 13:23:13.215000,416.2276232880832,103
2024-09-18 13:23:13.234000,416.2633961722356,9
2024-09-18 13:23:13.245000,416.32236978092425,996
2024-09-18 13:23:13.309000,416.2083213561613,10
2024-09-18 13:23:13.330000,416.3229048936641,104
2024-09-18 13:23:13.403000,416.2749787933778,1000
2024-09-18 13:23:13.453000,416.21612186369686,1000
2024-09-18 13:23:13.557000,416.188825728186,1000
2024-09-18 13:23:13.575000,416.2921188032736,13
2024-09-18 13:23:13.624000,416.21280423389766,9
2024-09-18 13:23:13.697000,416.3132534573122,99
2024-09-18 13:23:13.780000,416.3295873362773,97
2024-09-18 13:23:13.822000,416.2120890466384,103
2024-09-18 13:23:13.824000,416.2393332791278,104
2024-09-18 13:23:13.829000,416.30486612843856,6
2024-09-18 13:23:13.927000,416.2835874603158,997
2024-09-18 13:23:13.939000,416.327775853594,102
2024-09-18 13:23:13.971000,416.1806670152285,1001
2024-09-18 13:23:13.997000,416.19053720569065,999
2024-09-18 13:23:14.025000,416.1280772255645,97
2024-09-18 13:23:14.033000,416.1570286253023,9
2024-09-18 13:23:14.154000,416.2088121634895,999
2024-09-18 13:23:14.178000,416.17438622164906,14
2024-09-18 13:23:14.225000,416.1860574235516,15
2024-09-18 13:23:14.225000,416.1100904397065,96
2024-09-18 13:23:14.258000,416.1821256291893,102
2024-09-18 13:23:14.260000,416.13873349618297,102
2024-09-18 13:23:14.310000,416.1691778921644,102
2024-09-18 13:23:14.316000,416.1301598118824,13
2024-09-18 13:23:14.344000,416.1616739123171,7
2024-09-18 13:23:14.349000,416.133640228333,9
2024-09-18 13:23:14.389000,416.1830332151392,1003
2024-09-18 13:23:14.407000,416.11565872483976,1002
2024-09-18 13:23:14.421000,416.17006089814026,997
2024-09-18 13:23:14.459000,416.1727751524832,11
2024-09-18 13:23:14.505000,416.20224015247777,13
2024-09-18 13:23:14.506000,416.1391395981986,95
2024-09-18 13:23:14.564000,416.12485876761264,9
2024-09-18 13:23:14.793000,416.1666715458163,996
2024-09-18 13:23:14.804000,416.1554022896007,102
2024-09-18 13:23:14.815000,416.12635149994,10
2024-09-18 13:23:14.827000,416.103977699804,12
2024-09-18 13:23:14.843000,416.1603600157424,96
2024-09-18 13:23:14.846000,416.12871815287366,98
2024-09-18 13:23:14.899000,416.1175723427411,101
2024-09-18 13:23:14.938000,416.11984281643606,1000
2024-09-18 13:23:14.971000,416.18660090813097,12
2024-09-18 13:23:16.009000,416.0789094254747,1005
2024-09-18 13:23:16.016000,416.0797419626478,10
2024-09-18 13:23:16.037000,416.1015043106297,7
2024-09-18 13:23:16.120000,416.1068260692429,97
2024-09-18 13:23:16.121000,416.1049018284065,100
2024-09-18 13:23:16.174000,416.1014861773738,95
2024-09-18 13:23:16.219000,416.1126836930579,5
2024-09-18 13:23:16.267000,416.1127120226975,996
2024-09-18 13:23:16.276000,416.1212833948477,1003
2024-09-18 13:23:16.281000,416.1091477504187,997
2024-09-18 13:23:16.308000,416.1091516448926,103
2024-09-18 13:23:16.324000,416.1212420254376,1001
2024-09-18 13:23:16.328000,416.0971487683152,1003
2024-09-18 13:23:16.360000,416.09181188732697,102
2024-09-18 13:23:16.360000,416.0911866576724,104
2024-09-18 13:23:16.541000,416.1072817468821,6
2024-09-18 13:23:16.676000,416.10417161590993,96
2024-09-18 13:23:16.677000,416.0913643007317,95
2024-09-18 13:23:16.846000,416.108214358937,100
2024-09-18 13:23:16.849000,416.0996798049748,96
2024-09-18 13:23:16.871000,416.12231642530463,995
2024-09-18 13:23:16.921000,416.1108402317349,1004
2024-09-18 13:23:16.952000,416.0951298105607,1003
2024-09-18 13:23:16.953000,416.0929148387979,13
2024-09-18 13:23:16.986000,416.10682582162167,8
2024-09-18 13:23:17.036000,416.0834389235815,100
2024-09-18 13:23:17.082000,416.0924696281913,98
2024-09-18 13:23:17.114000,416.0929105470181,98
2024-09-18 13:23:17.160000,416.066063668616,13
2024-09-18 13:23:17.301000,416.0559847586277,1000
2024-09-18 13:23:17.303000,416.0473568863621,1002
2024-09-18 13:23:17.319000,416.0778504145392,1000
2024-09-18 13:23:17.448000,416.0620142487653,96
2024-09-18 13:23:17.536000,416.0744687563869,11
2024-09-18 13:23:17.561000,416.0555535929789,9
2024-09-18 13:23:17.817000,416.0690230654011,96
2024-09-18 13:23:17.866000,416.0929009536147,10
2024-09-18 13:23:17.952000,416.06873536475086,104
2024-09-18 13:23:17.970000,416.0768620232717,15
2024-09-18 13:23:18.063000,416.11412606575817,105
2024-09-18 13:23:18.065000,416.1220058828547,97
2024-09-18 13:23:18.089000,416.077474516742,996
2024-09-18 13:23:18.128000,416.14100712220727,11
2024-09-18 13:23:18.131000,416.1218989580074,103
2024-09-18 13:23:18.151000,416.0548114986738,999
2024-09-18 13:23:18.327000,416.12027141420566,104
2024-09-18 13:23:18.397000,416.06716030753904,1001
2024-09-18 13:23:18.461000,416.0555112708349,999
2024-09-18 13:23:18.482000,416.1411175536362,6
2024-09-18 13:23:18.688000,416.1397341764594,11
2024-09-18 13:23:18.695000,416.13946774943975,105
2024-09-18 13:23:18.734000,416.10056277579247,1004
2024-09-18 13:23:18.822000,416.1092746287365,996
2024-09-18 13:23:18.825000,416.07688866922285,998
2024-09-18 13:23:18.877000,416.0772913537877,96
2024-09-18 13:23:18.920000,416.0624896883318,7
2024-09-18 13:23:18.975000,416.0807295930322,101
2024-09-18 13:23:19.012000,416.08214405626205,99
2024-09-18 13:23:19.033000,416.0669057211018,15
2024-09-18 13:23:19.051000,416.071822167728,100
2024-09-18 13:23:19.066000,416.1012618439726,13
2024-09-18 13:23:19.083000,416.1558470529565,1004
2024-09-18 13:23:19.091000,416.1113723491284,999
2024-09-18 13:23:19.139000,416.08500118117286,1004
2024-09-18 13:23:19.180000,416.0803032522349,6
2024-09-18 13:23:19.297000,416.1221592653733,1002
2024-09-18 13:23:19.405000,416.06292497168863,1003
2024-09-18 13:23:19.451000,416.0656292031669,1002
2024-09-18 13:23:19.538000,416.1103369320403,12
2024-09-18 13:23:19.541000,416.06014302211946,95
2024-09-18 13:23:19.546000,416.08867580567926,999
2024-09-18 13:23:19.657000,416.0850089189028,104
2024-09-18 13:23:19.659000,416.127482197941,997
2024-09-18 13:23:19.708000,416.08379439801433,9
2024-09-18 13:23:19.837000,416.1058244838316,1004
2024-09-18 13:23:19.880000,416.1387388372569,96
2024-09-18 13:23:19.907000,416.1132551535245,15
2024-09-18 13:23:19.910000,416.1217482440007,5
2024-09-18 13:23:19.929000,416.06370113876494,102
2024-09-18 13:23:20.269000,416.1409653357807,12
2024-09-18 13:23:20.395000,416.1280996932873,1003
2024-09-18 13:23:20.555000,416.1153240525959,6
2024-09-18 13:23:20.684000,416.0916219445692,98
2024-09-18 13:23:20.708000,416.14654282110007,996
2024-09-18 13:23:20.730000,416.1485044823838,997
2024-09-18 13:23:20.835000,416.1381393687665,9
2024-09-18 13:23:20.902000,416.1219657303146,97
2024-09-18 13:23:21.007000,416.1402323708836,1000
2024-09-18 13:23:21.053000,416.13310261358976,14
2024-09-18 13:23:21.098000,416.1441495013072,101
2024-09-18 13:23:21.152000,416.1170727455637,1001
2024-09-18 13:23:21.221000,416.1093949279329,105
2024-09-18 13:23:21.235000,416.1232679365284,9
2024-09-18 13:23:21.243000,416.137939705931,98
2024-09-18 13:23:21.254000,416.1324564973031,1001
2024-09-18 13:23:21.264000,416.1263190359571,102
2024-09-18 13:23:21.293000,416.1335081213119,1000
2024-09-18 13:23:21.296000,416.139361464457,1002
2024-09-18 13:23:21.306000,416.14195109193327,99
2024-09-18 13:23:21.313000,416.1563877745808,104
2024-09-18 13:23:21.377000,416.1257768881739,995
2024-09-18 13:23:21.391000,416.14795148866585,10
2024-09-18 13:23:21.414000,416.146295319304,1004
2024-09-18 13:23:21.435000,416.1274037056749,996
2024-09-18 13:23:21.467000,416.1427797758605,995
2024-09-18 13:23:21.500000,416.1163142999317,99
2024-09-18 13:23:21.538000,416.1620342159316,102
2024-09-18 13:23:21.575000,416.1429291376128,997
2024-09-18 13:23:21.587000,416.1306766177316,105
2024-09-18 13:23:21.614000,416.1493335174197,1003
2024-09-18 13:23:21.639000,416.13419019084375,7
2024-09-18 13:23:21.662000,416.14128637559537,1003
2024-09-18 13:23:21.732000,416.121588157676,999
2024-09-18 13:23:21.769000,416.1353467381492,95
2024-09-18 13:23:21.948000,416.134938342083,98
2024-09-18 13:23:21.987000,416.1397759510052,98
2024-09-18 13:23:22.165000,416.1777733181825,14
2024-09-18 13:23:22.169000,416.1558229909553,102
2024-09-18 13:23:22.184000,416.1971742195815,998
2024-09-18 13:23:22.283000,416.1906460622461,97
2024-09-18 13:23:22.412000,416.21585264963727,100
2024-09-18 13:23:22.462000,416.15868712143606,12
2024-09-18 13:23:22.501000,416.214696439863,13
2024-09-18 13:23:22.579000,416.197906404492,100
2024-09-18 13:23:22.590000,416.2099009106081,101
2024-09-18 13:23:22.596000,416.128310724003,997
2024-09-18 13:23:22.613000,416.1604169789724,101
2024-09-18 13:23:22.702000,416.1968174175853,14
2024-09-18 13:23:22.850000,416.1870805270703,11
2024-09-18 13:23:22.895000,416.1692530208674,1004
2024-09-18 13:23:22.913000,416.16785462130906,1004
2024-09-18 13:23:23.123000,416.1926174916396,105
2024-09-18 13:23:23.299000,416.2285558929091,8
2024-09-18 13:23:23.470000,416.2284303492935,1002
2024-09-18 13:23:23.632000,416.2138755583326,11
2024-09-18 13:23:23.642000,416.2242843285171,5
2024-09-18 13:23:24.010000,416.1930500605386,101
2024-09-18 13:23:24.025000,416.0720285718138,9
2024-09-18 13:23:24.038000,416.0961532323579,105
2024-09-18 13:23:24.045000,416.2095726570279,97
2024-09-18 13:23:24.046000,416.0948491981884,104
2024-09-18 13:23:24.079000,416.2226960245055,8
2024-09-18 13:23:24.228000,416.143339262318,95
2024-09-18 13:23:24.327000,416.12755765758,105
2024-09-18 13:23:24.386000,416.0912180210802,102
2024-09-18 13:23:24.389000,416.2058411562834,12
2024-09-18 13:23:24.423000,416.19739552799086,100
2024-09-18 13:23:24.452000,416.1380899725498,5
2024-09-18 13:23:24.529000,416.1260787904659,105
2024-09-18 13:23:24.549000,416.1053823544973,100
2024-09-18 13:23:24.615000,416.1237517329678,98
2024-09-18 13:23:24.622000,416.0846461990287,95
2024-09-18 13:23:24.649000,416.1094853181434,15
2024-09-18 13:23:24.654000,416.1133792950431,5
2024-09-18 13:23:24.657000,416.1723801174372,998
2024-09-18 13:23:24.711000,416.21362545224144,6
2024-09-18 13:23:24.724000,416.13174189349246,100
2024-09-18 13:23:24.834000,416.217473734852,97
2024-09-18 13:23:24.840000,416.1681122775327,103
2024-09-18 13:23:24.866000,416.2156764320421,100
2024-09-18 13:23:24.943000,416.1600743492591,102
2024-09-18 13:23:24.971000,416.08725743920127,97
2024-09-18 13:23:25.147000,416.1588395879368,1004
2024-09-18 13:23:25.233000,416.1422560084909,1002
2024-09-18 13:23:25.351000,416.1504928404079,96
2024-09-18 13:23:25.571000,416.1646244845043,8
2024-09-18 13:23:25.595000,416.1366942413965,996
2024-09-18 13:23:25.642000,416.1324766584845,1005
2024-09-18 13:23:25.642000,416.167974000674,1000
2024-09-18 13:23:25.661000,416.1517593477257,1000
2024-09-18 13:23:25.789000,416.1568574291871,1000
2024-09-18 13:23:25.813000,416.1541246442449,5
2024-09-18 13:23:25.849000,416.1340234892163,1005
2024-09-18 13:23:25.919000,416.1548727076544,997
2024-09-18 13:23:26.183000,416.1772980241993,99
2024-09-18 13:23:26.208000,416.1658205412514,98
2024-09-18 13:23:26.217000,416.1625521964766,999
2024-09-18 13:23:26.222000,416.1663705788095,12
2024-09-18 13:23:26.252000,416.1772546717067,1002
2024-09-18 13:23:26.474000,416.1934942596612,1004
2024-09-18 13:23:26.506000,416.1708895012842,99
2024-09-18 13:23:26.532000,416.1805583210626,996
2024-09-18 13:23:26.556000,416.1749471734423,13
2024-09-18 13:23:26.652000,416.1726513477308,12
2024-09-18 13:23:26.664000,416.1564039244448,6
2024-09-18 13:23:26.816000,416.1645523219912,996
2024-09-18 13:23:26.832000,416.1710622080557,12
2024-09-18 13:23:26.911000,416.14340739808017,5
2024-09-18 13:23:26.965000,416.1561903936324,1002
2024-09-18 13:23:26.976000,416.1790809231179,1002
2024-09-18 13:23:27.027000,416.1487752975646,6
2024-09-18 13:23:27.061000,416.24411923711216,95
2024-09-18 13:23:27.101000,416.22215193967,101
2024-09-18 13:23:27.178000,416.16498754943393,11
2024-09-18 13:23:27.279000,416.256870760451,14
2024-09-18 13:23:27.306000,416.1634617987737,98
2024-09-18 13:23:27.340000,416.19405349046406,997
2024-09-18 13:23:27.374000,416.1320140049625,1005
2024-09-18 13:23:27.378000,416.2564685174533,102
2024-09-18 13:23:27.459000,416.2226724375434,105
2024-09-18 13:23:27.513000,416.24446059496864,101
2024-09-18 13:23:27.549000,416.13575671227903,98
2024-09-18 13:23:27.587000,416.2278094226755,6
2024-09-18 13:23:27.598000,416.13943846293785,15
2024-09-18 13:23:27.676000,416.1248324633435,1001
2024-09-18 13:23:27.727000,416.1399524029064,95
2024-09-18 13:23:27.765000,416.189893715006,1004
2024-09-18 13:23:27.830000,416.2378203087525,12
2024-09-18 13:23:27.881000,416.1301600024138,995
2024-09-18 13:23:27.964000,416.2176501481097,1005
2024-09-18 13:23:28.010000,416.2983363920508,101
2024-09-18 13:23:28.019000,416.2917308605709,15
2024-09-18 13:23:28.073000,416.2869805275391,102
2024-09-18 13:23:28.099000,416.307936650694,105
2024-09-18 13:23:28.121000,416.3028948682497,995
2024-09-18 13:23:28.181000,416.3200952594484,1004
2024-09-18 13:23:28.204000,416.2941093896619,95
2024-09-18 13:23:28.256000,416.3243914469212,5
2024-09-18 13:23:28.279000,416.2613382821761,104
2024-09-18 13:23:28.286000,416.304604366267,999
2024-09-18 13:23:28.298000,416.2656191955178,1005
2024-09-18 13:23:28.362000,416.31552109166057,104
2024-09-18 13:23:28.452000,416.2662716609602,5
2024-09-18 13:23:28.454000,416.3250394116281,10
2024-09-18 13:23:28.463000,416.3193913364344,103
2024-09-18 13:23:28.476000,416.3183175145091,1005
2024-09-18 13:23:28.501000,416.2894715336205,105
2024-09-18 13:23:28.535000,416.3231854026573,103
2024-09-18 13:23:28.549000,416.31684518328456,99
2024-09-18 13:23:28.626000,416.3127642400276,13
2024-09-18 13:23:28.639000,416.3058297192467,1004
2024-09-18 13:23:28.673000,416.30273029460176,102
2024-09-18 13:23:28.697000,416.3245308285146,998
2024-09-18 13:23:28.751000,416.2998476124607,97
2024-09-18 13:23:28.796000,416.31896233652105,8
2024-09-18 13:23:28.824000,416.2487325967364,105
2024-09-18 13:23:28.942000,416.2570769354817,8
2024-09-18 13:23:28.957000,416.2687144063623,8
2024-09-18 13:23:28.980000,416.29855277254944,104
2024-09-18 13:23:29.092000,416.31248346448575,13
2024-09-18 13:23:29.132000,416.2936866340225,995
2024-09-18 13:23:29.151000,416.28789143809126,997
2024-09-18 13:23:29.192000,416.2973725313379,15
2024-09-18 13:23:29.226000,416.3080557584544,105
2024-09-18 13:23:29.275000,416.31266801405127,999
2024-09-18 13:23:29.318000,416.3028807039181,99
2024-09-18 13:23:29.392000,416.3117139653599,7
2024-09-18 13:23:29.536000,416.3016447401333,100
2024-09-18 13:23:29.594000,416.31774429281126,98
2024-09-18 13:23:29.731000,416.31830719019126,13
2024-09-18 13:23:29.762000,416.2955003715241,12
2024-09-18 13:23:29.795000,416.3103511987932,103
2024-09-18 13:23:30.036000,416.3148722133411,13
2024-09-18 13:23:30.093000,416.3002843769636,1000
2024-09-18 13:23:30.128000,416.3100377370219,1001
2024-09-18 13:23:30.192000,416.2998451876185,97
2024-09-18 13:23:30.228000,416.3085598741865,104
2024-09-18 13:23:30.249000,416.3319597840888,1003
2024-09-18 13:23:30.321000,416.3329949408291,15
2024-09-18 13:23:30.355000,416.296671492796,98
2024-09-18 13:23:30.365000,416.3043553181786,11
2024-09-18 13:23:30.402000,416.3239839788944,102
2024-09-18 13:23:30.463000,416.3091292049917,104
2024-09-18 13:23:30.769000,416.3222262037565,103
2024-09-18 13:23:30.772000,416.3358640823293,14
2024-09-18 13:23:30.818000,416.3268438981421,105
2024-09-18 13:23:30.851000,416.3313632573857,104
2024-09-18 13:23:30.923000,416.3314453892359,105
2024-09-18 13:23:30.924000,416.3363002624904,5
2024-09-18 13:23:30.926000,416.31921322762526,1004
2024-09-18 13:23:30.969000,416.3497143704329,995
2024-09-18 13:23:30.991000,416.34346552514137,15
2024-09-18 13:23:31.002000,416.2977734038447,9
2024-09-18 13:23:31.132000,416.2799083465136,102
2024-09-18 13:23:31.136000,416.3050128345952,98
2024-09-18 13:23:31.139000,416.3230655455499,10
2024-09-18 13:23:31.140000,416.3001035044871,1005
2024-09-18 13:23:31.174000,416.30424745728334,13
2024-09-18 13:23:31.191000,416.2793704423563,13
2024-09-18 13:23:31.210000,416.2985724214393,1001
2024-09-18 13:23:31.240000,416.3104139210348,997
2024-09-18 13:23:31.320000,416.29932996960537,95
2024-09-18 13:23:31.329000,416.3373976949092,104
2024-09-18 13:23:31.356000,416.3121122916523,1001
2024-09-18 13:23:31.380000,416.3184902450403,102
2024-09-18 13:23:31.442000,416.355643604398,7
2024-09-18 13:23:31.466000,416.3415371847001,1001
2024-09-18 13:23:31.493000,416.3233677765423,1002
2024-09-18 13:23:31.497000,416.3247564634863,6
2024-09-18 13:23:31.500000,416.3458464069166,8
2024-09-18 13:23:31.506000,416.35108541676937,1005
2024-09-18 13:23:31.570000,416.3643276670615,6
2024-09-18 13:23:31.578000,416.3275040780064,7
2024-09-18 13:23:31.712000,416.3410168139996,13
2024-09-18 13:23:31.744000,416.2948320796927,999
2024-09-18 13:23:31.746000,416.3119700806923,15
2024-09-18 13:23:31.751000,416.3192696343952,97
2024-09-18 13:23:31.797000,416.3557899572188,103
2024-09-18 13:23:31.848000,416.3101168661882,105
2024-09-18 13:23:31.877000,416.3227632248872,998
2024-09-18 13:23:32.339000,416.28639986096056,10
2024-09-18 13:23:32.475000,416.30014137877913,7
2024-09-18 13:23:32.569000,416.2661831291052,15
2024-09-18 13:23:32.591000,416.2789447545959,101
2024-09-18 13:23:32.631000,416.2984778181854,1005
2024-09-18 13:23:32.781000,416.27829672355097,9
2024-09-18 13:23:33.037000,416.3392390169433,998
2024-09-18 13:23:33.069000,416.3206735340384,1001
2024-09-18 13:23:33.322000,416.3246618933173,12
2024-09-18 13:23:33.328000,416.3599715603533,1002
2024-09-18 13:23:33.434000,416.3117185956045,15
2024-09-18 13:23:33.585000,416.3289651985653,5
2024-09-18 13:23:33.773000,416.3441182276562,1001
2024-09-18 13:23:33.981000,416.315033460678,98
2024-09-18 13:23:34.150000,416.3096089796523,11
2024-09-18 13:23:34.231000,416.3245435065214,97
2024-09-18 13:23:34.249000,416.3198264179165,8
2024-09-18 13:23:34.292000,416.31016868633134,102
2024-09-18 13:23:34.299000,416.30788494263015,10
2024-09-18 13:23:34.428000,416.3201034427662,14
2024-09-18 13:23:34.444000,416.3115448164011,1002
2024-09-18 13:23:34.452000,416.35751428830025,9
2024-09-18 13:23:34.459000,416.32079717125606,100
2024-09-18 13:23:34.515000,416.3687289810091,100
2024-09-18 13:23:34.541000,416.3319687797776,10
2024-09-18 13:23:34.547000,416.319747844332,101
2024-09-18 13:23:34.888000,416.3146114277082,99
2024-09-18 13:23:34.931000,416.33146330233103,1003
2024-09-18 13:23:34.978000,416.3401997829012,105
2024-09-18 13:23:35.288000,416.3455126064284,97
2024-09-18 13:23:35.471000,416.34522442653935,998
2024-09-18 13:23:35.483000,416.370286587227,99
2024-09-18 13:23:35.637000,416.36235425267967,995
2024-09-18 13:23:35.832000,416.3309523518682,97
2024-09-18 13:23:36.112000,416.3718551610414,105
2024-09-18 13:23:36.210000,416.36298612240046,9
2024-09-18 13:23:36.271000,416.307772873408,98
2024-09-18 13:23:36.288000,416.3231465810925,102
2024-09-18 13:23:36.290000,416.3597527041716,96
2024-09-18 13:23:36.297000,416.3060665243118,101
2024-09-18 13:23:36.314000,416.3092297967069,996
2024-09-18 13:23:36.361000,416.315048858965,98
2024-09-18 13:23:36.399000,416.30220140518895,1002
2024-09-18 13:23:36.572000,416.3519048815424,13
2024-09-18 13:23:36.589000,416.3210254915461,95
2024-09-18 13:23:36.595000,416.378060805618,102
2024-09-18 13:23:36.634000,416.33896936904927,1004
2024-09-18 13:23:36.635000,416.31011931302777,15
2024-09-18 13:23:36.652000,416.3601196622933,105
2024-09-18 13:23:36.660000,416.35937412005336,996
2024-09-18 13:23:36.671000,416.3549481947545,13
2024-09-18 13:23:36.710000,416.3694425669678,9
2024-09-18 13:23:36.738000,416.3188863434128,98
2024-09-18 13:23:36.779000,416.3700544556957,10
2024-09-18 13:23:36.790000,416.3745980393404,1000
2024-09-18 13:23:36.792000,416.3656365203632,998
2024-09-18 13:23:36.854000,416.3460180293807,8
2024-09-18 13:23:36.894000,416.3462905660433,997
2024-09-18 13:23:36.897000,416.3631574328978,1002
2024-09-18 13:23:36.935000,416.29355586820594,103
2024-09-18 13:23:36.992000,416.364819180718,1001
2024-09-18 13:23:37.110000,416.4108621290196,10
2024-09-18 13:23:37.393000,416.40866343872045,10
2024-09-18 13:23:37.411000,416.4163168138694,95
2024-09-18 13:23:37.411000,416.4384333421718,98
2024-09-18 13:23:37.419000,416.3833063721644,996
2024-09-18 13:23:37.529000,416.4203618187896,7
2024-09-18 13:23:37.538000,416.4319938070809,98
2024-09-18 13:23:37.541000,416.4069303951244,102
2024-09-18 13:23:37.563000,416.3519615772867,7
2024-09-18 13:23:37.577000,416.44430213768624,996
2024-09-18 13:23:37.594000,416.433232369549,996
2024-09-18 13:23:37.610000,416.4161855128095,102
2024-09-18 13:23:37.654000,416.36669977506,101
2024-09-18 13:23:37.739000,416.4203075606903,102
2024-09-18 13:23:37.761000,416.4318224165129,100
2024-09-18 13:23:37.909000,416.4263992055844,998
2024-09-18 13:23:37.923000,416.4300343362493,995
2024-09-18 13:23:37.943000,416.41261727316623,97
2024-09-18 13:23:37.991000,416.4261857537381,5
2024-09-18 13:23:38.075000,416.3028429460585,96
2024-09-18 13:23:38.093000,416.37761490648944,102
2024-09-18 13:23:38.174000,416.3932127646942,8
2024-09-18 13:23:38.196000,416.3198672220304,102
2024-09-18 13:23:38.231000,416.296979829406,95
2024-09-18 13:23:38.295000,416.3790578575052,95
2024-09-18 13:23:38.298000,416.3893432163519,8
2024-09-18 13:23:38.299000,416.41633287480187,95
2024-09-18 13:23:38.349000,416.3145546057256,100
2024-09-18 13:23:38.366000,416.402587007183,15
2024-09-18 13:23:38.460000,416.4052060944552,13
2024-09-18 13:23:38.469000,416.3298363958561,1004
2024-09-18 13:23:38.512000,416.3249457932166,998
2024-09-18 13:23:38.547000,416.3487782966138,995
2024-09-18 13:23:38.550000,416.325873219601,103
2024-09-18 13:23:38.556000,416.31453101304686,9
2024-09-18 13:23:38.626000,416.4010604199894,104
2024-09-18 13:23:38.646000,416.3069351548148,95
2024-09-18 13:23:38.668000,416.3400367305574,101
2024-09-18 13:23:38.776000,416.3536893609904,999
2024-09-18 13:23:38.817000,416.3851901184185,996
2024-09-18 13:23:38.858000,416.328235407726,101
2024-09-18 13:23:38.887000,416.3743303494373,12
2024-09-18 13:23:38.984000,416.30145175154325,102
2024-09-18 13:23:38.991000,416.3053539265058,995
2024-09-18 13:23:38.992000,416.3229882207448,101
2024-09-18 13:23:39.267000,416.3331597141495,103
2024-09-18 13:23:39.771000,416.3160181864157,9
2024-09-18 13:23:39.806000,416.31754642504006,6
2024-09-18 13:23:39.859000,416.3176926860635,102
2024-09-18 13:23:39.861000,416.3262692424772,9
2024-09-18 13:23:40.010000,416.31792999700906,13
2024-09-18 13:23:40.033000,416.3347603968704,98
2024-09-18 13:23:40.135000,416.31642817707154,10
2024-09-18 13:23:40.145000,416.3151170913581,10
2024-09-18 13:23:40.145000,416.3144099405918,105
2024-09-18 13:23:40.149000,416.3216755076487,98
2024-09-18 13:23:40.263000,416.3236126405474,101
2024-09-18 13:23:40.288000,416.3351250441729,14
2024-09-18 13:23:40.292000,416.310142974453,15
2024-09-18 13:23:40.547000,416.311779583194,99
2024-09-18 13:23:40.595000,416.3297625383041,11
2024-09-18 13:23:40.664000,416.3227641188508,1000
2024-09-18 13:23:40.666000,416.3235038916346,8
2024-09-18 13:23:40.670000,416.32347654095554,1003
2024-09-18 13:23:40.698000,416.3138089417224,1000
2024-09-18 13:23:40.705000,416.3174987145538,97
2024-09-18 13:23:40.747000,416.3506425367535,104
2024-09-18 13:23:40.776000,416.31984764749086,999
2024-09-18 13:23:40.798000,416.3431981865295,9
2024-09-18 13:23:40.806000,416.3119724980588,1003
2024-09-18 13:23:40.812000,416.32457942970274,98
2024-09-18 13:23:40.816000,416.3254522456724,105
2024-09-18 13:23:40.817000,416.3516323442357,995
2024-09-18 13:23:40.845000,416.313847842996,8
2024-09-18 13:23:40.956000,416.2985479980642,101
2024-09-18 13:23:40.986000,416.3504419385905,1003
2024-09-18 13:23:41.109000,416.2760844758365,101
2024-09-18 13:23:41.183000,416.2257335642853,101
2024-09-18 13:23:41.196000,416.25690350113234,999
2024-09-18 13:23:41.228000,416.2770824206103,999
2024-09-18 13:23:41.259000,416.2710887080296,11
2024-09-18 13:23:41.268000,416.2092921865741,1000
2024-09-18 13:23:41.282000,416.2046448982953,97
2024-09-18 13:23:41.326000,416.2140312500809,11
2024-09-18 13:23:41.350000,416.206614663919,997
2024-09-18 13:23:41.405000,416.2239192639404,97
2024-09-18 13:23:41.421000,416.2174213718032,9
2024-09-18 13:23:41.424000,416.277288428327,996
2024-09-18 13:23:41.545000,416.2851821704354,1004
2024-09-18 13:23:41.547000,416.21528643691335,10
2024-09-18 13:23:41.607000,416.2158421156889,11
2024-09-18 13:23:41.618000,416.23137763084713,999
2024-09-18 13:23:41.624000,416.2780600083119,11
2024-09-18 13:23:41.691000,416.2095394152645,1004
2024-09-18 13:23:41.722000,416.2654710795841,100
2024-09-18 13:23:41.794000,416.2673281445232,6
2024-09-18 13:23:41.796000,416.31115399913926,98
2024-09-18 13:23:41.856000,416.2593012443815,99
2024-09-18 13:23:41.883000,416.2379102971335,996
2024-09-18 13:23:41.939000,416.25470155960494,97
2024-09-18 13:23:41.954000,416.2460240877782,8
2024-09-18 13:23:42.370000,416.2320535029131,999
2024-09-18 13:23:42.520000,416.2434282952702,7
2024-09-18 13:23:42.625000,416.2425080943557,96
2024-09-18 13:23:42.686000,416.2310280378537,8
2024-09-18 13:23:42.945000,416.2342853732669,999
2024-09-18 13:23:43.007000,416.196718924365,95
2024-09-18 13:23:43.091000,416.20303180997627,995
2024-09-18 13:23:43.105000,416.2132326069273,101
2024-09-18 13:23:43.423000,416.1897021045888,1001
2024-09-18 13:23:43.770000,416.1870615825026,995
2024-09-18 13:23:43.969000,416.19931255749793,102
2024-09-18 13:23:44.055000,416.24125676745456,15
2024-09-18 13:23:44.094000,416.3019863582018,1002
2024-09-18 13:23:44.099000,416.3653304791724,96
2024-09-18 13:23:44.121000,416.2743066073707,102
2024-09-18 13:23:44.189000,416.2770145326236,95
2024-09-18 13:23:44.238000,416.3054502916347,996
2024-09-18 13:23:44.242000,416.2167573816004,104
2024-09-18 13:23:44.253000,416.22995803922953,105
2024-09-18 13:23:44.331000,416.2373635287999,105
2024-09-18 13:23:44.359000,416.28832632386326,100
2024-09-18 13:23:44.390000,416.256233386492,95
2024-09-18 13:23:44.418000,416.2131842598539,9
2024-09-18 13:23:44.439000,416.25022238634193,10
2024-09-18 13:23:44.485000,416.277474697253,995
2024-09-18 13:23:44.510000,416.2079188773848,995
2024-09-18 13:23:44.543000,416.3591652001844,999
2024-09-18 13:23:44.556000,416.29943518782346,1001
2024-09-18 13:23:44.561000,416.2677031860209,98
2024-09-18 13:23:44.610000,416.2848163899672,95
2024-09-18 13:23:44.697000,416.3358382112039,96
2024-09-18 13:23:44.786000,416.2137814750935,8
2024-09-18 13:23:44.812000,416.21582116774897,11
2024-09-18 13:23:44.880000,416.21163248181546,999
2024-09-18 13:23:45,416.34208890006767,99
2024-09-18 13:23:45.069000,416.3398538397013,1005
2024-09-18 13:23:45.109000,416.31862272869057,5
2024-09-18 13:23:45.237000,416.3504935620007,104
2024-09-18 13:23:45.274000,416.3363947675389,5
2024-09-18 13:23:45.338000,416.3403326902715,104
2024-09-18 13:23:45.432000,416.34020518684457,996
2024-09-18 13:23:45.477000,416.3165833138434,105
2024-09-18 13:23:45.622000,416.37382055122254,8
2024-09-18 13:23:45.634000,416.3330995107639,14
2024-09-18 13:23:45.664000,416.30538666274055,1003
2024-09-18 13:23:45.684000,416.3258837073366,14
2024-09-18 13:23:45.803000,416.3251830291706,1003
2024-09-18 13:23:45.824000,416.3388066904865,12
2024-09-18 13:23:45.838000,416.3181513237532,97
2024-09-18 13:23:45.843000,416.3541745783744,1003
2024-09-18 13:23:45.877000,416.3130337883061,103
2024-09-18 13:23:45.926000,416.341777301822,5
2024-09-18 13:23:45.945000,416.3186626897135,96
2024-09-18 13:23:46.053000,416.3669814967107,996
2024-09-18 13:23:46.084000,416.3609240019248,97
2024-09-18 13:23:46.086000,416.3135083801567,11
2024-09-18 13:23:46.231000,416.3384838514616,1001
2024-09-18 13:23:46.261000,416.3710391132978,7
2024-09-18 13:23:46.271000,416.3732555425824,12
2024-09-18 13:23:46.283000,416.3599629870165,998
2024-09-18 13:23:46.303000,416.3355656170777,12
2024-09-18 13:23:46.321000,416.3493758143935,102
2024-09-18 13:23:46.327000,416.3600762626859,13
2024-09-18 13:23:46.375000,416.3156579035853,1005
2024-09-18 13:23:46.454000,416.3175116523717,15
2024-09-18 13:23:46.458000,416.3403203875274,9
2024-09-18 13:23:46.472000,416.3552323658679,97
2024-09-18 13:23:46.533000,416.3368399360555,995
2024-09-18 13:23:46.565000,416.3152895444199,1003
2024-09-18 13:23:46.601000,416.3511807047691,105
2024-09-18 13:23:46.653000,416.347487932307,13
2024-09-18 13:23:46.676000,416.3642093961639,13
2024-09-18 13:23:46.777000,416.3209750018425,1000
2024-09-18 13:23:46.782000,416.35327886216817,96
2024-09-18 13:23:46.810000,416.33668172999927,997
2024-09-18 13:23:46.850000,416.3476691078363,8
2024-09-18 13:23:46.905000,416.3183752192779,97
2024-09-18 13:23:46.936000,416.3239857946105,13
2024-09-18 13:23:46.976000,416.31350972456704,1001
2024-09-18 13:23:47.082000,416.336551313204,105
2024-09-18 13:23:47.166000,416.28731968845983,1001
2024-09-18 13:23:47.170000,416.287949135897,998
2024-09-18 13:23:47.226000,416.280718158394,1005
2024-09-18 13:23:47.234000,416.3234332568285,1004
2024-09-18 13:23:47.290000,416.3299091540612,12
2024-09-18 13:23:47.315000,416.3465545835977,1002
2024-09-18 13:23:47.332000,416.3056358283328,97
2024-09-18 13:23:47.392000,416.30736092249225,14
2024-09-18 13:23:47.420000,416.3775939175776,103
2024-09-18 13:23:47.460000,416.2850238681988,997
2024-09-18 13:23:47.586000,416.359898628539,10
2024-09-18 13:23:47.611000,416.2680353008966,14
2024-09-18 13:23:47.616000,416.30813978523867,98
2024-09-18 13:23:47.667000,416.3544400565498,15
2024-09-18 13:23:47.761000,416.2698858550262,1001
2024-09-18 13:23:47.833000,416.30913378060114,15
2024-09-18 13:23:47.841000,416.3339035865013,13
2024-09-18 13:23:47.854000,416.3598846308184,11
2024-09-18 13:23:47.864000,416.2988052636836,11
2024-09-18 13:23:47.912000,416.34568960015457,15
2024-09-18 13:23:47.918000,416.2938857057647,97
2024-09-18 13:23:47.942000,416.290201064655,998
2024-09-18 13:23:47.982000,416.36519552000834,10
2024-09-18 13:23:48.035000,416.3171355259968,1003
2024-09-18 13:23:48.052000,416.31777128274007,1003
2024-09-18 13:23:48.080000,416.33626984888446,99
2024-09-18 13:23:48.122000,416.3413778457181,996
2024-09-18 13:23:48.192000,416.3225604894139,101
2024-09-18 13:23:48.237000,416.34882173800816,12
2024-09-18 13:23:48.242000,416.3263120843572,12
2024-09-18 13:23:48.317000,416.3153570664643,999
2024-09-18 13:23:48.324000,416.3276647369131,97
2024-09-18 13:23:48.430000,416.3249215003215,999
2024-09-18 13:23:48.501000,416.3509989482508,102
2024-09-18 13:23:48.719000,416.3144831932413,103
2024-09-18 13:23:48.814000,416.305471782862,995
2024-09-18 13:23:48.904000,416.301339811589,102
2024-09-18 13:23:48.980000,416.34172088227,12
2024-09-18 13:23:49.048000,416.2997492947796,10
2024-09-18 13:23:49.290000,416.327012133496,105
2024-09-18 13:23:49.408000,416.291340819419,7
2024-09-18 13:23:49.593000,416.2938311940029,104
2024-09-18 13:23:49.819000,416.3227692695378,9
2024-09-18 13:23:49.887000,416.2921837668293,11
2024-09-18 13:23:49.923000,416.31876198924,100
2024-09-18 13:23:50.423000,416.3336985100519,996
2024-09-18 13:23:51.008000,416.3231651490142,1005
2024-09-18 13:23:51.196000,416.3585870810554,1004
2024-09-18 13:23:51.255000,416.3233204599487,97
2024-09-18 13:23:51.305000,416.2536619391203,10
2024-09-18 13:23:51.394000,416.3247309677791,98
2024-09-18 13:23:51.539000,416.3381992877066,96
2024-09-18 13:23:51.635000,416.30361170211927,98
2024-09-18 13:23:51.659000,416.344476409344,103
2024-09-18 13:23:51.691000,416.33457271268975,105
2024-09-18 13:23:51.759000,416.2829837184203,15
2024-09-18 13:23:51.764000,416.2869574826283,996
2024-09-18 13:23:51.807000,416.3099282613486,1001
2024-09-18 13:23:51.829000,416.3172934030182,998
2024-09-18 13:23:51.848000,416.3514073344172,95
2024-09-18 13:23:51.900000,416.2664607367408,11
2024-09-18 13:23:51.954000,416.3408991891894,6
2024-09-18 13:23:51.957000,416.3271807494161,999
2024-09-18 13:23:51.997000,416.28279071462487,100
2024-09-18 13:23:52.038000,416.2204029518104,104
2024-09-18 13:23:52.074000,416.237776156257,101
2024-09-18 13:23:52.080000,416.2214031775663,98
2024-09-18 13:23:52.085000,416.2156047513504,15
2024-09-18 13:23:52.108000,416.221917230024,9
2024-09-18 13:23:52.159000,416.22508117719445,1005
2024-09-18 13:23:52.179000,416.2435345555291,104
2024-09-18 13:23:52.220000,416.2339874517907,13
2024-09-18 13:23:52.231000,416.2592362717058,98
2024-09-18 13:23:52.264000,416.24990648162327,103
2024-09-18 13:23:52.430000,416.2331762170098,12
2024-09-18 13:23:52.446000,416.2037060518009,6
2024-09-18 13:23:52.476000,416.232610885732,998
2024-09-18 13:23:52.484000,416.2304422058716,15
2024-09-18 13:23:52.544000,416.23928949009183,105
2024-09-18 13:23:52.546000,416.2024520759848,99
2024-09-18 13:23:52.601000,416.2426381154797,999
2024-09-18 13:23:52.638000,416.222244845828,1000
2024-09-18 13:23:52.840000,416.2544201053575,995
2024-09-18 13:23:52.879000,416.2623348040463,1004
2024-09-18 13:23:52.884000,416.229900686262,1002
2024-09-18 13:23:52.905000,416.2292785802737,99
2024-09-18 13:23:52.951000,416.2204215910687,99
2024-09-18 13:23:52.957000,416.2279307095015,995
2024-09-18 13:23:53.084000,416.312026515618,96
2024-09-18 13:23:53.201000,416.2469029057218,8
2024-09-18 13:23:53.237000,416.2770546117863,6
2024-09-18 13:23:53.289000,416.2597479552738,11
2024-09-18 13:23:53.515000,416.2735870271894,13
2024-09-18 13:23:53.589000,416.3162268097788,103
2024-09-18 13:23:53.662000,416.2818632850529,12
2024-09-18 13:23:53.663000,416.25771494610507,104
2024-09-18 13:23:53.686000,416.2793476660248,100
2024-09-18 13:23:53.711000,416.3025368800204,997
2024-09-18 13:23:53.714000,416.27728035853767,104
2024-09-18 13:23:53.719000,416.2698004965216,998
2024-09-18 13:23:53.792000,416.29777238674063,12
2024-09-18 13:23:53.832000,416.3127644108677,1003
2024-09-18 13:23:53.867000,416.2734582127151,997
2024-09-18 13:23:53.884000,416.2582544103476,15
2024-09-18 13:23:53.888000,416.2576347615371,6
2024-09-18 13:23:53.924000,416.2794057258536,5
2024-09-18 13:23:53.945000,416.2699366791623,5
2024-09-18 13:23:53.988000,416.3045050030785,105
2024-09-18 13:23:54.072000,416.20411218807214,14
2024-09-18 13:23:54.140000,416.27713866745376,99
2024-09-18 13:23:54.148000,416.26553809707735,1005
2024-09-18 13:23:54.229000,416.2154135815603,97
2024-09-18 13:23:54.239000,416.2705502651448,1001
2024-09-18 13:23:54.327000,416.254081175559,1002
2024-09-18 13:23:54.442000,416.2038965965173,103
2024-09-18 13:23:54.444000,416.2233429991803,99
2024-09-18 13:23:54.502000,416.18966073812817,98
2024-09-18 13:23:54.578000,416.2909049754277,103
2024-09-18 13:23:54.626000,416.2747381228847,97
2024-09-18 13:23:54.631000,416.2355326539479,105
2024-09-18 13:23:54.665000,416.2757086615065,103
2024-09-18 13:23:54.765000,416.2542348497917,996
2024-09-18 13:23:54.791000,416.2485470688143,11
2024-09-18 13:23:54.823000,416.2728062903667,95
2024-09-18 13:23:54.932000,416.2214797697157,1003
2024-09-18 13:23:54.945000,416.2320027085216,1004
2024-09-18 13:23:54.996000,416.2829714257812,96
2024-09-18 13:23:55.065000,416.251259021051,996
2024-09-18 13:23:55.315000,416.28144905904384,998
2024-09-18 13:23:55.448000,416.2577621592516,1005
2024-09-18 13:23:55.593000,416.2778455806245,102
2024-09-18 13:23:55.627000,416.2685272507133,105
2024-09-18 13:23:55.831000,416.3026985967216,1002
2024-09-18 13:23:56,416.2246827864257,1004
2024-09-18 13:23:56.023000,416.2192485438094,105
2024-09-18 13:23:56.095000,416.1912250518551,997
2024-09-18 13:23:56.319000,416.20077975088645,96
2024-09-18 13:23:56.323000,416.2273229709445,101
2024-09-18 13:23:56.374000,416.2310069237295,105
2024-09-18 13:23:56.656000,416.2348877780736,1004
2024-09-18 13:23:56.763000,416.24062732815855,9
2024-09-18 13:23:56.774000,416.2272073764536,5
2024-09-18 13:23:56.969000,416.2116443849559,13
2024-09-18 13:23:57.011000,416.2502046873875,15
2024-09-18 13:23:57.060000,416.2312558501399,96
2024-09-18 13:23:57.129000,416.2401925493239,95
2024-09-18 13:23:57.148000,416.2428267135705,97
2024-09-18 13:23:57.235000,416.25753505729057,97
2024-09-18 13:23:57.237000,416.2139609475753,104
2024-09-18 13:23:57.282000,416.2462880813256,95
2024-09-18 13:23:57.284000,416.23511142453305,98
2024-09-18 13:23:57.402000,416.24875768252826,995
2024-09-18 13:23:57.449000,416.2218810811815,1004
2024-09-18 13:23:57.516000,416.251046713814,105
2024-09-18 13:23:57.604000,416.24314175667854,100
2024-09-18 13:23:57.626000,416.2375580821514,1000
2024-09-18 13:23:57.637000,416.24794408083005,9
2024-09-18 13:23:57.662000,416.2435689505367,998
2024-09-18 13:23:57.672000,416.2178509345259,14
2024-09-18 13:23:57.772000,416.24560964352673,998
2024-09-18 13:23:57.827000,416.2447312762986,9
2024-09-18 13:23:57.997000,416.22006327427727,103
2024-09-18 13:23:58.330000,416.2681646573927,1003
2024-09-18 13:23:58.541000,416.2768568186621,15
2024-09-18 13:23:59.014000,416.2872578386919,1004
2024-09-18 13:23:59.042000,416.25555846772346,103
2024-09-18 13:23:59.095000,416.23682854574594,6
2024-09-18 13:23:59.109000,416.2941742231456,98
2024-09-18 13:23:59.153000,416.2679407491757,10
2024-09-18 13:23:59.163000,416.2913148968516,102
2024-09-18 13:23:59.221000,416.2603621334978,96
2024-09-18 13:23:59.221000,416.2659475883519,99
2024-09-18 13:23:59.283000,416.302793231947,102
2024-09-18 13:23:59.296000,416.2773732175616,105
2024-09-18 13:23:59.305000,416.29975982026616,7
2024-09-18 13:23:59.330000,416.2367275701639,6
2024-09-18 13:23:59.526000,416.2797142608524,997
2024-09-18 13:23:59.585000,416.2854065921194,1004
2024-09-18 13:23:59.586000,416.2904149474657,1003
2024-09-18 13:23:59.709000,416.29368862945705,998
2024-09-18 13:23:59.723000,416.2680104003564,997
2024-09-18 13:23:59.784000,416.2742608194815,97
2024-09-18 13:23:59.787000,416.28956950779855,103
2024-09-18 13:23:59.815000,416.2581038105313,5
2024-09-18 13:23:59.867000,416.2825035239676,103
2024-09-18 13:23:59.909000,416.3000120502917,102
2024-09-18 13:23:59.918000,416.29700879493527,98
