Timestamp,Price,Size
2024-09-17 10:41:00.016000,415.9507517042699,6
2024-09-17 10:41:00.041000,415.93179707286936,1000
2024-09-17 10:41:00.194000,415.9268842178681,13
2024-09-17 10:41:00.277000,415.9486413476337,8
2024-09-17 10:41:00.323000,415.938163094162,998
2024-09-17 10:41:00.356000,415.9611781774588,999
2024-09-17 10:41:00.393000,415.9554272609423,1001
2024-09-17 10:41:00.463000,415.9596311966624,102
2024-09-17 10:41:00.500000,415.91021540219424,95
2024-09-17 10:41:00.519000,415.9088914043686,998
2024-09-17 10:41:00.526000,415.9456337734007,100
2024-09-17 10:41:00.620000,415.94789997768527,1003
2024-09-17 10:41:00.633000,415.9374409235628,996
2024-09-17 10:41:00.640000,415.9390782669549,997
2024-09-17 10:41:00.736000,415.9593725107258,95
2024-09-17 10:41:00.742000,415.9291278061641,1005
2024-09-17 10:41:00.839000,415.960320588617,7
2024-09-17 10:41:00.874000,415.9583453424795,100
2024-09-17 10:41:01.030000,415.8511919839961,8
2024-09-17 10:41:01.033000,415.9123262169721,7
2024-09-17 10:41:01.039000,415.8826535434342,12
2024-09-17 10:41:01.044000,415.9034429359578,97
2024-09-17 10:41:01.118000,415.845930458938,97
2024-09-17 10:41:01.137000,415.86239945684827,5
2024-09-17 10:41:01.157000,415.86780105353614,995
2024-09-17 10:41:01.159000,415.8685347861508,97
2024-09-17 10:41:01.214000,415.8337694363781,11
2024-09-17 10:41:01.221000,415.9057299164447,5
2024-09-17 10:41:01.230000,415.8520286686001,9
2024-09-17 10:41:01.301000,415.8724842810173,95
2024-09-17 10:41:01.358000,415.86064128038544,105
2024-09-17 10:41:01.394000,415.83419370294064,1000
2024-09-17 10:41:01.475000,415.83074361727466,14
2024-09-17 10:41:01.482000,415.8644367634339,104
2024-09-17 10:41:01.614000,415.9034425627873,104
2024-09-17 10:41:01.648000,415.8685690912299,15
2024-09-17 10:41:01.674000,415.8752363868666,5
2024-09-17 10:41:01.797000,415.85003617178273,999
2024-09-17 10:41:01.877000,415.8713629583645,99
2024-09-17 10:41:01.889000,415.85113043479225,7
2024-09-17 10:41:02.002000,415.85025514191375,15
2024-09-17 10:41:02.107000,415.7216774999398,1004
2024-09-17 10:41:02.109000,415.8153555409561,8
2024-09-17 10:41:02.199000,415.82070812817375,99
2024-09-17 10:41:02.220000,415.7774866624891,99
2024-09-17 10:41:02.250000,415.8515194181287,15
2024-09-17 10:41:02.342000,415.841924873633,103
2024-09-17 10:41:02.374000,415.84527333182297,105
2024-09-17 10:41:02.459000,415.795789664609,100
2024-09-17 10:41:02.481000,415.7498291145957,104
2024-09-17 10:41:02.507000,415.852547461873,997
2024-09-17 10:41:02.524000,415.72996417487127,997
2024-09-17 10:41:02.574000,415.7497427761436,1000
2024-09-17 10:41:02.609000,415.8273967109168,1004
2024-09-17 10:41:02.647000,415.7977306989554,999
2024-09-17 10:41:02.650000,415.76220658221513,1005
2024-09-17 10:41:02.674000,415.8264388919788,5
2024-09-17 10:41:02.698000,415.75654695467614,105
2024-09-17 10:41:02.707000,415.79921696901073,1005
2024-09-17 10:41:02.725000,415.7396683406229,96
2024-09-17 10:41:02.760000,415.8015003238297,7
2024-09-17 10:41:02.834000,415.7610515716536,104
2024-09-17 10:41:02.863000,415.7267012043114,12
2024-09-17 10:41:02.864000,415.7625757798709,103
2024-09-17 10:41:02.929000,415.8335371079048,15
2024-09-17 10:41:03.004000,415.7455666648654,10
2024-09-17 10:41:03.062000,415.7578933244285,5
2024-09-17 10:41:03.273000,415.7720169461525,1003
2024-09-17 10:41:03.342000,415.7131531982068,104
2024-09-17 10:41:03.519000,415.739585699238,996
2024-09-17 10:41:03.645000,415.7326486805028,999
2024-09-17 10:41:03.771000,415.7552264517189,996
2024-09-17 10:41:03.887000,415.74096362618906,98
2024-09-17 10:41:03.946000,415.77003421169616,999
2024-09-17 10:41:04.042000,415.79214106043,100
2024-09-17 10:41:04.247000,415.76869532276106,1000
2024-09-17 10:41:04.408000,415.78684101960425,99
2024-09-17 10:41:04.617000,415.7973996021961,95
2024-09-17 10:41:04.737000,415.7960308137016,14
2024-09-17 10:41:04.876000,415.7911654797857,14
2024-09-17 10:41:05.121000,415.7649728682528,15
2024-09-17 10:41:05.155000,415.7018253416569,105
2024-09-17 10:41:05.218000,415.6958817553826,1003
2024-09-17 10:41:05.283000,415.7235884303544,96
2024-09-17 10:41:05.284000,415.7721981299604,98
2024-09-17 10:41:05.305000,415.80121015102105,15
2024-09-17 10:41:05.323000,415.7897952859224,7
2024-09-17 10:41:05.349000,415.69513686194034,998
2024-09-17 10:41:05.376000,415.7935145858156,97
2024-09-17 10:41:05.415000,415.7686994877367,1004
2024-09-17 10:41:05.427000,415.8054951914944,11
2024-09-17 10:41:05.498000,415.7871270152534,101
2024-09-17 10:41:05.562000,415.7860260185364,9
2024-09-17 10:41:05.632000,415.7068788352877,103
2024-09-17 10:41:05.686000,415.8015527875847,999
2024-09-17 10:41:05.717000,415.7702295202189,104
2024-09-17 10:41:05.729000,415.7909907006122,997
2024-09-17 10:41:05.732000,415.7802632785383,12
2024-09-17 10:41:05.780000,415.72108065020166,96
2024-09-17 10:41:05.789000,415.8000225131084,96
2024-09-17 10:41:05.829000,415.7855462495947,8
2024-09-17 10:41:05.832000,415.6986170571266,8
2024-09-17 10:41:05.838000,415.8009945768636,10
2024-09-17 10:41:05.928000,415.70430475900935,1002
2024-09-17 10:41:05.954000,415.7029652084335,11
2024-09-17 10:41:06.077000,415.6718815706119,1000
2024-09-17 10:41:06.115000,415.66861541393087,998
2024-09-17 10:41:06.198000,415.675028135915,101
2024-09-17 10:41:06.342000,415.6718953401172,11
2024-09-17 10:41:06.360000,415.68970347918616,7
2024-09-17 10:41:06.382000,415.6773287166756,995
2024-09-17 10:41:06.410000,415.6857463846755,8
2024-09-17 10:41:06.588000,415.65186652104006,102
2024-09-17 10:41:06.620000,415.6824802859367,14
2024-09-17 10:41:06.700000,415.67112064893945,98
2024-09-17 10:41:06.829000,415.6650237924388,100
2024-09-17 10:41:06.875000,415.6830410709377,6
2024-09-17 10:41:07.068000,415.6989856999711,100
2024-09-17 10:41:07.086000,415.752493457847,1001
2024-09-17 10:41:07.089000,415.71448938656977,10
2024-09-17 10:41:07.150000,415.7035498227247,15
2024-09-17 10:41:07.152000,415.7670117653034,1001
2024-09-17 10:41:07.200000,415.6925600778949,15
2024-09-17 10:41:07.201000,415.6877460841301,96
2024-09-17 10:41:07.298000,415.6920328148028,6
2024-09-17 10:41:07.337000,415.7111318889809,104
2024-09-17 10:41:07.423000,415.71202062385606,9
2024-09-17 10:41:07.444000,415.70509062256895,7
2024-09-17 10:41:07.517000,415.69904342981016,95
2024-09-17 10:41:07.591000,415.7298453743264,1004
2024-09-17 10:41:07.747000,415.68573085848817,997
2024-09-17 10:41:07.768000,415.748763381227,98
2024-09-17 10:41:07.883000,415.7120034119064,1002
2024-09-17 10:41:07.984000,415.7159194243207,5
2024-09-17 10:41:08.048000,415.7740712656254,12
2024-09-17 10:41:08.097000,415.77381050840216,998
2024-09-17 10:41:08.196000,415.7905599108524,99
2024-09-17 10:41:08.325000,415.7762022777592,10
2024-09-17 10:41:08.443000,415.7446633221449,102
2024-09-17 10:41:08.485000,415.7793435413914,97
2024-09-17 10:41:08.566000,415.7677011164426,101
2024-09-17 10:41:08.603000,415.7329198216739,6
2024-09-17 10:41:08.648000,415.7671350041269,103
2024-09-17 10:41:08.720000,415.7283156535089,5
2024-09-17 10:41:08.862000,415.7525700207262,9
2024-09-17 10:41:08.889000,415.71282770330055,100
2024-09-17 10:41:08.901000,415.7514373359316,13
2024-09-17 10:41:08.909000,415.7743683727571,97
2024-09-17 10:41:08.916000,415.7422647684523,10
2024-09-17 10:41:09.028000,415.69380126943634,6
2024-09-17 10:41:09.032000,415.6970944230827,15
2024-09-17 10:41:09.034000,415.7095707060815,1001
2024-09-17 10:41:09.180000,415.7051884325976,1000
2024-09-17 10:41:09.223000,415.7122821676195,12
2024-09-17 10:41:09.249000,415.705817464185,14
2024-09-17 10:41:09.260000,415.74574155477774,95
2024-09-17 10:41:09.274000,415.7035765943765,8
2024-09-17 10:41:09.285000,415.7349168864809,1003
2024-09-17 10:41:09.292000,415.70601896505866,999
2024-09-17 10:41:09.316000,415.74597723792175,103
2024-09-17 10:41:09.384000,415.7384555095539,11
2024-09-17 10:41:09.531000,415.7251789053407,1002
2024-09-17 10:41:09.537000,415.71320911894657,97
2024-09-17 10:41:09.608000,415.7191036350988,996
2024-09-17 10:41:09.615000,415.7168361527493,105
2024-09-17 10:41:09.731000,415.7230581648836,5
2024-09-17 10:41:09.794000,415.75618718775786,998
2024-09-17 10:41:09.830000,415.74196535584855,1004
2024-09-17 10:41:09.835000,415.7238054466673,105
2024-09-17 10:41:09.890000,415.7434681407883,105
2024-09-17 10:41:09.897000,415.7034131313839,14
2024-09-17 10:41:09.914000,415.733679170004,95
2024-09-17 10:41:09.994000,415.7362990918464,995
2024-09-17 10:41:09.999000,415.7425223458739,996
2024-09-17 10:41:10.097000,415.748014643494,15
2024-09-17 10:41:10.121000,415.7622263541373,104
2024-09-17 10:41:10.194000,415.76365163191457,15
2024-09-17 10:41:10.207000,415.7625794750987,998
2024-09-17 10:41:10.230000,415.7613807704181,97
2024-09-17 10:41:10.233000,415.7436072907489,11
2024-09-17 10:41:10.266000,415.790177013324,14
2024-09-17 10:41:10.277000,415.7818259115796,5
2024-09-17 10:41:10.321000,415.78878056207225,10
2024-09-17 10:41:10.323000,415.7881706090336,13
2024-09-17 10:41:10.342000,415.7603355566189,104
2024-09-17 10:41:10.352000,415.7343422285179,104
2024-09-17 10:41:10.354000,415.7852729581577,8
2024-09-17 10:41:10.360000,415.7624554881994,1005
2024-09-17 10:41:10.366000,415.7653162263228,101
2024-09-17 10:41:10.475000,415.7906772926457,995
2024-09-17 10:41:10.572000,415.7872246610367,15
2024-09-17 10:41:10.653000,415.7409148647057,14
2024-09-17 10:41:10.699000,415.7635161391491,101
2024-09-17 10:41:10.733000,415.7669201161687,97
2024-09-17 10:41:10.785000,415.7991709867264,996
2024-09-17 10:41:10.895000,415.7917758720251,1002
2024-09-17 10:41:10.900000,415.77630628965744,12
2024-09-17 10:41:11.061000,415.7917183395832,1000
2024-09-17 10:41:11.093000,415.7376690806085,1004
2024-09-17 10:41:11.197000,415.73440962902606,15
2024-09-17 10:41:11.227000,415.7815609354842,10
2024-09-17 10:41:11.239000,415.7720484217442,12
2024-09-17 10:41:11.297000,415.7481604806469,14
2024-09-17 10:41:11.393000,415.7625936554141,1003
2024-09-17 10:41:11.492000,415.7722603444252,100
2024-09-17 10:41:11.493000,415.7302254914205,100
2024-09-17 10:41:11.519000,415.74689887681103,10
2024-09-17 10:41:11.579000,415.749664801377,11
2024-09-17 10:41:11.612000,415.76633010270666,14
2024-09-17 10:41:11.620000,415.7518934448301,1002
2024-09-17 10:41:11.667000,415.7778386440794,13
2024-09-17 10:41:11.673000,415.7659808315313,104
2024-09-17 10:41:11.696000,415.7183597522294,7
2024-09-17 10:41:11.781000,415.7690034350727,7
2024-09-17 10:41:11.786000,415.7538628792082,103
2024-09-17 10:41:11.801000,415.7801121701298,997
2024-09-17 10:41:11.829000,415.7822154653503,97
2024-09-17 10:41:11.831000,415.7301668550792,11
2024-09-17 10:41:11.840000,415.7657315962841,101
2024-09-17 10:41:11.877000,415.7445698966284,97
2024-09-17 10:41:11.891000,415.7840571898231,102
2024-09-17 10:41:11.920000,415.7204639765701,15
2024-09-17 10:41:11.953000,415.7830903257196,102
2024-09-17 10:41:12.132000,415.79618496122936,14
2024-09-17 10:41:12.133000,415.7460952006645,99
2024-09-17 10:41:12.142000,415.7965810961068,1004
2024-09-17 10:41:12.246000,415.76942131835,1000
2024-09-17 10:41:12.259000,415.8628351108077,1002
2024-09-17 10:41:12.322000,415.8074926390818,997
2024-09-17 10:41:12.340000,415.80892136262975,99
2024-09-17 10:41:12.376000,415.7429068685022,13
2024-09-17 10:41:12.516000,415.79776019588775,11
2024-09-17 10:41:12.633000,415.7317251762663,12
2024-09-17 10:41:12.714000,415.7418426055366,1003
2024-09-17 10:41:12.728000,415.7436620909562,100
2024-09-17 10:41:12.756000,415.7928297691028,98
2024-09-17 10:41:12.814000,415.7448489618215,100
2024-09-17 10:41:12.830000,415.7782982041618,15
2024-09-17 10:41:12.848000,415.8165183625828,10
2024-09-17 10:41:12.903000,415.76468921326114,9
2024-09-17 10:41:12.964000,415.8170455221768,1003
2024-09-17 10:41:12.971000,415.7712577935452,1004
2024-09-17 10:41:12.980000,415.8357801048134,6
2024-09-17 10:41:12.985000,415.7866980894373,96
2024-09-17 10:41:13.053000,415.7807997599245,100
2024-09-17 10:41:13.166000,415.8410002549971,1000
2024-09-17 10:41:13.312000,415.8312818435083,1004
2024-09-17 10:41:13.405000,415.77961785983655,12
2024-09-17 10:41:13.414000,415.8388319500914,5
2024-09-17 10:41:13.439000,415.7687067305331,12
2024-09-17 10:41:13.459000,415.7936884666009,1002
2024-09-17 10:41:13.549000,415.8718808156895,998
2024-09-17 10:41:13.605000,415.8326500435705,10
2024-09-17 10:41:13.660000,415.8203203341632,1001
2024-09-17 10:41:13.936000,415.7731476480845,100
2024-09-17 10:41:14.003000,415.7756445196519,1004
2024-09-17 10:41:14.025000,415.7707806932799,103
2024-09-17 10:41:14.033000,415.7743882838928,1005
2024-09-17 10:41:14.068000,415.7592703912892,6
2024-09-17 10:41:14.076000,415.7516841463203,13
2024-09-17 10:41:14.113000,415.8164164422448,7
2024-09-17 10:41:14.123000,415.7789541400935,8
2024-09-17 10:41:14.150000,415.7754979844096,99
2024-09-17 10:41:14.234000,415.7629541444391,995
2024-09-17 10:41:14.237000,415.8100884075093,998
2024-09-17 10:41:14.242000,415.82562158679474,98
2024-09-17 10:41:14.283000,415.7975138075899,7
2024-09-17 10:41:14.351000,415.7688002662279,98
2024-09-17 10:41:14.384000,415.7801734079891,98
2024-09-17 10:41:14.404000,415.7961171394591,13
2024-09-17 10:41:14.482000,415.7761854598178,104
2024-09-17 10:41:14.503000,415.7864127957407,96
2024-09-17 10:41:14.543000,415.7655878235312,8
2024-09-17 10:41:14.672000,415.8089052449512,12
2024-09-17 10:41:14.745000,415.7576135077185,10
2024-09-17 10:41:14.833000,415.77629033342015,101
2024-09-17 10:41:14.864000,415.8006004324752,1001
2024-09-17 10:41:14.883000,415.8014819279386,100
2024-09-17 10:41:14.905000,415.7599959436377,103
2024-09-17 10:41:14.911000,415.7817475638369,1001
2024-09-17 10:41:14.954000,415.7833043565208,98
2024-09-17 10:41:14.964000,415.76836847869777,5
2024-09-17 10:41:14.967000,415.769222170794,105
2024-09-17 10:41:15.092000,415.6751633866363,995
2024-09-17 10:41:15.259000,415.7452137853267,6
2024-09-17 10:41:15.314000,415.72868818604735,5
2024-09-17 10:41:15.445000,415.7136294352059,8
2024-09-17 10:41:15.498000,415.687327567848,103
2024-09-17 10:41:15.537000,415.67817180219487,15
2024-09-17 10:41:15.593000,415.6692441724076,97
2024-09-17 10:41:15.598000,415.6896477712831,13
2024-09-17 10:41:15.758000,415.7406633086502,996
2024-09-17 10:41:15.768000,415.6873362003537,1001
2024-09-17 10:41:15.989000,415.6940860467867,104
2024-09-17 10:41:16.174000,415.6929972142868,15
2024-09-17 10:41:16.492000,415.6374061470483,7
2024-09-17 10:41:16.620000,415.6493088325182,1004
2024-09-17 10:41:16.662000,415.6585503779122,5
2024-09-17 10:41:16.825000,415.6471964848543,998
2024-09-17 10:41:16.845000,415.6490066951503,14
2024-09-17 10:41:19.072000,415.631233996253,8
2024-09-17 10:41:19.117000,415.6548542091923,9
2024-09-17 10:41:19.123000,415.6354812648476,105
2024-09-17 10:41:19.179000,415.6416218137979,10
2024-09-17 10:41:19.192000,415.6705125273041,13
2024-09-17 10:41:19.343000,415.6587837754957,101
2024-09-17 10:41:19.436000,415.6554060383484,999
2024-09-17 10:41:19.463000,415.6449879612569,999
2024-09-17 10:41:19.529000,415.6536284670004,1001
2024-09-17 10:41:19.573000,415.6670942348356,98
2024-09-17 10:41:19.595000,415.64433202239314,99
2024-09-17 10:41:19.669000,415.6671616304256,7
2024-09-17 10:41:19.725000,415.6575069654776,8
2024-09-17 10:41:19.743000,415.6475078919647,12
2024-09-17 10:41:19.781000,415.6781462290822,14
2024-09-17 10:41:19.884000,415.661923906623,98
2024-09-17 10:41:19.929000,415.65117449086034,101
2024-09-17 10:41:19.934000,415.6517110099667,997
2024-09-17 10:41:20.040000,415.6844640006832,97
2024-09-17 10:41:20.098000,415.6951273084532,12
2024-09-17 10:41:20.118000,415.688750229826,1005
2024-09-17 10:41:20.162000,415.68263843080894,1001
2024-09-17 10:41:20.221000,415.7110511264236,998
2024-09-17 10:41:20.228000,415.71360947978985,6
2024-09-17 10:41:20.316000,415.6809143977703,99
2024-09-17 10:41:20.411000,415.66269503829767,1000
2024-09-17 10:41:20.447000,415.7024551433856,99
2024-09-17 10:41:20.511000,415.6826344792783,1005
2024-09-17 10:41:20.554000,415.6632497059312,11
2024-09-17 10:41:20.622000,415.68212076850057,7
2024-09-17 10:41:20.631000,415.66197677047967,995
2024-09-17 10:41:20.672000,415.6881913193545,101
2024-09-17 10:41:20.698000,415.7045421454444,12
2024-09-17 10:41:20.718000,415.7051017773752,96
2024-09-17 10:41:20.792000,415.684189539547,1004
2024-09-17 10:41:20.836000,415.7179787460239,998
2024-09-17 10:41:20.859000,415.7171821573822,105
2024-09-17 10:41:20.973000,415.6641088647386,95
2024-09-17 10:41:20.990000,415.65149494035074,95
2024-09-17 10:41:21.118000,415.7440334966077,98
2024-09-17 10:41:21.138000,415.7493072707975,12
2024-09-17 10:41:21.160000,415.77619896508986,11
2024-09-17 10:41:21.309000,415.7541840976701,1001
2024-09-17 10:41:21.344000,415.7689499281999,995
2024-09-17 10:41:21.452000,415.7301428011048,5
2024-09-17 10:41:21.455000,415.7638302932688,998
2024-09-17 10:41:21.594000,415.7499709531195,10
2024-09-17 10:41:21.654000,415.7609304634811,14
2024-09-17 10:41:21.734000,415.75552251744654,6
2024-09-17 10:41:21.911000,415.74312403965183,96
2024-09-17 10:41:21.931000,415.7271503720239,8
2024-09-17 10:41:21.996000,415.75426786205264,1004
2024-09-17 10:41:22.025000,415.7723795506234,8
2024-09-17 10:41:22.123000,415.8036935732367,12
2024-09-17 10:41:22.207000,415.7662008667209,5
2024-09-17 10:41:22.299000,415.76889624680535,100
2024-09-17 10:41:22.331000,415.79084543825377,99
2024-09-17 10:41:22.346000,415.7750554080775,10
2024-09-17 10:41:22.413000,415.7587184039473,12
2024-09-17 10:41:22.504000,415.7815426549833,13
2024-09-17 10:41:22.530000,415.7871505407127,1004
2024-09-17 10:41:22.668000,415.7874090627456,1000
2024-09-17 10:41:22.679000,415.7779876201985,6
2024-09-17 10:41:22.721000,415.78146878321417,9
2024-09-17 10:41:22.743000,415.7785157077885,95
2024-09-17 10:41:22.769000,415.795802248009,1000
2024-09-17 10:41:22.770000,415.7899744716363,7
2024-09-17 10:41:22.775000,415.7470144677447,1000
2024-09-17 10:41:22.775000,415.7497388809732,1002
2024-09-17 10:41:22.852000,415.7829681124745,5
2024-09-17 10:41:22.853000,415.7774498141591,1004
2024-09-17 10:41:22.874000,415.73150325958926,6
2024-09-17 10:41:22.876000,415.7687207228882,103
2024-09-17 10:41:22.883000,415.789511629272,1003
2024-09-17 10:41:22.928000,415.78165068965313,10
2024-09-17 10:41:22.934000,415.74949757405926,104
2024-09-17 10:41:22.964000,415.7828778322601,105
2024-09-17 10:41:23.043000,415.7526996756238,98
2024-09-17 10:41:23.064000,415.7426135123425,1005
2024-09-17 10:41:23.080000,415.77013570127735,996
2024-09-17 10:41:23.092000,415.7773587879826,995
2024-09-17 10:41:23.100000,415.7682458613901,12
2024-09-17 10:41:23.267000,415.79101556874593,13
2024-09-17 10:41:23.269000,415.7973641365282,12
2024-09-17 10:41:23.272000,415.77601615986265,1005
2024-09-17 10:41:23.683000,415.7588508443113,97
2024-09-17 10:41:23.732000,415.7860441879657,1005
2024-09-17 10:41:23.799000,415.74879746204175,11
2024-09-17 10:41:23.903000,415.8188764546392,14
2024-09-17 10:41:23.910000,415.7504746065342,105
2024-09-17 10:41:24.039000,415.8243605082344,997
2024-09-17 10:41:24.105000,415.8419447936114,96
2024-09-17 10:41:24.164000,415.83584404351694,15
2024-09-17 10:41:24.177000,415.8253493639058,95
2024-09-17 10:41:24.270000,415.8355650522806,1003
2024-09-17 10:41:24.746000,415.85615354016153,97
2024-09-17 10:41:24.766000,415.82158903968445,1002
2024-09-17 10:41:24.858000,415.809814860175,96
2024-09-17 10:41:25.004000,415.8373386752985,7
2024-09-17 10:41:25.086000,415.9630427924292,100
2024-09-17 10:41:25.145000,415.93183637870806,9
2024-09-17 10:41:25.198000,415.8859770220436,996
2024-09-17 10:41:25.243000,415.89111750831,101
2024-09-17 10:41:25.250000,415.8960534359785,99
2024-09-17 10:41:25.288000,415.93725927389767,1004
2024-09-17 10:41:25.319000,415.912040954805,99
2024-09-17 10:41:25.372000,415.8871745412517,8
2024-09-17 10:41:25.375000,415.9382808565877,104
2024-09-17 10:41:25.489000,415.93184627425296,1002
2024-09-17 10:41:25.505000,415.8907688968035,8
2024-09-17 10:41:25.573000,415.93383585056057,99
2024-09-17 10:41:25.631000,415.8518506954462,104
2024-09-17 10:41:25.661000,415.9626107276375,14
2024-09-17 10:41:25.707000,415.9312328945486,104
2024-09-17 10:41:25.724000,415.9239398056413,7
2024-09-17 10:41:25.827000,415.9044365752826,1002
2024-09-17 10:41:25.850000,415.8887827194762,105
2024-09-17 10:41:25.886000,415.9417288129016,999
2024-09-17 10:41:25.949000,415.9257722203566,103
2024-09-17 10:41:25.990000,415.8857817283424,5
2024-09-17 10:41:26.181000,415.96474752154114,14
2024-09-17 10:41:26.236000,415.96961474658326,1003
2024-09-17 10:41:26.291000,415.9805198825868,103
2024-09-17 10:41:26.305000,415.9493288155877,13
2024-09-17 10:41:26.335000,416.0058446854578,14
2024-09-17 10:41:26.339000,416.006945788576,1002
2024-09-17 10:41:26.351000,415.9980102827572,1000
2024-09-17 10:41:26.432000,416.0206468789628,99
2024-09-17 10:41:26.439000,415.99726995496985,15
2024-09-17 10:41:26.461000,415.9577083992401,1000
2024-09-17 10:41:26.466000,416.0196150582928,96
2024-09-17 10:41:26.479000,415.97614839232034,101
2024-09-17 10:41:26.495000,415.9979729105036,1005
2024-09-17 10:41:26.505000,415.9811418113176,996
2024-09-17 10:41:26.657000,415.9612154597901,1002
2024-09-17 10:41:26.681000,415.99314200429103,95
2024-09-17 10:41:26.699000,416.0103157591472,997
2024-09-17 10:41:26.734000,416.0115626158263,104
2024-09-17 10:41:26.768000,416.01841612955263,98
2024-09-17 10:41:26.770000,415.9804641160942,101
2024-09-17 10:41:26.812000,416.0072754270288,9
2024-09-17 10:41:26.896000,415.9902571450043,99
2024-09-17 10:41:26.907000,415.9904297775752,6
2024-09-17 10:41:26.956000,416.0158950836993,15
2024-09-17 10:41:26.959000,415.97645660497074,15
2024-09-17 10:41:27.034000,416.0286838109055,13
2024-09-17 10:41:27.214000,416.0388851093377,1004
2024-09-17 10:41:27.451000,416.0700185322045,105
2024-09-17 10:41:27.469000,416.0596641333152,996
2024-09-17 10:41:27.533000,416.04629575481215,7
2024-09-17 10:41:27.801000,416.0405274965693,1003
2024-09-17 10:41:27.803000,416.049158704951,7
2024-09-17 10:41:27.849000,416.0759607826945,1004
2024-09-17 10:41:28.039000,416.0439869434142,96
2024-09-17 10:41:28.214000,415.9702361208375,13
2024-09-17 10:41:28.290000,415.9987234053637,99
2024-09-17 10:41:28.311000,416.0210195161178,13
2024-09-17 10:41:28.459000,415.9980612669232,96
2024-09-17 10:41:28.503000,415.96050887369273,15
2024-09-17 10:41:28.506000,416.0298095124561,101
2024-09-17 10:41:28.578000,415.9677653661845,104
2024-09-17 10:41:28.641000,416.0094793695264,1002
2024-09-17 10:41:28.706000,415.9936448426447,96
2024-09-17 10:41:28.724000,416.0335364345436,14
2024-09-17 10:41:28.742000,416.0684120821495,998
2024-09-17 10:41:28.831000,415.9768881291663,10
2024-09-17 10:41:28.838000,415.9718286792174,101
2024-09-17 10:41:28.842000,416.0100544648458,6
2024-09-17 10:41:29.014000,415.9452523670159,11
2024-09-17 10:41:29.226000,415.9536821305306,8
2024-09-17 10:41:29.477000,415.9428287035501,98
2024-09-17 10:41:30.022000,415.94514418039694,10
2024-09-17 10:41:30.129000,415.96301205783686,12
2024-09-17 10:41:30.219000,415.9557513033875,14
2024-09-17 10:41:30.239000,415.9671387622607,96
2024-09-17 10:41:30.247000,415.95745218270366,102
2024-09-17 10:41:30.271000,415.9615701792716,1003
2024-09-17 10:41:30.386000,415.95372013597216,97
2024-09-17 10:41:30.393000,415.9552305251133,995
2024-09-17 10:41:30.445000,415.9340391120531,101
2024-09-17 10:41:30.477000,415.9454040265768,104
2024-09-17 10:41:30.490000,415.9670120445112,998
2024-09-17 10:41:30.537000,415.9399223414808,102
2024-09-17 10:41:30.538000,415.9721201615407,1001
2024-09-17 10:41:30.638000,415.9698775715623,9
2024-09-17 10:41:30.662000,415.95641406815247,14
2024-09-17 10:41:30.769000,415.96981945563857,1005
2024-09-17 10:41:30.827000,415.9558913789011,998
2024-09-17 10:41:30.946000,415.9681237407566,102
2024-09-17 10:41:31.064000,415.9732350949642,102
2024-09-17 10:41:31.066000,415.9745214984806,1003
2024-09-17 10:41:31.067000,415.9959062146281,105
2024-09-17 10:41:31.074000,416.00764082692336,1002
2024-09-17 10:41:31.103000,415.9920963846562,13
2024-09-17 10:41:31.127000,415.9992910564719,1001
2024-09-17 10:41:31.207000,416.0041892831625,100
2024-09-17 10:41:31.239000,415.9774885703439,103
2024-09-17 10:41:31.307000,415.9974632939753,11
2024-09-17 10:41:31.349000,415.9960788359102,1003
2024-09-17 10:41:31.371000,416.0183237443147,7
2024-09-17 10:41:31.384000,416.0022150643108,999
2024-09-17 10:41:31.426000,415.9883332858259,11
2024-09-17 10:41:31.557000,415.9799987731933,105
2024-09-17 10:41:31.768000,415.9954568080094,6
2024-09-17 10:41:31.768000,415.9870989064585,100
2024-09-17 10:41:31.818000,415.9962526253535,5
2024-09-17 10:41:31.918000,415.9999006495565,105
2024-09-17 10:41:32.103000,415.9926180709586,997
2024-09-17 10:41:32.236000,416.000370024669,103
2024-09-17 10:41:32.388000,416.0072897985161,9
2024-09-17 10:41:32.633000,415.9987319431155,996
2024-09-17 10:41:32.865000,415.9966425881737,10
2024-09-17 10:41:32.991000,415.987941477596,14
2024-09-17 10:41:34.038000,416.0038420380056,95
2024-09-17 10:41:34.082000,416.0014035976069,1003
2024-09-17 10:41:34.164000,416.0078320404775,98
2024-09-17 10:41:34.191000,416.01349811073806,995
2024-09-17 10:41:34.376000,416.01980005768,996
2024-09-17 10:41:34.821000,416.0030772591979,9
2024-09-17 10:41:34.892000,416.0104862617828,100
2024-09-17 10:41:34.955000,416.00855086584056,1002
2024-09-17 10:41:35.004000,416.0598454499329,96
2024-09-17 10:41:35.064000,416.018938318791,6
2024-09-17 10:41:35.100000,416.0356515183103,10
2024-09-17 10:41:35.321000,416.03067426671936,103
2024-09-17 10:41:35.496000,416.0342715000471,14
2024-09-17 10:41:35.542000,416.0231309653571,997
2024-09-17 10:41:35.583000,416.0440134577758,96
2024-09-17 10:41:35.681000,416.0253206524918,8
2024-09-17 10:41:35.725000,416.0280073445196,5
2024-09-17 10:41:35.750000,416.0280798257386,99
2024-09-17 10:41:35.907000,416.0226005306813,13
2024-09-17 10:41:35.963000,416.0109577435025,9
2024-09-17 10:41:36.023000,416.0569756814527,14
2024-09-17 10:41:36.056000,415.9939394248357,7
2024-09-17 10:41:36.056000,416.071582680968,998
2024-09-17 10:41:36.121000,415.9921788784425,104
2024-09-17 10:41:36.170000,416.07247240767896,1002
2024-09-17 10:41:36.546000,416.059379588837,9
2024-09-17 10:41:36.571000,416.055566826546,96
2024-09-17 10:41:36.586000,416.0220996861365,105
2024-09-17 10:41:36.635000,416.0206530095878,99
2024-09-17 10:41:36.650000,416.0496542575974,6
2024-09-17 10:41:36.650000,416.06310410391694,96
2024-09-17 10:41:36.729000,416.0729885610057,97
2024-09-17 10:41:36.734000,416.0561579545108,14
2024-09-17 10:41:36.757000,416.0256096830071,6
2024-09-17 10:41:36.764000,416.0357291564149,98
2024-09-17 10:41:36.803000,416.0086361868721,102
2024-09-17 10:41:36.805000,416.0208490019803,99
2024-09-17 10:41:36.812000,416.003682062101,998
2024-09-17 10:41:36.836000,416.01797055233857,102
2024-09-17 10:41:36.914000,416.023701217669,100
2024-09-17 10:41:36.924000,416.0680106785921,98
2024-09-17 10:41:36.994000,416.0111079133432,14
2024-09-17 10:41:37.943000,416.0461242332725,1002
2024-09-17 10:41:38.850000,416.0386360185364,102
2024-09-17 10:41:39.069000,416.041193103736,100
2024-09-17 10:41:39.106000,416.0688068392742,103
2024-09-17 10:41:39.208000,416.0431640843324,999
2024-09-17 10:41:39.245000,416.0620155968364,12
2024-09-17 10:41:39.316000,416.03133122951857,1004
2024-09-17 10:41:39.382000,416.0441883247397,99
2024-09-17 10:41:39.403000,416.0658832199091,1002
2024-09-17 10:41:39.440000,416.069427484022,100
2024-09-17 10:41:39.476000,416.0602250910474,998
2024-09-17 10:41:39.518000,416.0225548635088,97
2024-09-17 10:41:39.530000,416.0437805296818,1003
2024-09-17 10:41:39.636000,416.0302208982312,98
2024-09-17 10:41:39.699000,416.0512500968306,999
2024-09-17 10:41:39.703000,416.0296176530068,7
2024-09-17 10:41:39.712000,416.0439741821119,105
2024-09-17 10:41:39.729000,416.0420387375272,999
2024-09-17 10:41:39.733000,416.01542543375376,99
2024-09-17 10:41:39.771000,416.0269765611303,100
2024-09-17 10:41:39.791000,416.0255494169449,1002
2024-09-17 10:41:39.838000,416.0345821438443,998
2024-09-17 10:41:39.956000,416.00945672894073,104
2024-09-17 10:41:39.987000,416.0820102124518,12
2024-09-17 10:41:39.989000,416.01359464149226,105
2024-09-17 10:41:40.023000,416.0517647890425,103
2024-09-17 10:41:40.052000,416.0673912671488,1001
2024-09-17 10:41:40.063000,416.0797777328059,103
2024-09-17 10:41:40.065000,416.0363818978407,1002
2024-09-17 10:41:40.069000,416.0798097892717,104
2024-09-17 10:41:40.177000,416.0646390511808,104
2024-09-17 10:41:40.190000,416.0548113530349,12
2024-09-17 10:41:40.195000,416.03915272823593,99
2024-09-17 10:41:40.229000,416.07220714438085,1001
2024-09-17 10:41:40.246000,416.0869802640057,11
2024-09-17 10:41:40.318000,416.05142525065344,998
2024-09-17 10:41:40.323000,416.0932139807528,995
2024-09-17 10:41:40.395000,416.06398255580285,12
2024-09-17 10:41:40.436000,416.0933079818613,1003
2024-09-17 10:41:40.447000,416.0742242937055,1004
2024-09-17 10:41:40.536000,416.0778247928986,103
2024-09-17 10:41:40.594000,416.0866059802479,97
2024-09-17 10:41:40.611000,416.0973831155792,12
2024-09-17 10:41:40.640000,416.0999211112278,15
2024-09-17 10:41:40.782000,416.0864556975665,999
2024-09-17 10:41:40.788000,416.0442679296362,100
2024-09-17 10:41:40.812000,416.0796510481911,6
2024-09-17 10:41:40.851000,416.0896262105058,10
2024-09-17 10:41:40.929000,416.0526566850576,995
2024-09-17 10:41:40.971000,416.06153401132536,105
2024-09-17 10:41:40.984000,416.0954712534154,996
2024-09-17 10:41:41.009000,415.9808798035396,9
2024-09-17 10:41:41.068000,415.9925754816437,5
2024-09-17 10:41:41.122000,416.0099118947279,998
2024-09-17 10:41:41.185000,416.0079610855883,101
2024-09-17 10:41:41.197000,416.03192696296975,1000
2024-09-17 10:41:41.241000,415.98818407668585,97
2024-09-17 10:41:41.286000,416.02203656924974,1004
2024-09-17 10:41:41.306000,415.98613777164735,101
2024-09-17 10:41:41.354000,416.0393626250022,998
2024-09-17 10:41:41.381000,416.0543428935122,996
2024-09-17 10:41:41.393000,415.9796619230634,10
2024-09-17 10:41:41.423000,416.0010247310093,997
2024-09-17 10:41:41.431000,416.0518035301719,7
2024-09-17 10:41:41.436000,415.9824736798389,98
2024-09-17 10:41:41.469000,416.0302570481316,12
2024-09-17 10:41:41.471000,416.0488927911532,14
2024-09-17 10:41:41.490000,415.9669033672893,997
2024-09-17 10:41:41.507000,416.0519881908552,102
2024-09-17 10:41:41.658000,416.0243609039093,6
2024-09-17 10:41:41.665000,416.0409428298784,102
2024-09-17 10:41:41.665000,415.9932935227852,1002
2024-09-17 10:41:41.702000,416.04501365915024,96
2024-09-17 10:41:41.728000,416.0308154151908,12
2024-09-17 10:41:41.731000,415.99057082754126,8
2024-09-17 10:41:41.758000,415.998365778857,12
2024-09-17 10:41:41.774000,416.01009373145297,6
2024-09-17 10:41:41.829000,416.0056058545182,1003
2024-09-17 10:41:41.913000,416.02524094922296,11
2024-09-17 10:41:41.954000,416.0213870577494,995
2024-09-17 10:41:42.013000,416.0519994127198,1001
2024-09-17 10:41:42.071000,416.0010596426782,1003
2024-09-17 10:41:42.099000,416.0876490499425,98
2024-09-17 10:41:42.121000,416.0497682278195,8
2024-09-17 10:41:42.196000,416.047886036133,996
2024-09-17 10:41:42.356000,416.068809623923,1004
2024-09-17 10:41:42.447000,416.0387518421631,105
2024-09-17 10:41:42.518000,416.0282415624551,1003
2024-09-17 10:41:42.629000,416.0307938143574,96
2024-09-17 10:41:42.666000,416.0883976677226,95
2024-09-17 10:41:42.764000,416.0851011687051,98
2024-09-17 10:41:42.887000,416.0671626102113,101
2024-09-17 10:41:42.910000,416.07178413946303,13
2024-09-17 10:41:42.997000,416.04818190189326,96
2024-09-17 10:41:43.100000,416.0579706326323,13
2024-09-17 10:41:43.196000,416.07171871144647,7
2024-09-17 10:41:43.262000,416.0663645969778,996
2024-09-17 10:41:43.286000,416.0690162908665,9
2024-09-17 10:41:43.378000,416.03124780072966,1002
2024-09-17 10:41:43.379000,416.0938355410036,96
2024-09-17 10:41:43.382000,416.07580717366574,101
2024-09-17 10:41:43.461000,416.0914715180105,11
2024-09-17 10:41:43.515000,416.0809280876583,1004
2024-09-17 10:41:43.564000,416.0457234784646,1000
2024-09-17 10:41:43.591000,416.0729273290802,99
2024-09-17 10:41:43.635000,416.08792401915497,5
2024-09-17 10:41:43.870000,416.03930703612986,104
2024-09-17 10:41:43.941000,416.0844231212161,7
2024-09-17 10:41:43.949000,416.0790316620791,996
2024-09-17 10:41:43.981000,416.0332370405835,96
2024-09-17 10:41:44.017000,415.98858161384425,15
2024-09-17 10:41:44.026000,415.9860308203782,99
2024-09-17 10:41:44.035000,416.0274157427474,997
2024-09-17 10:41:44.196000,415.9836582494554,997
2024-09-17 10:41:44.260000,416.02361282583473,995
2024-09-17 10:41:44.276000,415.99311131427424,997
2024-09-17 10:41:44.515000,416.0037710020648,10
2024-09-17 10:41:44.521000,416.005884219074,12
2024-09-17 10:41:44.541000,415.9887154999585,10
2024-09-17 10:41:44.633000,416.0002489288494,98
2024-09-17 10:41:44.655000,416.0087819315845,96
2024-09-17 10:41:44.882000,416.0009975011736,13
2024-09-17 10:41:45.207000,415.9795474680619,11
2024-09-17 10:41:45.365000,415.98859786343,7
2024-09-17 10:41:45.395000,415.9977834835466,995
2024-09-17 10:41:45.452000,415.9777659545313,995
2024-09-17 10:41:45.673000,415.9844425444412,95
2024-09-17 10:41:46.099000,415.9863220579691,14
2024-09-17 10:41:46.185000,415.9498531101467,12
2024-09-17 10:41:46.275000,415.9324688849682,104
2024-09-17 10:41:46.282000,415.979318136434,102
2024-09-17 10:41:46.375000,416.0056793627044,95
2024-09-17 10:41:46.510000,415.9388847861101,1005
2024-09-17 10:41:46.524000,416.0078793152698,8
2024-09-17 10:41:46.610000,415.9293267397581,14
2024-09-17 10:41:47.093000,416.062156518216,8
2024-09-17 10:41:47.148000,416.0372511452599,13
2024-09-17 10:41:47.299000,416.0246254607888,13
2024-09-17 10:41:47.344000,416.0431904290039,95
2024-09-17 10:41:47.467000,416.0483231555961,102
2024-09-17 10:41:47.542000,416.0297548375736,1003
2024-09-17 10:41:47.673000,416.04675646241816,96
2024-09-17 10:41:47.679000,416.0447214265155,13
2024-09-17 10:41:47.679000,416.000149019365,101
2024-09-17 10:41:47.902000,416.0128814693581,15
2024-09-17 10:41:47.995000,416.0511002984943,5
2024-09-17 10:41:48.007000,416.1118992315099,998
2024-09-17 10:41:48.026000,416.103328123688,12
2024-09-17 10:41:48.039000,416.098922773871,998
2024-09-17 10:41:48.042000,416.0645245558583,11
2024-09-17 10:41:48.059000,416.1024818304362,103
2024-09-17 10:41:48.073000,416.107335313815,5
2024-09-17 10:41:48.092000,416.1262360720797,13
2024-09-17 10:41:48.097000,416.0738952923146,105
2024-09-17 10:41:48.138000,416.0792452048706,95
2024-09-17 10:41:48.139000,416.05075136479314,1002
2024-09-17 10:41:48.197000,416.069877851679,103
2024-09-17 10:41:48.216000,416.047518839074,96
2024-09-17 10:41:48.228000,416.0939294566271,5
2024-09-17 10:41:48.329000,416.0598401763952,103
2024-09-17 10:41:48.413000,416.08055560245566,1005
2024-09-17 10:41:48.472000,416.0915315895861,99
2024-09-17 10:41:48.485000,416.09285617690585,96
2024-09-17 10:41:48.522000,416.0685221512401,98
2024-09-17 10:41:48.543000,416.071768655833,12
2024-09-17 10:41:48.565000,416.07761890981817,1000
2024-09-17 10:41:48.569000,416.0995352158131,103
2024-09-17 10:41:48.593000,416.0591337654227,14
2024-09-17 10:41:48.597000,416.0657653703891,1000
2024-09-17 10:41:48.696000,416.063304916459,1002
2024-09-17 10:41:48.753000,416.065008107529,15
2024-09-17 10:41:48.759000,416.09142438841695,10
2024-09-17 10:41:48.788000,416.0729034057471,12
2024-09-17 10:41:48.974000,416.08710975690434,999
2024-09-17 10:41:48.981000,416.058912267752,97
2024-09-17 10:41:48.985000,416.1080202621118,997
2024-09-17 10:41:49.308000,416.1377246226905,97
2024-09-17 10:41:49.919000,416.1404858732142,1004
2024-09-17 10:41:50.117000,416.1425753110442,14
2024-09-17 10:41:50.118000,416.1618762843651,101
2024-09-17 10:41:50.128000,416.14758152496574,103
2024-09-17 10:41:50.211000,416.14362267772464,1005
2024-09-17 10:41:50.304000,416.1632328046302,1000
2024-09-17 10:41:50.341000,416.1439124044164,999
2024-09-17 10:41:50.341000,416.13957504030736,9
2024-09-17 10:41:50.358000,416.14135160939,1002
2024-09-17 10:41:50.416000,416.1464541746462,104
2024-09-17 10:41:50.465000,416.1303292902602,1002
2024-09-17 10:41:50.508000,416.1828490049965,1001
2024-09-17 10:41:50.528000,416.1431084860904,13
2024-09-17 10:41:50.698000,416.156737690185,104
2024-09-17 10:41:50.713000,416.1846912471528,8
2024-09-17 10:41:50.774000,416.1395232396375,98
2024-09-17 10:41:50.783000,416.1639795257467,99
2024-09-17 10:41:50.796000,416.14906959344,104
2024-09-17 10:41:50.806000,416.13972689546335,102
2024-09-17 10:41:50.816000,416.1551094571324,7
2024-09-17 10:41:50.864000,416.1846886373142,1005
2024-09-17 10:41:50.894000,416.15563548691296,1002
2024-09-17 10:41:50.978000,416.1501843888935,11
2024-09-17 10:41:51.008000,416.1804473559212,96
2024-09-17 10:41:51.011000,416.1994365249954,7
2024-09-17 10:41:51.017000,416.2534661186525,7
2024-09-17 10:41:51.024000,416.206230038254,101
2024-09-17 10:41:51.067000,416.19169943158,1004
2024-09-17 10:41:51.136000,416.22866353728,104
2024-09-17 10:41:51.161000,416.2340372285225,997
2024-09-17 10:41:51.169000,416.1888119801355,14
2024-09-17 10:41:51.215000,416.1844183360908,1003
2024-09-17 10:41:51.323000,416.1766359589184,1004
2024-09-17 10:41:51.359000,416.23295573122886,104
2024-09-17 10:41:51.448000,416.24646703852056,995
2024-09-17 10:41:51.522000,416.1654582072829,14
2024-09-17 10:41:51.573000,416.2395341311397,98
2024-09-17 10:41:51.651000,416.1685516976897,5
2024-09-17 10:41:51.668000,416.23128046950376,9
2024-09-17 10:41:51.672000,416.2211886965633,11
2024-09-17 10:41:51.738000,416.2306787055162,104
2024-09-17 10:41:51.893000,416.225000371536,1000
2024-09-17 10:41:51.942000,416.2264572110231,1001
2024-09-17 10:41:51.985000,416.2177283886292,102
2024-09-17 10:41:52.070000,416.2139567834052,996
2024-09-17 10:41:52.306000,416.1930391220586,6
2024-09-17 10:41:52.355000,416.17567857638267,9
2024-09-17 10:41:52.397000,416.1905322504841,1005
2024-09-17 10:41:52.428000,416.2334050448519,997
2024-09-17 10:41:52.452000,416.181146391384,12
2024-09-17 10:41:52.610000,416.17059849201314,999
2024-09-17 10:41:52.758000,416.1963181220048,1001
2024-09-17 10:41:52.869000,416.1675889573552,1002
2024-09-17 10:41:52.918000,416.17265212980095,996
2024-09-17 10:41:52.927000,416.193628550898,8
2024-09-17 10:41:52.946000,416.2161537321325,101
2024-09-17 10:41:53.211000,416.23488191275055,5
2024-09-17 10:41:53.331000,416.27382515981657,15
2024-09-17 10:41:53.411000,416.2550786292755,1001
2024-09-17 10:41:53.484000,416.23699871842393,9
2024-09-17 10:41:53.561000,416.2332762260706,11
2024-09-17 10:41:53.859000,416.25414481238914,14
2024-09-17 10:41:54.016000,416.2595088244637,995
2024-09-17 10:41:54.114000,416.302250192752,104
2024-09-17 10:41:54.156000,416.2694420673498,1000
2024-09-17 10:41:54.165000,416.2951511558149,1003
2024-09-17 10:41:54.208000,416.2725424136228,1002
2024-09-17 10:41:54.263000,416.29994837235154,11
2024-09-17 10:41:54.272000,416.3056633677082,999
2024-09-17 10:41:54.305000,416.2951466816433,103
2024-09-17 10:41:54.324000,416.3049910271399,102
2024-09-17 10:41:54.398000,416.2699189931925,999
2024-09-17 10:41:54.401000,416.3036023088029,995
2024-09-17 10:41:54.458000,416.27948656687545,1004
2024-09-17 10:41:54.476000,416.30146805369714,12
2024-09-17 10:41:54.535000,416.2825219109153,99
2024-09-17 10:41:54.564000,416.2968936745453,1001
2024-09-17 10:41:54.699000,416.27288435147887,1002
2024-09-17 10:41:54.712000,416.3027365383531,95
2024-09-17 10:41:54.741000,416.3039610560054,1004
2024-09-17 10:41:54.868000,416.2819520178749,5
2024-09-17 10:41:54.889000,416.2843681146667,998
2024-09-17 10:41:54.998000,416.2806051718912,5
2024-09-17 10:41:55.007000,416.30110529957074,7
2024-09-17 10:41:55.152000,416.29103460301593,1000
2024-09-17 10:41:55.228000,416.3067512714496,7
2024-09-17 10:41:55.232000,416.3154113711792,102
2024-09-17 10:41:55.309000,416.32620979790806,103
2024-09-17 10:41:55.329000,416.3088197198166,999
2024-09-17 10:41:55.428000,416.3114304422976,96
2024-09-17 10:41:55.443000,416.3114354846208,104
2024-09-17 10:41:55.490000,416.314960012282,102
2024-09-17 10:41:55.519000,416.2907156792384,8
2024-09-17 10:41:55.545000,416.2873382295227,104
2024-09-17 10:41:55.547000,416.2885865513354,11
2024-09-17 10:41:55.549000,416.31197707872167,996
2024-09-17 10:41:55.585000,416.314829623731,97
2024-09-17 10:41:55.600000,416.2792328820896,96
2024-09-17 10:41:55.618000,416.3130913281537,8
2024-09-17 10:41:55.647000,416.3002650884271,996
2024-09-17 10:41:55.665000,416.3054048302802,97
2024-09-17 10:41:55.670000,416.28782339096654,10
2024-09-17 10:41:55.675000,416.3013857964195,96
2024-09-17 10:41:55.681000,416.2952499458679,100
2024-09-17 10:41:55.722000,416.3121105679368,14
2024-09-17 10:41:55.827000,416.29793932810855,13
2024-09-17 10:41:55.892000,416.3067234836767,995
2024-09-17 10:41:55.989000,416.307703893334,15
2024-09-17 10:41:57.144000,416.23790819303497,102
2024-09-17 10:41:57.249000,416.2865665444711,99
2024-09-17 10:41:57.254000,416.2964876479887,15
2024-09-17 10:41:57.293000,416.2864884775666,1004
2024-09-17 10:41:57.299000,416.2740708899712,11
2024-09-17 10:41:57.408000,416.2722929496688,104
2024-09-17 10:41:57.554000,416.2798964316522,1003
2024-09-17 10:41:57.577000,416.2748155830764,105
2024-09-17 10:41:57.635000,416.2807912548952,996
2024-09-17 10:41:57.699000,416.2715201604256,9
2024-09-17 10:41:57.743000,416.2639959182289,1002
2024-09-17 10:41:57.771000,416.2872040276429,998
2024-09-17 10:41:57.946000,416.2716200679218,995
2024-09-17 10:41:58.002000,416.2033316504831,6
2024-09-17 10:41:58.069000,416.1626268315481,13
2024-09-17 10:41:58.071000,416.2278218956194,11
2024-09-17 10:41:58.187000,416.1733539622722,98
2024-09-17 10:41:58.199000,416.1887210178392,98
2024-09-17 10:41:58.215000,416.23746154489214,1003
2024-09-17 10:41:58.252000,416.24239201463735,104
2024-09-17 10:41:58.278000,416.2178320128784,996
2024-09-17 10:41:58.346000,416.17117161656665,99
2024-09-17 10:41:58.394000,416.2098065256681,1003
2024-09-17 10:41:58.403000,416.15087265362473,5
2024-09-17 10:41:58.440000,416.22298095079134,9
2024-09-17 10:41:58.453000,416.1654837618545,6
2024-09-17 10:41:58.532000,416.1673459758159,96
2024-09-17 10:41:58.855000,416.1635363688399,10
2024-09-17 10:41:58.931000,416.1564776119629,7
2024-09-17 10:41:58.978000,416.1739652898266,11
2024-09-17 10:41:59.056000,416.1467845137608,10
2024-09-17 10:41:59.228000,416.1330953436977,105
2024-09-17 10:41:59.259000,416.1006815891837,13
2024-09-17 10:41:59.260000,416.1309551089013,98
2024-09-17 10:41:59.266000,416.1027153659083,999
2024-09-17 10:41:59.276000,416.1580114332485,99
2024-09-17 10:41:59.345000,416.13162064544366,8
2024-09-17 10:41:59.367000,416.1337828226939,996
2024-09-17 10:41:59.573000,416.0925778854744,97
2024-09-17 10:41:59.746000,416.11900257043976,14
2024-09-17 10:41:59.756000,416.1361767464681,1003
2024-09-17 10:41:59.763000,416.1159656415031,11
2024-09-17 10:41:59.783000,416.1364333594991,1005
2024-09-17 10:41:59.797000,416.14780884748217,98
2024-09-17 10:41:59.889000,416.1559073805475,99
