Timestamp,Price,Size
2024-09-18 10:03:00.025000,407.8085822624601,1002
2024-09-18 10:03:00.086000,407.83755749339423,998
2024-09-18 10:03:00.227000,407.8523341000469,15
2024-09-18 10:03:00.267000,407.843158791418,95
2024-09-18 10:03:00.279000,407.8333794541317,997
2024-09-18 10:03:00.357000,407.81761915722313,101
2024-09-18 10:03:00.357000,407.8698187737885,997
2024-09-18 10:03:00.376000,407.8252709875602,996
2024-09-18 10:03:00.402000,407.84003398091465,995
2024-09-18 10:03:00.447000,407.8508129869097,998
2024-09-18 10:03:00.468000,407.82666580649646,101
2024-09-18 10:03:00.510000,407.8614061021417,1000
2024-09-18 10:03:00.539000,407.8685646765076,1004
2024-09-18 10:03:00.543000,407.8376656426367,5
2024-09-18 10:03:00.626000,407.82470879638174,98
2024-09-18 10:03:00.629000,407.8367190065701,1001
2024-09-18 10:03:00.658000,407.81714555622943,96
2024-09-18 10:03:00.682000,407.821545667008,10
2024-09-18 10:03:00.696000,407.8576850745721,997
2024-09-18 10:03:00.709000,407.8065620263996,14
2024-09-18 10:03:00.728000,407.79675252015215,995
2024-09-18 10:03:00.768000,407.8020458118481,15
2024-09-18 10:03:00.784000,407.8627236425953,13
2024-09-18 10:03:00.836000,407.83296992122166,103
2024-09-18 10:03:00.865000,407.829793807797,996
2024-09-18 10:03:00.976000,407.8161823096928,1005
2024-09-18 10:03:00.985000,407.8220097621186,98
2024-09-18 10:03:01.443000,407.8175961909953,12
2024-09-18 10:03:01.456000,407.803515617534,1002
2024-09-18 10:03:01.623000,407.8012470554708,7
2024-09-18 10:03:01.905000,407.79418708017664,102
2024-09-18 10:03:01.972000,407.8306871053696,15
2024-09-18 10:03:02.318000,407.7403908260913,98
2024-09-18 10:03:02.364000,407.7755426740263,1000
2024-09-18 10:03:02.402000,407.7761003679582,8
2024-09-18 10:03:02.563000,407.76201785179273,1003
2024-09-18 10:03:02.590000,407.8093132284214,104
2024-09-18 10:03:02.618000,407.75208631220215,104
2024-09-18 10:03:02.681000,407.7357336910855,97
2024-09-18 10:03:02.708000,407.7332778888158,102
2024-09-18 10:03:02.717000,407.77016300325766,8
2024-09-18 10:03:02.733000,407.7988401865011,104
2024-09-18 10:03:02.746000,407.836154306536,14
2024-09-18 10:03:02.759000,407.8197701931122,15
2024-09-18 10:03:02.798000,407.7669259934042,11
2024-09-18 10:03:02.834000,407.7749941589751,14
2024-09-18 10:03:02.872000,407.7561073072631,1005
2024-09-18 10:03:02.887000,407.7831641873652,1002
2024-09-18 10:03:03.043000,407.7443019398861,9
2024-09-18 10:03:03.098000,407.8040881301587,1003
2024-09-18 10:03:03.118000,407.7229158749957,995
2024-09-18 10:03:03.181000,407.7850443216407,8
2024-09-18 10:03:03.276000,407.7466944527252,1004
2024-09-18 10:03:03.363000,407.8039627538625,1005
2024-09-18 10:03:03.390000,407.7365383965631,97
2024-09-18 10:03:03.396000,407.7976487121624,98
2024-09-18 10:03:03.416000,407.7970974060427,8
2024-09-18 10:03:03.574000,407.7661184829452,5
2024-09-18 10:03:03.657000,407.7956581246944,995
2024-09-18 10:03:03.677000,407.7977329944933,6
2024-09-18 10:03:03.709000,407.77327823373935,13
2024-09-18 10:03:03.765000,407.8034449324926,10
2024-09-18 10:03:03.793000,407.7777533291438,104
2024-09-18 10:03:03.798000,407.8110502666304,105
2024-09-18 10:03:03.862000,407.8026216743213,998
2024-09-18 10:03:04.009000,407.8369004527901,1005
2024-09-18 10:03:04.150000,407.8076943359311,7
2024-09-18 10:03:04.179000,407.8515870477354,1002
2024-09-18 10:03:04.249000,407.8084911112027,12
2024-09-18 10:03:04.332000,407.8431980705354,15
2024-09-18 10:03:04.345000,407.8378958977748,7
2024-09-18 10:03:04.474000,407.8426852840584,1003
2024-09-18 10:03:04.516000,407.8267335438626,7
2024-09-18 10:03:04.566000,407.82201112119327,996
2024-09-18 10:03:04.590000,407.8122676019044,10
2024-09-18 10:03:04.601000,407.8636456907132,997
2024-09-18 10:03:04.626000,407.8101538869714,7
2024-09-18 10:03:04.657000,407.8421974328817,99
2024-09-18 10:03:04.770000,407.8476498661131,5
2024-09-18 10:03:04.778000,407.8530625068718,1001
2024-09-18 10:03:04.901000,407.8276563826208,996
2024-09-18 10:03:04.916000,407.8183150185692,999
2024-09-18 10:03:04.928000,407.8270766786088,7
2024-09-18 10:03:04.931000,407.83462029383793,13
2024-09-18 10:03:04.940000,407.8343107162616,14
2024-09-18 10:03:04.969000,407.8494077518177,96
2024-09-18 10:03:04.996000,407.8191685316868,1005
2024-09-18 10:03:05.016000,407.7912458886401,999
2024-09-18 10:03:05.053000,407.8123468480932,105
2024-09-18 10:03:05.095000,407.77967806611895,101
2024-09-18 10:03:05.159000,407.7525431297095,1001
2024-09-18 10:03:05.161000,407.7728421786161,11
2024-09-18 10:03:05.182000,407.7588618718472,996
2024-09-18 10:03:05.326000,407.7737255511785,99
2024-09-18 10:03:05.383000,407.819328583729,102
2024-09-18 10:03:05.397000,407.7524004123736,14
2024-09-18 10:03:05.429000,407.7707051927828,1002
2024-09-18 10:03:05.445000,407.7720433262496,98
2024-09-18 10:03:05.462000,407.8088903650401,10
2024-09-18 10:03:05.547000,407.78264054530354,100
2024-09-18 10:03:05.661000,407.7757817134526,103
2024-09-18 10:03:05.733000,407.8040192932823,996
2024-09-18 10:03:05.775000,407.81272925489856,1001
2024-09-18 10:03:06.122000,407.7368169550619,105
2024-09-18 10:03:06.442000,407.7740458276954,996
2024-09-18 10:03:06.736000,407.7616424788599,98
2024-09-18 10:03:06.765000,407.7771091113916,996
2024-09-18 10:03:07.001000,407.7760952459807,11
2024-09-18 10:03:07.031000,407.7503774713386,6
2024-09-18 10:03:07.071000,407.7492537112679,9
2024-09-18 10:03:07.103000,407.7621532364601,998
2024-09-18 10:03:07.107000,407.7520921621355,5
2024-09-18 10:03:07.149000,407.7490448342122,103
2024-09-18 10:03:07.169000,407.747028001052,10
2024-09-18 10:03:07.173000,407.73463186460384,102
2024-09-18 10:03:07.228000,407.7499370740915,1001
2024-09-18 10:03:07.250000,407.74970063429566,996
2024-09-18 10:03:07.254000,407.75506066010354,7
2024-09-18 10:03:07.374000,407.727681840847,998
2024-09-18 10:03:07.378000,407.78060959171216,1001
2024-09-18 10:03:07.401000,407.7838510134797,1001
2024-09-18 10:03:07.533000,407.74538211154567,99
2024-09-18 10:03:07.544000,407.731629766751,99
2024-09-18 10:03:07.578000,407.73652529452,1004
2024-09-18 10:03:07.606000,407.7308745003867,100
2024-09-18 10:03:07.678000,407.7447535879175,97
2024-09-18 10:03:07.690000,407.77389540919614,101
2024-09-18 10:03:07.697000,407.7287661247832,98
2024-09-18 10:03:07.740000,407.74881046959,101
2024-09-18 10:03:07.747000,407.7814922529468,5
2024-09-18 10:03:07.777000,407.7366083542465,6
2024-09-18 10:03:07.915000,407.7353064688291,101
2024-09-18 10:03:07.928000,407.7341485153595,102
2024-09-18 10:03:08.194000,407.73580025908376,99
2024-09-18 10:03:08.198000,407.74356969901646,6
2024-09-18 10:03:08.212000,407.7320684318584,1004
2024-09-18 10:03:08.253000,407.7724588947174,98
2024-09-18 10:03:08.322000,407.7621783865872,15
2024-09-18 10:03:08.333000,407.784389060544,998
2024-09-18 10:03:08.344000,407.7186232292593,12
2024-09-18 10:03:08.345000,407.7191967405669,15
2024-09-18 10:03:08.493000,407.7633974843831,14
2024-09-18 10:03:08.506000,407.7469241372127,103
2024-09-18 10:03:08.554000,407.76321113624994,12
2024-09-18 10:03:08.563000,407.76816491096855,97
2024-09-18 10:03:08.636000,407.7141486272012,1003
2024-09-18 10:03:08.728000,407.7738501083564,7
2024-09-18 10:03:08.752000,407.7411081332878,996
2024-09-18 10:03:08.799000,407.7364505353528,996
2024-09-18 10:03:08.829000,407.78416326365794,997
2024-09-18 10:03:08.858000,407.77356992946767,999
2024-09-18 10:03:08.871000,407.7369125622953,7
2024-09-18 10:03:08.876000,407.74929327307154,12
2024-09-18 10:03:08.916000,407.7525153146669,999
2024-09-18 10:03:08.925000,407.7727489792156,97
2024-09-18 10:03:08.990000,407.7680426320834,1004
2024-09-18 10:03:09.044000,407.80191424797255,101
2024-09-18 10:03:09.099000,407.8339838852955,99
2024-09-18 10:03:09.408000,407.820892541129,999
2024-09-18 10:03:09.621000,407.8038216989647,95
2024-09-18 10:03:10.018000,407.81413926109184,1002
2024-09-18 10:03:10.023000,407.8082834154694,999
2024-09-18 10:03:10.025000,407.7768910188235,101
2024-09-18 10:03:10.030000,407.7992398885186,98
2024-09-18 10:03:10.054000,407.77183597556063,100
2024-09-18 10:03:10.078000,407.83799740897774,104
2024-09-18 10:03:10.133000,407.8097584659636,10
2024-09-18 10:03:10.163000,407.73738953577305,96
2024-09-18 10:03:10.177000,407.8002362782812,9
2024-09-18 10:03:10.329000,407.76120066348784,1001
2024-09-18 10:03:10.339000,407.8331428645015,1003
2024-09-18 10:03:10.618000,407.8132394707735,6
2024-09-18 10:03:10.629000,407.8335748235596,97
2024-09-18 10:03:10.653000,407.8147362782764,6
2024-09-18 10:03:10.682000,407.8110795525048,1004
2024-09-18 10:03:10.705000,407.7474996715165,96
2024-09-18 10:03:10.717000,407.7857212246602,13
2024-09-18 10:03:10.758000,407.7707240867773,6
2024-09-18 10:03:10.792000,407.7902849017954,999
2024-09-18 10:03:10.805000,407.8006576272756,99
2024-09-18 10:03:10.818000,407.8137240312461,99
2024-09-18 10:03:10.826000,407.7991809961983,95
2024-09-18 10:03:10.842000,407.7349157098495,103
2024-09-18 10:03:10.854000,407.8219323978527,997
2024-09-18 10:03:10.873000,407.7567429272572,996
2024-09-18 10:03:10.889000,407.7929276891288,101
2024-09-18 10:03:11.027000,407.7420140046588,14
2024-09-18 10:03:11.116000,407.6790763119645,98
2024-09-18 10:03:11.213000,407.75281725257673,996
2024-09-18 10:03:11.295000,407.7123803999135,15
2024-09-18 10:03:11.380000,407.69487304384046,1005
2024-09-18 10:03:11.391000,407.69464187861286,14
2024-09-18 10:03:11.471000,407.73035852872016,100
2024-09-18 10:03:11.478000,407.7458448523767,15
2024-09-18 10:03:11.599000,407.70888877254725,1003
2024-09-18 10:03:11.731000,407.7503568837441,11
2024-09-18 10:03:11.784000,407.7474260672573,995
2024-09-18 10:03:11.821000,407.7637412157324,105
2024-09-18 10:03:11.871000,407.7620610123646,5
2024-09-18 10:03:11.881000,407.7358390080378,12
2024-09-18 10:03:11.885000,407.7045904852165,8
2024-09-18 10:03:11.896000,407.7567581639539,98
2024-09-18 10:03:11.936000,407.70488265868494,100
2024-09-18 10:03:11.960000,407.6943907822156,99
2024-09-18 10:03:12.005000,407.69797574291465,104
2024-09-18 10:03:12.093000,407.73651399762326,14
2024-09-18 10:03:12.224000,407.7158405957716,95
2024-09-18 10:03:12.278000,407.7199384844817,1003
2024-09-18 10:03:12.318000,407.7039170254791,6
2024-09-18 10:03:12.344000,407.7024036690924,7
2024-09-18 10:03:12.406000,407.7106999829144,995
2024-09-18 10:03:12.435000,407.7155433485894,101
2024-09-18 10:03:12.457000,407.7085852485299,1005
2024-09-18 10:03:12.461000,407.7196712172585,99
2024-09-18 10:03:12.516000,407.7071075315508,998
2024-09-18 10:03:12.574000,407.71184729760654,1005
2024-09-18 10:03:12.596000,407.7073421192941,995
2024-09-18 10:03:12.628000,407.7092569574074,997
2024-09-18 10:03:12.636000,407.7163784544992,1005
2024-09-18 10:03:12.722000,407.7188779248261,12
2024-09-18 10:03:12.722000,407.720072099502,1005
2024-09-18 10:03:12.740000,407.7293557290988,1005
2024-09-18 10:03:12.748000,407.6950359867166,8
2024-09-18 10:03:12.758000,407.700939048406,11
2024-09-18 10:03:12.820000,407.7154051126696,9
2024-09-18 10:03:12.824000,407.7356125612106,103
2024-09-18 10:03:12.859000,407.7125541783576,996
2024-09-18 10:03:12.866000,407.7277969808101,6
2024-09-18 10:03:12.909000,407.7115611355281,999
2024-09-18 10:03:12.941000,407.71149327093343,102
2024-09-18 10:03:13.137000,407.6729738153029,97
2024-09-18 10:03:13.157000,407.6701702077476,95
2024-09-18 10:03:13.177000,407.6798595947886,999
2024-09-18 10:03:13.197000,407.6420957992764,1002
2024-09-18 10:03:13.238000,407.69897083944966,103
2024-09-18 10:03:13.306000,407.6577107047266,103
2024-09-18 10:03:13.324000,407.6646518399865,5
2024-09-18 10:03:13.352000,407.68886991163606,1005
2024-09-18 10:03:13.380000,407.657549872676,104
2024-09-18 10:03:13.410000,407.65308334020096,1004
2024-09-18 10:03:13.596000,407.6653255733365,1000
2024-09-18 10:03:13.672000,407.6711921139205,997
2024-09-18 10:03:14.124000,407.6696948768122,6
2024-09-18 10:03:14.136000,407.65812641810754,1001
2024-09-18 10:03:14.173000,407.666609819598,104
2024-09-18 10:03:14.179000,407.6485788376056,103
2024-09-18 10:03:14.276000,407.6657477120728,1005
2024-09-18 10:03:14.281000,407.6568297797928,15
2024-09-18 10:03:14.284000,407.6572478876845,105
2024-09-18 10:03:14.403000,407.6890740262247,95
2024-09-18 10:03:14.443000,407.6603786287939,997
2024-09-18 10:03:14.457000,407.6414286518148,96
2024-09-18 10:03:14.496000,407.6813998333248,1001
2024-09-18 10:03:14.527000,407.6595336911933,997
2024-09-18 10:03:14.650000,407.6633307666499,5
2024-09-18 10:03:14.679000,407.66460813763433,95
2024-09-18 10:03:14.708000,407.6820100520629,105
2024-09-18 10:03:14.743000,407.6377021524395,97
2024-09-18 10:03:14.758000,407.6682405236846,10
2024-09-18 10:03:14.812000,407.6843698532375,5
2024-09-18 10:03:14.820000,407.6695749768453,1004
2024-09-18 10:03:14.827000,407.6691949815409,7
2024-09-18 10:03:14.918000,407.66144394339017,96
2024-09-18 10:03:15.231000,407.6708100416625,99
2024-09-18 10:03:15.266000,407.665502352237,12
2024-09-18 10:03:15.586000,407.67825388509135,100
2024-09-18 10:03:15.842000,407.6653830195637,104
2024-09-18 10:03:15.902000,407.6688422328435,1003
2024-09-18 10:03:16.001000,407.70330772446687,14
2024-09-18 10:03:16.009000,407.70996129879234,95
2024-09-18 10:03:16.020000,407.6476399634975,11
2024-09-18 10:03:16.091000,407.7207697646438,97
2024-09-18 10:03:16.165000,407.68638268570544,100
2024-09-18 10:03:16.272000,407.702691696448,100
2024-09-18 10:03:16.331000,407.6732967426241,10
2024-09-18 10:03:16.351000,407.6899613793397,101
2024-09-18 10:03:16.353000,407.638262484609,1004
2024-09-18 10:03:16.381000,407.6825360143313,105
2024-09-18 10:03:16.414000,407.6564829706337,14
2024-09-18 10:03:16.436000,407.6583238767925,8
2024-09-18 10:03:16.441000,407.6600803500697,103
2024-09-18 10:03:16.444000,407.7246674848506,15
2024-09-18 10:03:16.462000,407.7043039252984,12
2024-09-18 10:03:16.482000,407.6678792844264,12
2024-09-18 10:03:16.553000,407.6582233003636,95
2024-09-18 10:03:16.562000,407.67855648968174,1000
2024-09-18 10:03:16.572000,407.6699068944568,15
2024-09-18 10:03:16.648000,407.6842973718753,103
2024-09-18 10:03:16.657000,407.7128218970773,1003
2024-09-18 10:03:16.791000,407.6494674550886,105
2024-09-18 10:03:16.910000,407.6788309830006,15
2024-09-18 10:03:16.914000,407.62603075346914,10
2024-09-18 10:03:16.921000,407.672297341272,999
2024-09-18 10:03:17.059000,407.6476432034114,8
2024-09-18 10:03:17.135000,407.65351741033504,5
2024-09-18 10:03:17.155000,407.6511020625412,10
2024-09-18 10:03:17.182000,407.66778085414137,1000
2024-09-18 10:03:17.319000,407.6537209355859,9
2024-09-18 10:03:17.497000,407.6400525138085,14
2024-09-18 10:03:17.623000,407.6669578028829,8
2024-09-18 10:03:17.704000,407.63943628413705,1002
2024-09-18 10:03:17.706000,407.655289910357,8
2024-09-18 10:03:17.803000,407.6549032181128,101
2024-09-18 10:03:17.915000,407.65935544607487,997
2024-09-18 10:03:17.934000,407.6367799805864,999
2024-09-18 10:03:17.935000,407.6645313355253,103
2024-09-18 10:03:18.016000,407.6409498957484,998
2024-09-18 10:03:18.033000,407.63234187827817,998
2024-09-18 10:03:18.039000,407.6453783583025,104
2024-09-18 10:03:18.133000,407.6339445399128,997
2024-09-18 10:03:18.148000,407.6403082166153,1004
2024-09-18 10:03:18.148000,407.6145747378786,1004
2024-09-18 10:03:18.179000,407.6479193768212,1004
2024-09-18 10:03:18.181000,407.609339635486,104
2024-09-18 10:03:18.235000,407.6491666381691,8
2024-09-18 10:03:18.326000,407.6631232810515,10
2024-09-18 10:03:18.353000,407.6197553143984,102
2024-09-18 10:03:18.396000,407.6487319465694,100
2024-09-18 10:03:18.440000,407.6609375544136,7
2024-09-18 10:03:18.489000,407.6246124440079,97
2024-09-18 10:03:18.507000,407.659612465773,101
2024-09-18 10:03:18.554000,407.6518879695511,1000
2024-09-18 10:03:18.591000,407.6351852778439,1004
2024-09-18 10:03:18.716000,407.6475374894156,8
2024-09-18 10:03:18.803000,407.6345013194436,8
2024-09-18 10:03:18.807000,407.6550554684724,101
2024-09-18 10:03:18.828000,407.6528635261102,9
2024-09-18 10:03:18.908000,407.6497016019405,15
2024-09-18 10:03:18.959000,407.6283403930029,102
2024-09-18 10:03:18.983000,407.67433030072,995
2024-09-18 10:03:18.984000,407.660107834893,1005
2024-09-18 10:03:18.988000,407.6576463540244,105
2024-09-18 10:03:19.096000,407.537323211422,96
2024-09-18 10:03:19.116000,407.5895452602697,102
2024-09-18 10:03:19.227000,407.5580042623673,98
2024-09-18 10:03:19.227000,407.5049663507564,1004
2024-09-18 10:03:19.245000,407.5012149693754,1000
2024-09-18 10:03:19.263000,407.49707024806514,997
2024-09-18 10:03:19.331000,407.529318541896,998
2024-09-18 10:03:19.333000,407.5268286032934,9
2024-09-18 10:03:19.343000,407.515615384936,96
2024-09-18 10:03:19.362000,407.5287410077783,998
2024-09-18 10:03:19.438000,407.51372536818775,13
2024-09-18 10:03:19.440000,407.53617205693246,101
2024-09-18 10:03:19.454000,407.5450884502304,998
2024-09-18 10:03:19.461000,407.5113342062597,97
2024-09-18 10:03:19.486000,407.54745483923057,996
2024-09-18 10:03:19.574000,407.5116213285559,102
2024-09-18 10:03:19.641000,407.5985784251565,14
2024-09-18 10:03:19.657000,407.5103277637919,105
2024-09-18 10:03:19.663000,407.549807130158,105
2024-09-18 10:03:19.672000,407.51849473049367,995
2024-09-18 10:03:19.795000,407.54195494124536,997
2024-09-18 10:03:19.801000,407.5992189419182,105
2024-09-18 10:03:19.819000,407.568565542015,15
2024-09-18 10:03:19.941000,407.57368010295335,101
2024-09-18 10:03:20.014000,407.55507445413247,99
2024-09-18 10:03:20.054000,407.5149350165844,11
2024-09-18 10:03:20.063000,407.5691634684942,13
2024-09-18 10:03:20.133000,407.5701142089685,104
2024-09-18 10:03:20.218000,407.5663489971906,13
2024-09-18 10:03:20.235000,407.5495657586397,96
2024-09-18 10:03:20.269000,407.5417027388386,14
2024-09-18 10:03:20.271000,407.54058282231495,998
2024-09-18 10:03:20.327000,407.5703934875811,15
2024-09-18 10:03:20.348000,407.5878907736608,999
2024-09-18 10:03:20.367000,407.5414163723298,999
2024-09-18 10:03:20.415000,407.54936943049904,1000
2024-09-18 10:03:20.418000,407.5408483327898,105
2024-09-18 10:03:20.435000,407.5624206136097,96
2024-09-18 10:03:20.445000,407.546961937957,996
2024-09-18 10:03:20.446000,407.5604757304096,98
2024-09-18 10:03:20.494000,407.5555082342367,999
2024-09-18 10:03:20.593000,407.5611798866565,995
2024-09-18 10:03:20.628000,407.5888143782955,15
2024-09-18 10:03:20.645000,407.54781611509577,1005
2024-09-18 10:03:20.697000,407.5307559026875,1004
2024-09-18 10:03:20.765000,407.5598803264402,9
2024-09-18 10:03:20.789000,407.5520695583469,1005
2024-09-18 10:03:20.836000,407.5722004736828,95
2024-09-18 10:03:20.962000,407.5606906753553,99
2024-09-18 10:03:20.973000,407.550855962618,103
2024-09-18 10:03:21.074000,407.5773452694924,102
2024-09-18 10:03:21.202000,407.5581832053906,99
2024-09-18 10:03:21.353000,407.5741682795872,7
2024-09-18 10:03:21.370000,407.57929377603887,1003
2024-09-18 10:03:21.730000,407.5723448138037,1003
2024-09-18 10:03:21.774000,407.5788429716993,15
2024-09-18 10:03:22.004000,407.5556955559316,98
2024-09-18 10:03:22.016000,407.5675687762921,104
2024-09-18 10:03:22.031000,407.5170235351175,15
2024-09-18 10:03:22.045000,407.5264534981948,11
2024-09-18 10:03:22.071000,407.5265520444715,12
2024-09-18 10:03:22.152000,407.52080195756326,6
2024-09-18 10:03:22.158000,407.512537781892,104
2024-09-18 10:03:22.165000,407.5601421786241,99
2024-09-18 10:03:22.169000,407.5326177941794,9
2024-09-18 10:03:22.195000,407.53010741170544,1001
2024-09-18 10:03:22.203000,407.52899478980055,96
2024-09-18 10:03:22.214000,407.5098546491985,104
2024-09-18 10:03:22.326000,407.50090529948034,998
2024-09-18 10:03:22.513000,407.5389423734984,6
2024-09-18 10:03:22.547000,407.5534280376144,996
2024-09-18 10:03:22.567000,407.5438767008251,10
2024-09-18 10:03:22.574000,407.5280696273021,998
2024-09-18 10:03:22.628000,407.5126349931408,1003
2024-09-18 10:03:22.679000,407.56682226755055,8
2024-09-18 10:03:22.681000,407.5773348963283,998
2024-09-18 10:03:22.703000,407.4877385011176,97
2024-09-18 10:03:22.708000,407.4652910714483,10
2024-09-18 10:03:22.765000,407.4693079463967,96
2024-09-18 10:03:22.814000,407.4607112902347,996
2024-09-18 10:03:22.815000,407.53113831726495,1002
2024-09-18 10:03:22.841000,407.5748389053179,11
2024-09-18 10:03:22.917000,407.5260230949912,995
2024-09-18 10:03:22.947000,407.4641455450326,12
2024-09-18 10:03:23.006000,407.4629729415362,1000
2024-09-18 10:03:23.735000,407.4580641531109,1001
2024-09-18 10:03:24.022000,407.47018608981705,105
2024-09-18 10:03:24.058000,407.4830066713965,101
2024-09-18 10:03:24.063000,407.52973724255605,101
2024-09-18 10:03:24.123000,407.4747416098232,99
2024-09-18 10:03:24.124000,407.47413384152304,1000
2024-09-18 10:03:24.164000,407.4870577594652,5
2024-09-18 10:03:24.272000,407.5020860111514,13
2024-09-18 10:03:24.343000,407.4755472105217,95
2024-09-18 10:03:24.423000,407.5842008593815,104
2024-09-18 10:03:24.462000,407.6049540922408,99
2024-09-18 10:03:24.500000,407.524488859648,14
2024-09-18 10:03:24.677000,407.4693536261136,104
2024-09-18 10:03:24.701000,407.5350462877158,11
2024-09-18 10:03:24.764000,407.5366261042336,1000
2024-09-18 10:03:24.783000,407.4887281845062,1005
2024-09-18 10:03:24.802000,407.5321301741881,1004
2024-09-18 10:03:24.837000,407.5493941372577,1001
2024-09-18 10:03:24.925000,407.6069635705274,997
2024-09-18 10:03:24.926000,407.5339533648831,103
2024-09-18 10:03:24.931000,407.5365885699932,6
2024-09-18 10:03:24.950000,407.47060568980334,15
2024-09-18 10:03:24.974000,407.56385776112944,14
2024-09-18 10:03:24.987000,407.4675049448485,999
2024-09-18 10:03:24.996000,407.471138237951,5
2024-09-18 10:03:25.229000,407.6504706667771,11
2024-09-18 10:03:25.560000,407.6357822080919,999
2024-09-18 10:03:25.870000,407.6527283702141,102
2024-09-18 10:03:26.022000,407.6516762228561,7
2024-09-18 10:03:26.060000,407.678390871055,9
2024-09-18 10:03:26.123000,407.6692891759549,11
2024-09-18 10:03:26.303000,407.6885596250406,101
2024-09-18 10:03:26.591000,407.6688472916176,1001
2024-09-18 10:03:26.773000,407.68226508426335,11
2024-09-18 10:03:26.838000,407.6620941244706,1005
2024-09-18 10:03:26.898000,407.6964741349706,10
2024-09-18 10:03:26.966000,407.6982284311536,105
2024-09-18 10:03:27.706000,407.68418522424776,9
2024-09-18 10:03:27.745000,407.6862682143032,98
2024-09-18 10:03:27.760000,407.681229326482,95
2024-09-18 10:03:28.001000,407.7228385989554,102
2024-09-18 10:03:28.288000,407.75400639819145,97
2024-09-18 10:03:28.293000,407.7493629275285,5
2024-09-18 10:03:28.388000,407.69091956041126,1003
2024-09-18 10:03:28.413000,407.7312252707929,1003
2024-09-18 10:03:28.430000,407.7410673538078,98
2024-09-18 10:03:28.475000,407.6818156701708,999
2024-09-18 10:03:28.518000,407.7511766402278,6
2024-09-18 10:03:28.575000,407.7025335409235,1005
2024-09-18 10:03:28.598000,407.7206940708011,96
2024-09-18 10:03:28.617000,407.7301516087846,101
2024-09-18 10:03:28.700000,407.7531916881509,9
2024-09-18 10:03:28.723000,407.7144172414142,1003
2024-09-18 10:03:28.802000,407.7402324664447,99
2024-09-18 10:03:28.854000,407.7389614551994,99
2024-09-18 10:03:28.912000,407.6974382264692,9
2024-09-18 10:03:28.950000,407.7370096483848,995
2024-09-18 10:03:29.017000,407.6730584379073,95
2024-09-18 10:03:29.105000,407.71894097444624,997
2024-09-18 10:03:29.165000,407.70446210853146,10
2024-09-18 10:03:29.196000,407.7021116496492,1003
2024-09-18 10:03:29.234000,407.6843760973169,11
2024-09-18 10:03:29.235000,407.7105672874568,7
2024-09-18 10:03:29.254000,407.71390272304,998
2024-09-18 10:03:29.269000,407.7029101615313,99
2024-09-18 10:03:29.309000,407.6962329371417,96
2024-09-18 10:03:29.320000,407.6561168831149,1000
2024-09-18 10:03:29.323000,407.661143940307,12
2024-09-18 10:03:29.359000,407.6862679614241,104
2024-09-18 10:03:29.382000,407.6841513890436,101
2024-09-18 10:03:29.396000,407.69981393764505,103
2024-09-18 10:03:29.443000,407.67678577610775,1002
2024-09-18 10:03:29.492000,407.65062338930846,997
2024-09-18 10:03:29.532000,407.6927622594848,101
2024-09-18 10:03:29.681000,407.7121577605712,104
2024-09-18 10:03:29.690000,407.6953252545953,105
2024-09-18 10:03:29.714000,407.6836361217763,96
2024-09-18 10:03:29.715000,407.6893209922444,95
2024-09-18 10:03:29.730000,407.6623086560591,15
2024-09-18 10:03:29.740000,407.6795529605904,995
2024-09-18 10:03:29.747000,407.65088086981086,999
2024-09-18 10:03:29.756000,407.67170349234914,1003
2024-09-18 10:03:29.858000,407.6992626085811,103
2024-09-18 10:03:29.866000,407.68563724684793,100
2024-09-18 10:03:29.897000,407.66592923313294,15
2024-09-18 10:03:29.900000,407.6484464478889,102
2024-09-18 10:03:29.970000,407.667767356946,7
2024-09-18 10:03:30.087000,407.6810790717457,998
2024-09-18 10:03:30.098000,407.6188267699369,97
2024-09-18 10:03:30.170000,407.6297639654453,99
2024-09-18 10:03:30.192000,407.6809049215594,1001
2024-09-18 10:03:30.245000,407.6651466014708,96
2024-09-18 10:03:30.261000,407.5881504057309,1001
2024-09-18 10:03:30.314000,407.6704973563422,10
2024-09-18 10:03:30.351000,407.627402040338,1001
2024-09-18 10:03:30.356000,407.6584182823756,1001
2024-09-18 10:03:30.472000,407.6878797723798,105
2024-09-18 10:03:30.482000,407.603183891752,12
2024-09-18 10:03:30.524000,407.65073792285057,97
2024-09-18 10:03:30.591000,407.66467376084825,12
2024-09-18 10:03:30.625000,407.6595692131216,13
2024-09-18 10:03:30.701000,407.61006413384496,12
2024-09-18 10:03:30.706000,407.6884926921882,7
2024-09-18 10:03:30.752000,407.5935557926479,100
2024-09-18 10:03:30.812000,407.5994266205343,11
2024-09-18 10:03:30.824000,407.6299551732482,12
2024-09-18 10:03:30.835000,407.6790152401066,95
2024-09-18 10:03:30.857000,407.641163830623,1003
2024-09-18 10:03:31.002000,407.6176701801233,103
2024-09-18 10:03:31.196000,407.6707953784822,14
2024-09-18 10:03:31.218000,407.6622847922252,10
2024-09-18 10:03:31.219000,407.6780069668559,96
2024-09-18 10:03:31.277000,407.6228904206483,11
2024-09-18 10:03:31.391000,407.6299581003308,102
2024-09-18 10:03:31.411000,407.6144741612157,10
2024-09-18 10:03:31.506000,407.6199765413826,5
2024-09-18 10:03:31.561000,407.6625565286623,1003
2024-09-18 10:03:31.803000,407.67265447302407,998
2024-09-18 10:03:31.935000,407.6734405036868,997
2024-09-18 10:03:32.247000,407.60332495217887,15
2024-09-18 10:03:32.303000,407.6164332836466,996
2024-09-18 10:03:32.430000,407.6359839463883,14
2024-09-18 10:03:32.453000,407.5791709550248,101
2024-09-18 10:03:32.529000,407.6300628493721,103
2024-09-18 10:03:32.548000,407.6295079575583,1004
2024-09-18 10:03:32.552000,407.5992022396971,997
2024-09-18 10:03:32.557000,407.623814020153,101
2024-09-18 10:03:32.562000,407.6150431902251,1001
2024-09-18 10:03:32.611000,407.6347020723401,105
2024-09-18 10:03:32.718000,407.6246503588956,1000
2024-09-18 10:03:32.720000,407.5990037616296,12
2024-09-18 10:03:32.769000,407.6345100404931,10
2024-09-18 10:03:32.775000,407.6114005065986,999
2024-09-18 10:03:32.826000,407.6153364459356,14
2024-09-18 10:03:32.843000,407.6330564277005,1004
2024-09-18 10:03:32.905000,407.58844661833865,14
2024-09-18 10:03:32.932000,407.6398649206967,100
2024-09-18 10:03:32.957000,407.6145378874744,1005
2024-09-18 10:03:33.033000,407.5813083074192,1001
2024-09-18 10:03:33.177000,407.6018169127152,13
2024-09-18 10:03:33.235000,407.6129590473533,11
2024-09-18 10:03:33.268000,407.5758102400999,1001
2024-09-18 10:03:33.302000,407.6053806054432,7
2024-09-18 10:03:33.306000,407.5950442886312,13
2024-09-18 10:03:33.313000,407.60101302694267,997
2024-09-18 10:03:33.330000,407.5873548091971,13
2024-09-18 10:03:33.522000,407.60300388404704,13
2024-09-18 10:03:33.537000,407.5975772667208,14
2024-09-18 10:03:33.634000,407.5890236763635,997
2024-09-18 10:03:33.699000,407.5986252286303,995
2024-09-18 10:03:33.741000,407.61485746728937,14
2024-09-18 10:03:33.767000,407.5976871700562,1003
2024-09-18 10:03:33.788000,407.6026254842232,101
2024-09-18 10:03:33.809000,407.5901558108135,995
2024-09-18 10:03:33.886000,407.6096855380086,6
2024-09-18 10:03:33.952000,407.5748961399071,105
2024-09-18 10:03:34.024000,407.5888825955036,5
2024-09-18 10:03:34.212000,407.5784878752551,95
2024-09-18 10:03:34.290000,407.5694439900981,7
2024-09-18 10:03:34.302000,407.5888664999367,998
2024-09-18 10:03:34.321000,407.5892104064112,998
2024-09-18 10:03:34.380000,407.6115396510189,10
2024-09-18 10:03:34.438000,407.6085577067804,97
2024-09-18 10:03:34.446000,407.5950521023372,1005
2024-09-18 10:03:34.594000,407.5863241114998,95
2024-09-18 10:03:34.691000,407.59013761698935,103
2024-09-18 10:03:34.768000,407.6046092098973,100
2024-09-18 10:03:34.788000,407.5925395993111,96
2024-09-18 10:03:34.833000,407.5879693115832,98
2024-09-18 10:03:35.034000,407.585144926458,15
2024-09-18 10:03:35.044000,407.4893727558329,96
2024-09-18 10:03:35.082000,407.5648645188249,1000
2024-09-18 10:03:35.132000,407.5739043405522,5
2024-09-18 10:03:35.163000,407.5423615220635,1000
2024-09-18 10:03:35.223000,407.46158223058194,997
2024-09-18 10:03:35.232000,407.53149050665326,12
2024-09-18 10:03:35.244000,407.44482065710025,1001
2024-09-18 10:03:35.258000,407.4531162273509,1002
2024-09-18 10:03:35.274000,407.5837816457416,103
2024-09-18 10:03:35.322000,407.5592597397104,13
2024-09-18 10:03:35.338000,407.581361713738,5
2024-09-18 10:03:35.362000,407.5955176647445,104
2024-09-18 10:03:35.375000,407.45508520152464,12
2024-09-18 10:03:35.393000,407.4668426128216,103
2024-09-18 10:03:35.421000,407.5754732837091,1000
2024-09-18 10:03:35.430000,407.5157748364091,10
2024-09-18 10:03:35.443000,407.5627901827382,997
2024-09-18 10:03:35.489000,407.4769056982825,1001
2024-09-18 10:03:35.574000,407.5818237964664,1005
2024-09-18 10:03:35.638000,407.57665861088856,96
2024-09-18 10:03:35.645000,407.48280685073206,99
2024-09-18 10:03:35.686000,407.4951856509654,1005
2024-09-18 10:03:35.722000,407.4950116590609,99
2024-09-18 10:03:35.763000,407.5542069458884,1004
2024-09-18 10:03:35.876000,407.57891025062446,997
2024-09-18 10:03:35.939000,407.5308079907565,1002
2024-09-18 10:03:35.940000,407.59714115208646,104
2024-09-18 10:03:35.942000,407.57833109045146,102
2024-09-18 10:03:36.124000,407.4131879387984,97
2024-09-18 10:03:36.223000,407.4643457572744,1001
2024-09-18 10:03:36.312000,407.49659185335497,998
2024-09-18 10:03:36.361000,407.4367821063419,995
2024-09-18 10:03:36.499000,407.4156150042982,7
2024-09-18 10:03:36.546000,407.4298648319606,5
2024-09-18 10:03:36.631000,407.4794501084268,14
2024-09-18 10:03:36.693000,407.462215113798,98
2024-09-18 10:03:36.746000,407.4158595346548,104
2024-09-18 10:03:36.783000,407.4055994989809,999
2024-09-18 10:03:36.853000,407.43642844678016,14
2024-09-18 10:03:36.860000,407.4088989495134,997
2024-09-18 10:03:37.029000,407.4794080089416,997
2024-09-18 10:03:37.058000,407.4837777887663,998
2024-09-18 10:03:37.187000,407.5014012539365,102
2024-09-18 10:03:37.348000,407.4829400160559,9
2024-09-18 10:03:37.494000,407.4826521334277,1000
2024-09-18 10:03:37.566000,407.48741735032974,1000
2024-09-18 10:03:37.575000,407.5016517829556,6
2024-09-18 10:03:37.696000,407.4789776848074,104
2024-09-18 10:03:37.910000,407.4804321565858,999
2024-09-18 10:03:37.980000,407.4766003138565,1004
2024-09-18 10:03:37.989000,407.4785302014455,97
2024-09-18 10:03:38.343000,407.51214595251406,15
2024-09-18 10:03:38.402000,407.5394865310625,995
2024-09-18 10:03:38.614000,407.4975163693504,102
2024-09-18 10:03:38.672000,407.5302497466321,998
2024-09-18 10:03:38.803000,407.4728423692296,103
2024-09-18 10:03:38.939000,407.5109001197852,1005
2024-09-18 10:03:38.957000,407.52807296902233,996
2024-09-18 10:03:39.025000,407.37084295671895,15
2024-09-18 10:03:39.053000,407.3651316473343,105
2024-09-18 10:03:39.071000,407.44078340092847,997
2024-09-18 10:03:39.200000,407.47359480750174,13
2024-09-18 10:03:39.285000,407.4726626459898,15
2024-09-18 10:03:39.330000,407.3585148838935,100
2024-09-18 10:03:39.358000,407.36694596918016,103
2024-09-18 10:03:39.412000,407.3904677784605,1000
2024-09-18 10:03:39.597000,407.3715284082232,8
2024-09-18 10:03:39.638000,407.3945545667193,998
2024-09-18 10:03:39.653000,407.51618911128014,11
2024-09-18 10:03:39.789000,407.3282884614568,999
2024-09-18 10:03:39.796000,407.3875357699493,1001
2024-09-18 10:03:39.818000,407.4371069091967,997
2024-09-18 10:03:39.843000,407.4421920235275,995
2024-09-18 10:03:39.868000,407.4980126482852,1001
2024-09-18 10:03:39.874000,407.4086090358908,96
2024-09-18 10:03:39.875000,407.4776174905825,1003
2024-09-18 10:03:39.948000,407.378269997775,13
2024-09-18 10:03:39.967000,407.3540992902069,8
2024-09-18 10:03:39.984000,407.4812563924585,10
2024-09-18 10:03:40.047000,407.3496641758255,1001
2024-09-18 10:03:40.055000,407.354910377114,99
2024-09-18 10:03:40.134000,407.2919305220043,995
2024-09-18 10:03:40.142000,407.3567329273397,1004
2024-09-18 10:03:40.144000,407.3433416886048,1002
2024-09-18 10:03:40.239000,407.3458910777237,997
2024-09-18 10:03:40.310000,407.2901183690091,5
2024-09-18 10:03:40.356000,407.2702363815212,102
2024-09-18 10:03:40.367000,407.30898741891775,98
2024-09-18 10:03:40.378000,407.37452401013087,998
2024-09-18 10:03:40.414000,407.324735993905,995
2024-09-18 10:03:40.471000,407.36564620929295,95
2024-09-18 10:03:40.513000,407.3055511369949,99
2024-09-18 10:03:40.675000,407.3483667634456,1001
2024-09-18 10:03:40.798000,407.3315647552976,1002
2024-09-18 10:03:40.877000,407.3330987044741,99
2024-09-18 10:03:40.904000,407.3272608408995,14
2024-09-18 10:03:40.947000,407.2847152976833,103
2024-09-18 10:03:40.966000,407.3186600713611,6
2024-09-18 10:03:40.975000,407.3520202439722,101
2024-09-18 10:03:40.984000,407.2955224014151,1000
2024-09-18 10:03:41.016000,407.2792007408757,98
2024-09-18 10:03:41.026000,407.1941602338087,102
2024-09-18 10:03:41.040000,407.2691159865168,1002
2024-09-18 10:03:41.112000,407.28859628976073,999
2024-09-18 10:03:41.186000,407.2886513359943,6
2024-09-18 10:03:41.236000,407.2648472236837,11
2024-09-18 10:03:41.272000,407.2556967401053,1004
2024-09-18 10:03:41.315000,407.2513391204884,13
2024-09-18 10:03:41.361000,407.21121098780577,104
2024-09-18 10:03:41.440000,407.2584490287382,5
2024-09-18 10:03:41.452000,407.2414652430855,1003
2024-09-18 10:03:41.482000,407.2858910754724,13
2024-09-18 10:03:41.484000,407.29882879245,5
2024-09-18 10:03:41.498000,407.2385049848796,1001
2024-09-18 10:03:41.577000,407.2766113990493,12
2024-09-18 10:03:41.661000,407.2547083695145,995
2024-09-18 10:03:41.668000,407.25554597455846,103
2024-09-18 10:03:41.668000,407.29006841829977,7
2024-09-18 10:03:41.670000,407.2736158883636,1001
2024-09-18 10:03:41.735000,407.1970197273602,103
2024-09-18 10:03:41.742000,407.2747675800531,8
2024-09-18 10:03:41.780000,407.2932228940292,1001
2024-09-18 10:03:41.780000,407.2451481159949,1005
2024-09-18 10:03:41.979000,407.2487333742818,100
2024-09-18 10:03:41.985000,407.2750413578459,14
2024-09-18 10:03:42.335000,407.1933525706769,9
2024-09-18 10:03:42.447000,407.21253216599575,11
2024-09-18 10:03:42.489000,407.20616911247953,101
2024-09-18 10:03:42.676000,407.1963559515369,10
2024-09-18 10:03:42.690000,407.2102876278301,97
2024-09-18 10:03:42.737000,407.18638016831767,995
2024-09-18 10:03:42.789000,407.1840670144032,104
2024-09-18 10:03:42.856000,407.2081840487073,101
2024-09-18 10:03:43.017000,407.2483360381305,11
2024-09-18 10:03:43.051000,407.2148484060125,96
2024-09-18 10:03:43.110000,407.2280226148035,6
2024-09-18 10:03:43.114000,407.2534386363402,1000
2024-09-18 10:03:43.174000,407.2262340124349,13
2024-09-18 10:03:43.194000,407.1546483449661,1002
2024-09-18 10:03:43.373000,407.2344819495827,1001
2024-09-18 10:03:43.417000,407.19282314136416,1001
2024-09-18 10:03:43.460000,407.2445901449051,95
2024-09-18 10:03:43.482000,407.2502173950909,999
2024-09-18 10:03:43.512000,407.2336821100831,98
2024-09-18 10:03:43.534000,407.1943774533188,1003
2024-09-18 10:03:43.577000,407.1443274824133,999
2024-09-18 10:03:43.599000,407.1897069620981,102
2024-09-18 10:03:43.703000,407.21491381584633,5
2024-09-18 10:03:43.780000,407.1945041759226,14
2024-09-18 10:03:43.872000,407.209431792702,98
2024-09-18 10:03:43.958000,407.2312040896058,101
2024-09-18 10:03:44.011000,407.1279578030866,97
2024-09-18 10:03:44.126000,407.11250644399576,15
2024-09-18 10:03:44.472000,407.1221725456955,102
2024-09-18 10:03:44.661000,407.1477802383304,13
2024-09-18 10:03:44.860000,407.1071712636922,1001
2024-09-18 10:03:44.915000,407.1380836331974,1003
2024-09-18 10:03:44.923000,407.1305047243615,1003
2024-09-18 10:03:44.987000,407.1190982994162,7
2024-09-18 10:03:45.052000,407.1420303503945,1002
2024-09-18 10:03:45.129000,407.1489115533877,100
2024-09-18 10:03:45.140000,407.1326366955727,997
2024-09-18 10:03:45.164000,407.1559002139903,8
2024-09-18 10:03:45.179000,407.1581130060881,97
2024-09-18 10:03:45.246000,407.15318098757314,104
2024-09-18 10:03:45.300000,407.1332495269641,1004
2024-09-18 10:03:45.306000,407.1466590193822,105
2024-09-18 10:03:45.498000,407.13449250595744,999
2024-09-18 10:03:45.533000,407.140638847851,13
2024-09-18 10:03:45.548000,407.1734029160393,105
2024-09-18 10:03:45.556000,407.1427409610285,1002
2024-09-18 10:03:45.664000,407.1349371381506,99
2024-09-18 10:03:45.755000,407.1394015636417,6
2024-09-18 10:03:45.929000,407.1720028486216,9
2024-09-18 10:03:45.946000,407.172994586606,98
2024-09-18 10:03:46.005000,407.07926945777166,102
2024-09-18 10:03:46.011000,407.0800436936473,995
2024-09-18 10:03:46.025000,407.0637757694523,100
2024-09-18 10:03:46.040000,407.0939744081274,99
2024-09-18 10:03:46.065000,407.0921757698408,12
2024-09-18 10:03:46.071000,407.0623730576535,1004
2024-09-18 10:03:46.073000,407.08390445586406,103
2024-09-18 10:03:46.136000,407.0875022323222,996
2024-09-18 10:03:46.173000,407.0770822126544,1001
2024-09-18 10:03:46.207000,407.0663193580313,1001
2024-09-18 10:03:46.249000,407.08803870258384,6
2024-09-18 10:03:46.365000,407.0840060975082,98
2024-09-18 10:03:46.439000,407.0821000332663,10
2024-09-18 10:03:46.448000,407.1041187704503,6
2024-09-18 10:03:46.479000,407.0944688564287,102
2024-09-18 10:03:46.488000,407.0852392072781,6
2024-09-18 10:03:46.534000,407.05157068443725,1003
2024-09-18 10:03:46.591000,407.1123869280917,104
2024-09-18 10:03:46.650000,407.1102128865785,998
2024-09-18 10:03:46.667000,407.0670951621897,15
2024-09-18 10:03:46.670000,407.0958386679839,995
2024-09-18 10:03:46.697000,407.10903704509593,8
2024-09-18 10:03:46.698000,407.08661984475566,101
2024-09-18 10:03:46.928000,407.1117806397602,8
2024-09-18 10:03:46.947000,407.1280520101072,995
2024-09-18 10:03:47,407.1185504321699,997
2024-09-18 10:03:47.002000,407.11037604374894,997
2024-09-18 10:03:47.009000,407.0994304106573,102
2024-09-18 10:03:47.091000,407.0971721854452,999
2024-09-18 10:03:47.152000,407.134035057051,15
2024-09-18 10:03:47.172000,407.135130530823,104
2024-09-18 10:03:47.181000,407.0933811315027,96
2024-09-18 10:03:47.222000,407.1076314738724,1001
2024-09-18 10:03:47.300000,407.1078819217972,14
2024-09-18 10:03:47.349000,407.0976760006382,104
2024-09-18 10:03:47.351000,407.10394114789335,9
2024-09-18 10:03:47.357000,407.12771863498426,999
2024-09-18 10:03:47.408000,407.128539757052,102
2024-09-18 10:03:47.441000,407.13300280109246,12
2024-09-18 10:03:47.506000,407.1195020119562,9
2024-09-18 10:03:47.528000,407.1074879631553,1002
2024-09-18 10:03:47.589000,407.0968578470149,12
2024-09-18 10:03:47.631000,407.12629839857664,14
2024-09-18 10:03:47.773000,407.13925453433313,13
2024-09-18 10:03:47.833000,407.1280897392138,999
2024-09-18 10:03:47.873000,407.0992810089764,99
2024-09-18 10:03:47.879000,407.1088586441349,100
2024-09-18 10:03:47.963000,407.1249083472563,9
2024-09-18 10:03:47.977000,407.1194614517749,101
2024-09-18 10:03:48.115000,407.1439509545754,996
2024-09-18 10:03:48.147000,407.1068768401525,13
2024-09-18 10:03:48.157000,407.11058744999497,1000
2024-09-18 10:03:48.157000,407.1542846207864,13
2024-09-18 10:03:48.161000,407.0812252482647,12
2024-09-18 10:03:48.205000,407.119113696725,99
2024-09-18 10:03:48.211000,407.1261420904488,98
2024-09-18 10:03:48.216000,407.1391568563199,11
2024-09-18 10:03:48.229000,407.1439362872088,11
2024-09-18 10:03:48.263000,407.1203198786617,97
2024-09-18 10:03:48.277000,407.11479379588303,95
2024-09-18 10:03:48.282000,407.1376862423775,104
2024-09-18 10:03:48.292000,407.1056998530293,12
2024-09-18 10:03:48.342000,407.13355466452094,1004
2024-09-18 10:03:48.357000,407.10895946973136,997
2024-09-18 10:03:48.375000,407.1585697615411,1005
2024-09-18 10:03:48.389000,407.12613745854446,15
2024-09-18 10:03:48.400000,407.1664468032028,8
2024-09-18 10:03:48.521000,407.1111908534632,105
2024-09-18 10:03:48.619000,407.1171750109721,6
2024-09-18 10:03:48.675000,407.0917936027493,98
2024-09-18 10:03:48.682000,407.13578103164,997
2024-09-18 10:03:48.703000,407.1223365311141,6
2024-09-18 10:03:48.733000,407.1707328511678,9
2024-09-18 10:03:48.819000,407.1246664197109,7
2024-09-18 10:03:48.841000,407.1436820003916,5
2024-09-18 10:03:48.843000,407.1409512094958,9
2024-09-18 10:03:48.884000,407.1641580699844,9
2024-09-18 10:03:48.979000,407.0913501050347,1003
2024-09-18 10:03:48.999000,407.1141736968775,1005
2024-09-18 10:03:50.015000,407.1859269118619,97
2024-09-18 10:03:50.015000,407.1791610957583,996
2024-09-18 10:03:50.058000,407.1318476082629,98
2024-09-18 10:03:50.195000,407.131505450856,14
2024-09-18 10:03:50.196000,407.1742813013375,5
2024-09-18 10:03:50.201000,407.1633601440744,8
2024-09-18 10:03:50.234000,407.1820959855445,1000
2024-09-18 10:03:50.293000,407.1904524800764,1005
2024-09-18 10:03:50.294000,407.186194687545,100
2024-09-18 10:03:50.354000,407.1564072136724,10
2024-09-18 10:03:50.390000,407.142830653101,104
2024-09-18 10:03:50.400000,407.1792827363159,8
2024-09-18 10:03:50.413000,407.1513729122549,995
2024-09-18 10:03:50.426000,407.1366662767267,998
2024-09-18 10:03:50.435000,407.1780905112348,6
2024-09-18 10:03:50.569000,407.1443811499751,10
2024-09-18 10:03:50.612000,407.1744268448107,105
2024-09-18 10:03:50.624000,407.13019593633777,1000
2024-09-18 10:03:50.668000,407.1317876743388,100
2024-09-18 10:03:50.683000,407.1499498480366,95
2024-09-18 10:03:50.739000,407.1576530113228,998
2024-09-18 10:03:50.744000,407.1394341406622,10
2024-09-18 10:03:50.781000,407.1893945886103,95
2024-09-18 10:03:50.794000,407.1837916792212,7
2024-09-18 10:03:50.799000,407.1503517186634,996
2024-09-18 10:03:50.892000,407.14554948742654,99
2024-09-18 10:03:50.938000,407.1895320187303,11
2024-09-18 10:03:50.974000,407.186583430948,995
2024-09-18 10:03:50.994000,407.1825767544194,5
2024-09-18 10:03:51.013000,407.0918992727807,10
2024-09-18 10:03:51.020000,407.1157721985824,14
2024-09-18 10:03:51.050000,407.0560625864563,1000
2024-09-18 10:03:51.074000,407.0985082794909,8
2024-09-18 10:03:51.105000,407.1355605734795,1005
2024-09-18 10:03:51.176000,407.0786612446908,100
2024-09-18 10:03:51.200000,407.1312506130661,7
2024-09-18 10:03:51.327000,407.13344174272726,998
2024-09-18 10:03:51.389000,407.0726986191537,8
2024-09-18 10:03:51.559000,407.0536775774399,104
2024-09-18 10:03:51.675000,407.071246995052,5
2024-09-18 10:03:51.704000,407.0965187690746,5
2024-09-18 10:03:51.713000,407.1547202958131,998
2024-09-18 10:03:51.749000,407.13313239294666,95
2024-09-18 10:03:51.771000,407.0814532229431,98
2024-09-18 10:03:51.797000,407.137494779895,11
2024-09-18 10:03:51.841000,407.0389251405068,100
2024-09-18 10:03:51.883000,407.08035094183833,999
2024-09-18 10:03:51.931000,407.1029802646233,5
2024-09-18 10:03:51.967000,407.1339897561115,9
2024-09-18 10:03:51.971000,407.1057703361634,1002
2024-09-18 10:03:52.113000,407.0559058637517,97
2024-09-18 10:03:52.478000,407.0314464993386,100
2024-09-18 10:03:52.743000,407.0377077596337,14
2024-09-18 10:03:52.756000,407.0479995932205,1003
2024-09-18 10:03:52.760000,407.0684157600833,102
2024-09-18 10:03:53.094000,407.03799928594606,995
2024-09-18 10:03:53.273000,407.0409698761939,11
2024-09-18 10:03:53.729000,407.0398451986912,1005
2024-09-18 10:03:53.829000,407.0361485328583,1001
2024-09-18 10:03:53.869000,407.02664689361103,1000
2024-09-18 10:03:54.134000,407.05104126517085,1002
2024-09-18 10:03:54.261000,407.0672055687589,99
2024-09-18 10:03:54.362000,407.0456881109049,6
2024-09-18 10:03:54.687000,407.0339804674059,99
2024-09-18 10:03:54.703000,407.05192049338336,995
2024-09-18 10:03:54.806000,407.0566511661668,101
2024-09-18 10:03:54.856000,407.0760980934253,99
2024-09-18 10:03:54.963000,407.07388648297336,996
2024-09-18 10:03:55.125000,407.110638772434,101
2024-09-18 10:03:55.140000,407.1134354111824,97
2024-09-18 10:03:55.171000,407.0800330946721,1000
2024-09-18 10:03:55.200000,407.09505085712,104
2024-09-18 10:03:55.334000,407.0938176675215,96
2024-09-18 10:03:55.475000,407.066886092726,998
2024-09-18 10:03:55.563000,407.0708773637572,996
2024-09-18 10:03:55.822000,407.0756721782108,101
2024-09-18 10:03:55.866000,407.0518682041935,10
2024-09-18 10:03:56.267000,407.1094463422987,97
2024-09-18 10:03:56.337000,407.1082154486932,10
2024-09-18 10:03:56.778000,407.1032230447736,103
2024-09-18 10:03:57.021000,407.142291450784,8
2024-09-18 10:03:57.248000,407.1514071795232,11
2024-09-18 10:03:57.317000,407.12146608793904,14
2024-09-18 10:03:57.350000,407.11980151553263,995
2024-09-18 10:03:57.425000,407.1557648185219,1002
2024-09-18 10:03:57.556000,407.1232652803373,9
2024-09-18 10:03:57.593000,407.13680357826087,104
2024-09-18 10:03:57.705000,407.12706304285257,97
2024-09-18 10:03:57.745000,407.111920046544,1001
2024-09-18 10:03:57.818000,407.1069642220365,10
2024-09-18 10:03:57.821000,407.1332058228497,1001
2024-09-18 10:03:57.844000,407.1203947824496,96
2024-09-18 10:03:57.919000,407.1389996640525,999
2024-09-18 10:03:57.935000,407.1177348881165,14
2024-09-18 10:03:57.994000,407.148566252441,995
2024-09-18 10:03:58.179000,407.09920926566826,998
2024-09-18 10:03:58.290000,407.10132583505606,97
2024-09-18 10:03:58.330000,407.11786661274033,998
2024-09-18 10:03:58.448000,407.12645009625817,95
2024-09-18 10:03:58.470000,407.1080361433803,98
2024-09-18 10:03:58.488000,407.11156130502656,1005
2024-09-18 10:03:58.626000,407.1102146916277,995
2024-09-18 10:03:58.637000,407.10960306913023,95
2024-09-18 10:03:58.733000,407.10354615422233,1003
2024-09-18 10:03:58.866000,407.1079463868341,1000
2024-09-18 10:03:59.085000,407.16715846341975,100
2024-09-18 10:03:59.176000,407.1394540670818,100
2024-09-18 10:03:59.315000,407.1420440267727,5
2024-09-18 10:03:59.428000,407.15116203966863,998
2024-09-18 10:03:59.495000,407.1498052969805,97
2024-09-18 10:03:59.500000,407.1824234302945,1005
2024-09-18 10:03:59.580000,407.1648172184282,14
2024-09-18 10:03:59.705000,407.1725769493792,104
