Timestamp,Price,Size
2024-09-18 14:23:00.005000,413.83678033578303,11
2024-09-18 14:23:00.015000,413.8514313882801,95
2024-09-18 14:23:00.058000,413.8233122646021,1005
2024-09-18 14:23:00.087000,413.847346791754,1002
2024-09-18 14:23:00.099000,413.8663747104343,10
2024-09-18 14:23:00.125000,413.8169750777364,12
2024-09-18 14:23:00.164000,413.83038574650726,1005
2024-09-18 14:23:00.226000,413.8544387667909,6
2024-09-18 14:23:00.248000,413.8573177492307,997
2024-09-18 14:23:00.273000,413.84735475143606,101
2024-09-18 14:23:00.301000,413.8475880033555,10
2024-09-18 14:23:00.366000,413.8144239268394,100
2024-09-18 14:23:00.388000,413.8378740231505,1004
2024-09-18 14:23:00.436000,413.8339291310935,14
2024-09-18 14:23:00.473000,413.8556986139108,996
2024-09-18 14:23:00.532000,413.8301246897042,1003
2024-09-18 14:23:00.618000,413.8568601094025,997
2024-09-18 14:23:00.632000,413.8385718418961,101
2024-09-18 14:23:00.684000,413.8443361658255,8
2024-09-18 14:23:00.694000,413.8301655408872,99
2024-09-18 14:23:00.697000,413.82665952387447,95
2024-09-18 14:23:00.780000,413.8202447715416,11
2024-09-18 14:23:00.802000,413.8249474111759,999
2024-09-18 14:23:00.893000,413.84655635979976,12
2024-09-18 14:23:00.898000,413.81350185910856,995
2024-09-18 14:23:00.930000,413.8566112617957,99
2024-09-18 14:23:00.988000,413.8540010122993,7
2024-09-18 14:23:00.999000,413.8283451813946,98
2024-09-18 14:23:01.131000,413.8478573700135,99
2024-09-18 14:23:01.279000,413.8276836441372,100
2024-09-18 14:23:01.378000,413.8350169334912,1005
2024-09-18 14:23:01.747000,413.8343614793648,7
2024-09-18 14:23:02.199000,413.8194121582628,999
2024-09-18 14:23:02.299000,413.7652320934784,104
2024-09-18 14:23:02.386000,413.78873415712616,102
2024-09-18 14:23:02.406000,413.8284775437883,100
2024-09-18 14:23:02.441000,413.79342318834864,12
2024-09-18 14:23:02.469000,413.8270942124751,5
2024-09-18 14:23:02.545000,413.83180657553714,10
2024-09-18 14:23:02.546000,413.77250364250506,96
2024-09-18 14:23:02.599000,413.799582375492,99
2024-09-18 14:23:02.648000,413.8394231145776,1005
2024-09-18 14:23:03.064000,413.8426325045616,1000
2024-09-18 14:23:03.163000,413.8005690543691,1005
2024-09-18 14:23:03.227000,413.82265408049466,103
2024-09-18 14:23:03.419000,413.8218454619705,13
2024-09-18 14:23:03.423000,413.845387866901,1000
2024-09-18 14:23:03.508000,413.806862082585,105
2024-09-18 14:23:03.524000,413.8029165723596,95
2024-09-18 14:23:03.655000,413.8440588827093,100
2024-09-18 14:23:03.701000,413.77225436399607,15
2024-09-18 14:23:03.738000,413.8133958925803,6
2024-09-18 14:23:03.794000,413.820429561409,996
2024-09-18 14:23:03.887000,413.808425969953,997
2024-09-18 14:23:03.934000,413.8047835049945,996
2024-09-18 14:23:03.951000,413.8164503829348,1004
2024-09-18 14:23:03.967000,413.8068014942875,95
2024-09-18 14:23:04.007000,413.8599244316845,104
2024-09-18 14:23:04.068000,413.8050785665265,8
2024-09-18 14:23:04.081000,413.7936287918658,12
2024-09-18 14:23:04.083000,413.8084311568186,8
2024-09-18 14:23:04.128000,413.8106105911464,98
2024-09-18 14:23:04.144000,413.828456799247,9
2024-09-18 14:23:04.294000,413.8413546277749,1003
2024-09-18 14:23:04.295000,413.8537829382773,103
2024-09-18 14:23:04.367000,413.82873217772425,1002
2024-09-18 14:23:04.371000,413.7924988953978,10
2024-09-18 14:23:04.377000,413.8294433666328,15
2024-09-18 14:23:04.398000,413.81560591100094,995
2024-09-18 14:23:04.440000,413.7983719651711,1003
2024-09-18 14:23:04.503000,413.8141253110725,7
2024-09-18 14:23:04.707000,413.8372979699594,103
2024-09-18 14:23:04.755000,413.8424772491509,999
2024-09-18 14:23:04.801000,413.8254321737211,7
2024-09-18 14:23:04.886000,413.8009424950571,14
2024-09-18 14:23:04.978000,413.81969147594566,105
2024-09-18 14:23:05.342000,413.8153307818563,11
2024-09-18 14:23:06.027000,413.8141952027188,101
2024-09-18 14:23:06.057000,413.8373983984232,99
2024-09-18 14:23:06.066000,413.7959990029931,13
2024-09-18 14:23:06.263000,413.813955221185,1004
2024-09-18 14:23:06.452000,413.7870863395936,997
2024-09-18 14:23:06.471000,413.7975139496008,1002
2024-09-18 14:23:06.475000,413.82017862359646,1002
2024-09-18 14:23:06.596000,413.8331054394018,998
2024-09-18 14:23:06.615000,413.8163414044191,105
2024-09-18 14:23:06.655000,413.81055406931125,997
2024-09-18 14:23:06.712000,413.8275489718983,1002
2024-09-18 14:23:06.784000,413.7980036672644,10
2024-09-18 14:23:06.845000,413.8155793911846,9
2024-09-18 14:23:06.854000,413.79745759203945,97
2024-09-18 14:23:06.858000,413.815266918728,1000
2024-09-18 14:23:06.979000,413.8140369974969,15
2024-09-18 14:23:08.128000,413.83877142744416,6
2024-09-18 14:23:08.155000,413.83945882372,1002
2024-09-18 14:23:08.253000,413.83439543783305,6
2024-09-18 14:23:08.462000,413.8404829299147,996
2024-09-18 14:23:08.501000,413.8552476311266,6
2024-09-18 14:23:08.586000,413.8396610889267,996
2024-09-18 14:23:08.629000,413.8398392430394,14
2024-09-18 14:23:08.784000,413.83726071692416,95
2024-09-18 14:23:08.794000,413.8536624866314,1000
2024-09-18 14:23:08.861000,413.8368901310111,15
2024-09-18 14:23:08.867000,413.8346055592434,15
2024-09-18 14:23:08.890000,413.8462604715848,104
2024-09-18 14:23:08.958000,413.8653067161153,8
2024-09-18 14:23:08.981000,413.827571449366,1000
2024-09-18 14:23:08.984000,413.8419118593624,99
2024-09-18 14:23:09.068000,413.8359803422488,103
2024-09-18 14:23:09.100000,413.81440709158665,1003
2024-09-18 14:23:09.104000,413.8118604275357,7
2024-09-18 14:23:09.183000,413.8298465925464,12
2024-09-18 14:23:09.308000,413.8306772245663,97
2024-09-18 14:23:09.324000,413.8423326175769,99
2024-09-18 14:23:09.401000,413.82645376054046,6
2024-09-18 14:23:09.599000,413.83753286428697,99
2024-09-18 14:23:09.687000,413.8248925051705,9
2024-09-18 14:23:09.812000,413.8341834289714,98
2024-09-18 14:23:09.835000,413.8328400059183,995
2024-09-18 14:23:09.857000,413.8082306566336,1005
2024-09-18 14:23:09.872000,413.8204401974114,15
2024-09-18 14:23:09.909000,413.821506833848,96
2024-09-18 14:23:09.916000,413.86533102210433,100
2024-09-18 14:23:09.920000,413.8093036705636,13
2024-09-18 14:23:10.072000,413.7859993322488,1000
2024-09-18 14:23:10.081000,413.7588891770855,1005
2024-09-18 14:23:10.093000,413.7454675007467,104
2024-09-18 14:23:10.095000,413.76680337796233,998
2024-09-18 14:23:10.136000,413.7624292407939,10
2024-09-18 14:23:10.157000,413.82418690524935,14
2024-09-18 14:23:10.158000,413.7730847113231,13
2024-09-18 14:23:10.237000,413.7625652443766,7
2024-09-18 14:23:10.253000,413.7684960994711,12
2024-09-18 14:23:10.344000,413.7910712640533,14
2024-09-18 14:23:10.360000,413.77740325766223,1004
2024-09-18 14:23:10.470000,413.77837205205446,96
2024-09-18 14:23:10.580000,413.77995875222337,100
2024-09-18 14:23:10.622000,413.76111159330327,1005
2024-09-18 14:23:10.676000,413.7669162350717,1004
2024-09-18 14:23:10.676000,413.77804760267225,98
2024-09-18 14:23:10.697000,413.7988598994084,5
2024-09-18 14:23:10.775000,413.7836519003585,998
2024-09-18 14:23:10.807000,413.7896843928081,997
2024-09-18 14:23:10.846000,413.7948584868933,15
2024-09-18 14:23:10.894000,413.78874760262215,12
2024-09-18 14:23:10.894000,413.7711773703645,1000
2024-09-18 14:23:10.901000,413.7612427293042,1005
2024-09-18 14:23:10.943000,413.8038124089788,997
2024-09-18 14:23:11.022000,413.81841282077136,98
2024-09-18 14:23:11.110000,413.8934635380187,9
2024-09-18 14:23:11.152000,413.8414604806837,10
2024-09-18 14:23:11.205000,413.88878950661154,999
2024-09-18 14:23:11.236000,413.8403598032476,6
2024-09-18 14:23:11.249000,413.8485094039239,11
2024-09-18 14:23:11.286000,413.8012152782573,97
2024-09-18 14:23:11.301000,413.8978953679064,101
2024-09-18 14:23:11.325000,413.86469175222805,996
2024-09-18 14:23:11.357000,413.8270333368863,1001
2024-09-18 14:23:11.417000,413.8519050006127,1005
2024-09-18 14:23:11.482000,413.8325845028524,6
2024-09-18 14:23:11.485000,413.8582965381114,97
2024-09-18 14:23:11.492000,413.8979946151624,102
2024-09-18 14:23:11.508000,413.89184256900376,99
2024-09-18 14:23:11.540000,413.900955481401,103
2024-09-18 14:23:11.577000,413.89829627715847,95
2024-09-18 14:23:11.580000,413.8665741024305,104
2024-09-18 14:23:11.603000,413.858571045182,105
2024-09-18 14:23:11.662000,413.8152514906276,102
2024-09-18 14:23:11.704000,413.88815903238105,1000
2024-09-18 14:23:11.757000,413.8528472322197,100
2024-09-18 14:23:11.770000,413.8472910662301,997
2024-09-18 14:23:11.809000,413.8960390553502,6
2024-09-18 14:23:11.838000,413.86895882197297,102
2024-09-18 14:23:11.843000,413.85696692024624,96
2024-09-18 14:23:11.855000,413.8631700149351,95
2024-09-18 14:23:11.945000,413.8577383622826,95
2024-09-18 14:23:11.974000,413.8194477150708,101
2024-09-18 14:23:12.019000,413.9227074844284,105
2024-09-18 14:23:12.116000,413.9222568434989,10
2024-09-18 14:23:12.137000,413.9459875705558,104
2024-09-18 14:23:12.197000,413.92600864085614,7
2024-09-18 14:23:12.233000,413.92051121496814,13
2024-09-18 14:23:12.261000,413.90682983344726,102
2024-09-18 14:23:12.264000,413.9327833871307,11
2024-09-18 14:23:12.299000,413.9239639322602,1002
2024-09-18 14:23:12.333000,413.9417117399738,95
2024-09-18 14:23:12.350000,413.92633672634935,97
2024-09-18 14:23:12.359000,413.9308187816632,100
2024-09-18 14:23:12.368000,413.9464498006509,6
2024-09-18 14:23:12.403000,413.9294267994144,1002
2024-09-18 14:23:12.482000,413.8996524556583,7
2024-09-18 14:23:12.721000,413.9420326826128,998
2024-09-18 14:23:12.721000,413.90335316163504,9
2024-09-18 14:23:12.779000,413.9265482533849,5
2024-09-18 14:23:13.022000,413.91541090673866,1000
2024-09-18 14:23:13.038000,413.93124117122034,6
2024-09-18 14:23:13.047000,413.9317380866417,105
2024-09-18 14:23:13.047000,413.9241655310596,5
2024-09-18 14:23:13.130000,413.91496448157983,999
2024-09-18 14:23:13.131000,413.9243871515936,1005
2024-09-18 14:23:13.178000,413.89599356568334,7
2024-09-18 14:23:13.206000,413.9222087587701,11
2024-09-18 14:23:13.227000,413.89656319793545,995
2024-09-18 14:23:13.304000,413.9176529122503,104
2024-09-18 14:23:13.416000,413.904448636796,7
2024-09-18 14:23:13.429000,413.8958677393232,104
2024-09-18 14:23:13.610000,413.928075272452,99
2024-09-18 14:23:13.660000,413.9125759072773,97
2024-09-18 14:23:13.879000,413.9287934971424,96
2024-09-18 14:23:13.893000,413.9371555835105,998
2024-09-18 14:23:13.905000,413.925255078504,14
2024-09-18 14:23:13.958000,413.9201405355322,996
2024-09-18 14:23:14.051000,413.9363537417585,97
2024-09-18 14:23:14.067000,413.9334381850469,7
2024-09-18 14:23:14.120000,413.91024849154894,15
2024-09-18 14:23:14.141000,413.9294513878733,101
2024-09-18 14:23:14.151000,413.9085957037122,95
2024-09-18 14:23:14.164000,413.9753586594303,104
2024-09-18 14:23:14.190000,413.9192950026732,1003
2024-09-18 14:23:14.210000,413.9216483294614,1005
2024-09-18 14:23:14.223000,413.9091959321783,95
2024-09-18 14:23:14.269000,413.9215232009264,14
2024-09-18 14:23:14.304000,413.9060389209687,103
2024-09-18 14:23:14.308000,413.927604160671,999
2024-09-18 14:23:14.323000,413.9418791819478,105
2024-09-18 14:23:14.401000,413.9206903750824,1001
2024-09-18 14:23:14.437000,413.896562049549,97
2024-09-18 14:23:14.447000,413.8936521434846,995
2024-09-18 14:23:14.521000,413.97494000391686,6
2024-09-18 14:23:14.723000,413.90199319387546,998
2024-09-18 14:23:14.753000,413.9184942663999,104
2024-09-18 14:23:14.760000,413.8989560644341,11
2024-09-18 14:23:14.796000,413.880737346618,14
2024-09-18 14:23:14.909000,413.975767250973,10
2024-09-18 14:23:14.920000,413.9896666252644,1001
2024-09-18 14:23:14.933000,413.9378264098934,100
2024-09-18 14:23:15.283000,413.9996242411692,998
2024-09-18 14:23:15.373000,414.0205114091345,1002
2024-09-18 14:23:15.517000,414.0025698286517,101
2024-09-18 14:23:15.542000,414.01611232317407,97
2024-09-18 14:23:16.012000,413.9615164377358,14
2024-09-18 14:23:16.026000,413.9668683482002,5
2024-09-18 14:23:16.048000,413.9545278818624,98
2024-09-18 14:23:16.059000,414.0182856220405,97
2024-09-18 14:23:16.116000,414.0218848623299,996
2024-09-18 14:23:16.165000,413.93850522711614,8
2024-09-18 14:23:16.168000,413.977751190516,1000
2024-09-18 14:23:16.217000,413.985217219522,997
2024-09-18 14:23:16.302000,413.9655939095279,97
2024-09-18 14:23:16.367000,414.0095819123564,101
2024-09-18 14:23:16.378000,413.98751762584783,5
2024-09-18 14:23:16.402000,414.0087610446978,104
2024-09-18 14:23:16.424000,413.986880137942,97
2024-09-18 14:23:16.454000,413.9751276537093,995
2024-09-18 14:23:16.520000,413.9738148584199,13
2024-09-18 14:23:16.562000,414.0407517761385,998
2024-09-18 14:23:16.587000,413.98012692379945,14
2024-09-18 14:23:16.608000,413.9844654678597,1004
2024-09-18 14:23:16.608000,413.9738700297388,100
2024-09-18 14:23:16.613000,413.977473180859,15
2024-09-18 14:23:16.668000,413.99390058049966,10
2024-09-18 14:23:16.730000,413.975957180468,9
2024-09-18 14:23:16.739000,413.99413367318056,1004
2024-09-18 14:23:16.784000,413.93118351043495,999
2024-09-18 14:23:16.850000,413.935269348285,96
2024-09-18 14:23:16.946000,413.9692560987939,995
2024-09-18 14:23:16.961000,413.98134060865664,995
2024-09-18 14:23:17.021000,413.9836655014762,96
2024-09-18 14:23:17.109000,413.9600984460495,105
2024-09-18 14:23:17.120000,414.0095901363121,104
2024-09-18 14:23:17.141000,413.9839833906414,998
2024-09-18 14:23:17.161000,413.9700918900976,997
2024-09-18 14:23:17.391000,413.9936833825652,97
2024-09-18 14:23:17.527000,413.9977145342601,101
2024-09-18 14:23:17.560000,413.9801838219825,997
2024-09-18 14:23:17.591000,414.0210901706863,99
2024-09-18 14:23:17.739000,414.01394843042567,7
2024-09-18 14:23:17.752000,413.9729969256725,97
2024-09-18 14:23:17.790000,413.9740975059407,13
2024-09-18 14:23:18.069000,414.0645562367004,8
2024-09-18 14:23:18.167000,413.9917173939715,1004
2024-09-18 14:23:18.227000,414.09257103751617,1001
2024-09-18 14:23:18.229000,414.0932165251072,9
2024-09-18 14:23:18.253000,414.10222378310857,98
2024-09-18 14:23:18.253000,414.01461515531713,101
2024-09-18 14:23:18.339000,414.1073958777151,98
2024-09-18 14:23:18.377000,414.03126870125294,103
2024-09-18 14:23:18.380000,414.0827588419484,997
2024-09-18 14:23:18.476000,414.0958624679769,13
2024-09-18 14:23:18.501000,414.1227896469608,10
2024-09-18 14:23:18.519000,414.12834257431984,8
2024-09-18 14:23:18.580000,414.0664544829563,100
2024-09-18 14:23:18.673000,414.11673758873656,96
2024-09-18 14:23:18.689000,414.0660495794331,101
2024-09-18 14:23:18.706000,414.0795607085191,12
2024-09-18 14:23:18.750000,414.0950251244103,13
2024-09-18 14:23:18.760000,414.064033920647,995
2024-09-18 14:23:18.777000,414.1116479482992,1000
2024-09-18 14:23:18.789000,414.080488356377,101
2024-09-18 14:23:18.891000,414.1100460942771,1002
2024-09-18 14:23:18.950000,414.0974447698817,102
2024-09-18 14:23:18.959000,414.0021382535707,1000
2024-09-18 14:23:19.067000,414.0382736370443,98
2024-09-18 14:23:19.077000,414.1106000633413,104
2024-09-18 14:23:19.101000,414.0790668821055,997
2024-09-18 14:23:19.219000,414.1284678224137,1005
2024-09-18 14:23:19.270000,414.069386000084,104
2024-09-18 14:23:19.281000,414.0707608701592,8
2024-09-18 14:23:19.305000,414.09801066038966,997
2024-09-18 14:23:19.358000,414.1000235059438,8
2024-09-18 14:23:19.444000,414.1182242952824,96
2024-09-18 14:23:19.473000,414.054674070128,998
2024-09-18 14:23:19.483000,414.0418396175961,996
2024-09-18 14:23:19.521000,414.09856989812624,99
2024-09-18 14:23:19.574000,414.0666834614711,1001
2024-09-18 14:23:19.576000,414.097643262028,996
2024-09-18 14:23:19.686000,414.0933407111695,99
2024-09-18 14:23:19.715000,414.0873780056838,104
2024-09-18 14:23:19.715000,414.0969160322147,101
2024-09-18 14:23:19.792000,414.0566138858205,998
2024-09-18 14:23:19.887000,414.0674013498762,1001
2024-09-18 14:23:19.893000,414.0963698619199,13
2024-09-18 14:23:19.954000,414.06729065470415,5
2024-09-18 14:23:19.977000,414.0524568413568,10
2024-09-18 14:23:20.047000,414.0062359561331,998
2024-09-18 14:23:20.091000,413.9846404179843,1004
2024-09-18 14:23:20.108000,413.9990157014639,101
2024-09-18 14:23:20.138000,413.9780977713816,11
2024-09-18 14:23:20.180000,414.0835901730792,102
2024-09-18 14:23:20.219000,414.0293779671421,15
2024-09-18 14:23:20.334000,413.9637641646444,998
2024-09-18 14:23:20.364000,414.03695520913936,997
2024-09-18 14:23:20.371000,414.1194682074011,10
2024-09-18 14:23:20.377000,413.9799451833157,102
2024-09-18 14:23:20.378000,414.0420730295589,102
2024-09-18 14:23:20.387000,414.0240301061195,1005
2024-09-18 14:23:20.487000,414.0953327902516,101
2024-09-18 14:23:20.493000,414.0044653796824,11
2024-09-18 14:23:20.553000,414.0531159340768,13
2024-09-18 14:23:20.582000,413.9841648163606,1001
2024-09-18 14:23:20.635000,414.0221988011788,97
2024-09-18 14:23:20.653000,414.01923209901855,998
2024-09-18 14:23:20.729000,414.010229917123,101
2024-09-18 14:23:20.744000,413.9995745323745,998
2024-09-18 14:23:20.754000,414.0717487337723,12
2024-09-18 14:23:20.812000,414.0428756046202,1001
2024-09-18 14:23:20.859000,414.0141555613731,997
2024-09-18 14:23:20.875000,413.9680911816736,1003
2024-09-18 14:23:20.879000,414.0955870856584,999
2024-09-18 14:23:20.886000,414.01331354181735,104
2024-09-18 14:23:20.892000,414.0531476578979,10
2024-09-18 14:23:20.947000,414.0355487686633,103
2024-09-18 14:23:21.005000,414.0683369540527,12
2024-09-18 14:23:21.015000,414.0622397305326,105
2024-09-18 14:23:21.029000,414.1268256090767,997
2024-09-18 14:23:21.051000,414.1062221617983,10
2024-09-18 14:23:21.217000,414.0677686963995,1001
2024-09-18 14:23:21.231000,414.09620835561793,103
2024-09-18 14:23:21.250000,414.0681263621253,5
2024-09-18 14:23:21.289000,414.0873268691691,995
2024-09-18 14:23:21.292000,414.1155881856657,100
2024-09-18 14:23:21.297000,414.1232298515581,98
2024-09-18 14:23:21.341000,414.1106131589325,102
2024-09-18 14:23:21.362000,414.09393738901946,1004
2024-09-18 14:23:21.367000,414.0868602245045,997
2024-09-18 14:23:21.373000,414.0749649669299,997
2024-09-18 14:23:21.381000,414.09022110692246,102
2024-09-18 14:23:21.399000,414.08680994898543,998
2024-09-18 14:23:21.442000,414.0938307497774,96
2024-09-18 14:23:21.486000,414.1004348850198,98
2024-09-18 14:23:21.507000,414.0712338593947,997
2024-09-18 14:23:21.524000,414.12965848532,997
2024-09-18 14:23:21.539000,414.12336662819234,15
2024-09-18 14:23:21.544000,414.1262709366503,7
2024-09-18 14:23:21.547000,414.134337172358,13
2024-09-18 14:23:21.593000,414.0829342367339,10
2024-09-18 14:23:21.735000,414.075315908182,104
2024-09-18 14:23:21.842000,414.1128078327084,1001
2024-09-18 14:23:21.872000,414.1431414732772,12
2024-09-18 14:23:21.897000,414.0842560124617,96
2024-09-18 14:23:21.945000,414.0695070987804,11
2024-09-18 14:23:22.414000,414.0653159160193,98
2024-09-18 14:23:22.421000,414.069206457566,96
2024-09-18 14:23:22.468000,414.0670397539123,10
2024-09-18 14:23:22.758000,414.0820148282149,5
2024-09-18 14:23:22.769000,414.0455203619477,98
2024-09-18 14:23:23.155000,414.0455578553458,12
2024-09-18 14:23:23.185000,414.05208110998007,1003
2024-09-18 14:23:23.277000,414.02057681094254,99
2024-09-18 14:23:23.351000,414.02631749381294,96
2024-09-18 14:23:23.405000,414.0205454488432,12
2024-09-18 14:23:23.504000,414.0130635682326,102
2024-09-18 14:23:23.571000,414.0568354236808,1002
2024-09-18 14:23:23.626000,414.050666683096,11
2024-09-18 14:23:23.642000,414.04562216017615,7
2024-09-18 14:23:23.653000,414.0582844014085,999
2024-09-18 14:23:23.716000,414.02781162416017,105
2024-09-18 14:23:23.968000,414.0378749553494,1002
2024-09-18 14:23:24.011000,414.01130384179663,11
2024-09-18 14:23:24.198000,413.8967450235516,7
2024-09-18 14:23:24.211000,413.89353892511167,12
2024-09-18 14:23:24.271000,413.97866144956544,1004
2024-09-18 14:23:24.416000,413.9865722206595,1002
2024-09-18 14:23:24.561000,414.0186797809219,13
2024-09-18 14:23:24.619000,413.9014704872792,100
2024-09-18 14:23:24.623000,413.89725537403984,11
2024-09-18 14:23:24.730000,413.9481404193149,101
2024-09-18 14:23:24.731000,413.9082693719136,7
2024-09-18 14:23:24.782000,413.92281129432376,11
2024-09-18 14:23:24.808000,413.9929305192376,104
2024-09-18 14:23:24.831000,413.9585958277376,9
2024-09-18 14:23:24.846000,413.8934225297688,15
2024-09-18 14:23:24.969000,413.9714843141784,98
2024-09-18 14:23:24.988000,413.9616477794677,102
2024-09-18 14:23:25.041000,413.83226266003527,14
2024-09-18 14:23:25.078000,413.8646887683048,1003
2024-09-18 14:23:25.138000,413.7865269344408,9
2024-09-18 14:23:25.149000,413.7847281973887,98
2024-09-18 14:23:25.169000,413.8277575862064,103
2024-09-18 14:23:25.320000,413.8765896492857,13
2024-09-18 14:23:25.341000,413.7459840290935,104
2024-09-18 14:23:25.419000,413.7795481331325,100
2024-09-18 14:23:25.422000,413.9030466623964,101
2024-09-18 14:23:25.496000,413.79943329923225,1005
2024-09-18 14:23:25.523000,413.90362788986096,1002
2024-09-18 14:23:25.620000,413.7633254726395,102
2024-09-18 14:23:25.629000,413.778314879356,10
2024-09-18 14:23:25.655000,413.7815832268785,95
2024-09-18 14:23:25.681000,413.8369582082076,95
2024-09-18 14:23:25.689000,413.77826292978017,1004
2024-09-18 14:23:25.710000,413.81637283404206,998
2024-09-18 14:23:25.726000,413.8298058697238,5
2024-09-18 14:23:25.749000,413.8182612560589,997
2024-09-18 14:23:25.753000,413.9038152159041,97
2024-09-18 14:23:25.793000,413.7865928352781,5
2024-09-18 14:23:25.827000,413.8171459411434,13
2024-09-18 14:23:25.913000,413.8221269745192,99
2024-09-18 14:23:25.923000,413.8889155604349,1004
2024-09-18 14:23:25.941000,413.82067176390257,95
2024-09-18 14:23:25.963000,413.8464113934329,105
2024-09-18 14:23:25.980000,413.8693707856824,1000
2024-09-18 14:23:25.993000,413.8611450693655,11
2024-09-18 14:23:26.023000,413.7628044807497,1002
2024-09-18 14:23:26.051000,413.7279865014122,8
2024-09-18 14:23:26.071000,413.73087245477103,995
2024-09-18 14:23:26.079000,413.76360284987487,1003
2024-09-18 14:23:26.110000,413.743992687745,5
2024-09-18 14:23:26.122000,413.7255048500183,11
2024-09-18 14:23:26.152000,413.75487078489607,9
2024-09-18 14:23:26.231000,413.7412099067916,96
2024-09-18 14:23:26.310000,413.7393072013882,11
2024-09-18 14:23:26.316000,413.758648093201,13
2024-09-18 14:23:26.333000,413.7252123735397,12
2024-09-18 14:23:26.346000,413.7257811756214,1001
2024-09-18 14:23:26.392000,413.7869817652914,998
2024-09-18 14:23:26.456000,413.7393529541052,998
2024-09-18 14:23:26.487000,413.71995775011385,7
2024-09-18 14:23:26.543000,413.7698055329665,1000
2024-09-18 14:23:26.583000,413.76076193859205,6
2024-09-18 14:23:26.600000,413.7827582885516,1001
2024-09-18 14:23:26.623000,413.7328265460168,96
2024-09-18 14:23:26.712000,413.7679299751261,12
2024-09-18 14:23:26.736000,413.7361023626634,999
2024-09-18 14:23:26.774000,413.7656056979644,1004
2024-09-18 14:23:26.812000,413.7354975425349,99
2024-09-18 14:23:26.871000,413.7437264134144,105
2024-09-18 14:23:26.875000,413.72909513598233,99
2024-09-18 14:23:26.891000,413.72459742334377,10
2024-09-18 14:23:26.956000,413.7914192135102,5
2024-09-18 14:23:26.987000,413.7658449604404,1000
2024-09-18 14:23:27.516000,413.75060803452754,12
2024-09-18 14:23:27.642000,413.74697759411663,1004
2024-09-18 14:23:27.855000,413.7373040151524,7
2024-09-18 14:23:28.014000,413.70196946542217,7
2024-09-18 14:23:28.293000,413.721108662691,1001
2024-09-18 14:23:28.594000,413.7243854090256,13
2024-09-18 14:23:28.604000,413.6989599676156,11
2024-09-18 14:23:28.692000,413.70162150382737,5
2024-09-18 14:23:28.707000,413.7175189183434,10
2024-09-18 14:23:28.947000,413.74902850858217,100
2024-09-18 14:23:28.970000,413.7251244909476,1005
2024-09-18 14:23:29.005000,413.66314332305217,99
2024-09-18 14:23:29.132000,413.63459723662976,1001
2024-09-18 14:23:29.253000,413.6269103012289,103
2024-09-18 14:23:29.370000,413.64817330535874,6
2024-09-18 14:23:29.383000,413.61451748737113,101
2024-09-18 14:23:29.424000,413.6694247695685,6
2024-09-18 14:23:29.452000,413.66934953985697,995
2024-09-18 14:23:29.458000,413.6313769704598,99
2024-09-18 14:23:29.519000,413.6521580661388,103
2024-09-18 14:23:29.542000,413.6238320869992,100
2024-09-18 14:23:29.554000,413.6582415377574,8
2024-09-18 14:23:29.769000,413.6464898166009,7
2024-09-18 14:23:29.809000,413.6198692925191,105
2024-09-18 14:23:29.822000,413.6494952934808,6
2024-09-18 14:23:29.846000,413.68069023725207,100
2024-09-18 14:23:29.874000,413.6439805036176,105
2024-09-18 14:23:29.888000,413.650086796182,10
2024-09-18 14:23:29.908000,413.666116557419,13
2024-09-18 14:23:29.937000,413.644807703215,8
2024-09-18 14:23:29.971000,413.66272576158326,1004
2024-09-18 14:23:29.973000,413.6420684834269,1004
2024-09-18 14:23:30.054000,413.6589899191905,1005
2024-09-18 14:23:30.529000,413.656040766141,105
2024-09-18 14:23:31.019000,413.5977563530493,98
2024-09-18 14:23:31.086000,413.6698075897791,96
2024-09-18 14:23:31.132000,413.6338629852624,1003
2024-09-18 14:23:31.172000,413.6317316726891,95
2024-09-18 14:23:31.174000,413.6251481889073,96
2024-09-18 14:23:31.216000,413.587146174585,11
2024-09-18 14:23:31.241000,413.6645205551982,1002
2024-09-18 14:23:31.260000,413.5824769067754,6
2024-09-18 14:23:31.300000,413.5926745774115,11
2024-09-18 14:23:31.348000,413.622345290416,6
2024-09-18 14:23:31.430000,413.6081809581885,13
2024-09-18 14:23:31.490000,413.590013156102,101
2024-09-18 14:23:31.528000,413.5776496533937,999
2024-09-18 14:23:31.632000,413.6217977135466,9
2024-09-18 14:23:31.675000,413.58380514416206,996
2024-09-18 14:23:31.781000,413.6641593095629,997
2024-09-18 14:23:31.785000,413.5813227120254,97
2024-09-18 14:23:31.839000,413.5938362909728,99
2024-09-18 14:23:31.888000,413.5879260066821,9
2024-09-18 14:23:31.890000,413.627995338219,105
2024-09-18 14:23:31.990000,413.5763931325002,103
2024-09-18 14:23:32.002000,413.5419122248039,105
2024-09-18 14:23:32.026000,413.5844648289737,12
2024-09-18 14:23:32.063000,413.6057592954272,1003
2024-09-18 14:23:32.182000,413.57933180275336,8
2024-09-18 14:23:32.212000,413.5956031013831,7
2024-09-18 14:23:32.258000,413.557795781124,995
2024-09-18 14:23:32.272000,413.5539547803661,1000
2024-09-18 14:23:32.332000,413.5905631125335,999
2024-09-18 14:23:32.375000,413.6004630500541,1000
2024-09-18 14:23:32.516000,413.5971992465131,101
2024-09-18 14:23:32.548000,413.6240199985274,997
2024-09-18 14:23:32.556000,413.5688875135998,100
2024-09-18 14:23:32.581000,413.5956854341394,9
2024-09-18 14:23:32.609000,413.6272107983588,5
2024-09-18 14:23:32.661000,413.5907674087576,100
2024-09-18 14:23:32.677000,413.5976401438956,1001
2024-09-18 14:23:32.766000,413.6174113274607,12
2024-09-18 14:23:32.806000,413.6059722807618,1002
2024-09-18 14:23:32.853000,413.593348222503,96
2024-09-18 14:23:32.875000,413.59333416357305,1005
2024-09-18 14:23:32.901000,413.59265904094855,14
2024-09-18 14:23:32.956000,413.6240960870269,1002
2024-09-18 14:23:33.049000,413.6350872639693,1005
2024-09-18 14:23:33.066000,413.6290970283543,100
2024-09-18 14:23:33.251000,413.5897743005094,105
2024-09-18 14:23:33.282000,413.5916398957812,999
2024-09-18 14:23:33.293000,413.611868816,13
2024-09-18 14:23:33.358000,413.64936178276287,100
2024-09-18 14:23:33.399000,413.5894512244215,105
2024-09-18 14:23:33.440000,413.5994645766041,103
2024-09-18 14:23:33.465000,413.57349944418473,98
2024-09-18 14:23:33.471000,413.6277757545252,1004
2024-09-18 14:23:33.485000,413.5889057150917,5
2024-09-18 14:23:33.615000,413.6431747048232,11
2024-09-18 14:23:33.753000,413.6094210426713,104
2024-09-18 14:23:33.836000,413.5727774494933,1004
2024-09-18 14:23:33.841000,413.6290996654429,100
2024-09-18 14:23:33.869000,413.5928259830375,1001
2024-09-18 14:23:33.871000,413.64518800117474,1004
2024-09-18 14:23:33.878000,413.5694354894254,104
2024-09-18 14:23:33.959000,413.6339888724127,97
2024-09-18 14:23:33.977000,413.6094794980274,14
2024-09-18 14:23:33.986000,413.58748760203343,101
2024-09-18 14:23:33.987000,413.59388909314646,15
2024-09-18 14:23:34.110000,413.6545375581857,996
2024-09-18 14:23:34.111000,413.6510664572511,13
2024-09-18 14:23:34.149000,413.65175648825857,1004
2024-09-18 14:23:34.437000,413.6357590001745,1001
2024-09-18 14:23:34.619000,413.6705034208126,105
2024-09-18 14:23:34.716000,413.6422803510222,1001
2024-09-18 14:23:34.731000,413.62829578902097,1005
2024-09-18 14:23:35.070000,413.6090734830172,102
2024-09-18 14:23:35.120000,413.6024568870258,1001
2024-09-18 14:23:35.165000,413.62929061437103,95
2024-09-18 14:23:35.235000,413.6272735104421,103
2024-09-18 14:23:35.324000,413.62352334834566,98
2024-09-18 14:23:35.592000,413.6106407792297,96
2024-09-18 14:23:35.744000,413.6074591500568,13
2024-09-18 14:23:35.784000,413.60245451639753,99
2024-09-18 14:23:35.880000,413.6417181463301,998
2024-09-18 14:23:35.929000,413.5915414683727,95
2024-09-18 14:23:35.949000,413.6101805493488,998
2024-09-18 14:23:36.011000,413.599206234107,98
2024-09-18 14:23:36.025000,413.622585440835,105
2024-09-18 14:23:36.042000,413.5872831631103,15
2024-09-18 14:23:36.045000,413.6121097711359,12
2024-09-18 14:23:36.047000,413.59602878245386,103
2024-09-18 14:23:36.070000,413.5905834384511,104
2024-09-18 14:23:36.151000,413.6035410858004,102
2024-09-18 14:23:36.160000,413.5930274367716,7
2024-09-18 14:23:36.162000,413.60300087166286,101
2024-09-18 14:23:36.203000,413.5715757185425,1000
2024-09-18 14:23:36.343000,413.5964985966843,1003
2024-09-18 14:23:36.539000,413.597752707564,1002
2024-09-18 14:23:36.572000,413.6167301169266,99
2024-09-18 14:23:36.593000,413.5993289110672,998
2024-09-18 14:23:36.643000,413.61646488208737,104
2024-09-18 14:23:36.684000,413.59833971233707,1001
2024-09-18 14:23:36.696000,413.5865243548127,998
2024-09-18 14:23:36.748000,413.6054235795113,7
2024-09-18 14:23:36.758000,413.5878692276937,999
2024-09-18 14:23:36.954000,413.59872213862775,96
2024-09-18 14:23:36.977000,413.5917799424519,102
2024-09-18 14:23:37.038000,413.6284572984354,11
2024-09-18 14:23:37.062000,413.66480881359865,1004
2024-09-18 14:23:37.072000,413.60304206251146,6
2024-09-18 14:23:37.131000,413.59939576261183,9
2024-09-18 14:23:37.304000,413.6033497106326,998
2024-09-18 14:23:37.322000,413.6613829001211,9
2024-09-18 14:23:37.383000,413.5905287833573,1002
2024-09-18 14:23:37.459000,413.6065968402952,14
2024-09-18 14:23:37.486000,413.6597511201141,1001
2024-09-18 14:23:37.494000,413.5923250908208,995
2024-09-18 14:23:37.503000,413.6511660752918,5
2024-09-18 14:23:37.518000,413.6023606863444,96
2024-09-18 14:23:37.530000,413.62395269756985,8
2024-09-18 14:23:37.539000,413.6691754288741,6
2024-09-18 14:23:37.638000,413.6189483656849,105
2024-09-18 14:23:37.659000,413.6016868492442,1003
2024-09-18 14:23:37.727000,413.59828409088567,102
2024-09-18 14:23:37.747000,413.6283961397509,1004
2024-09-18 14:23:37.752000,413.6379519370041,102
2024-09-18 14:23:37.835000,413.6353571946425,8
2024-09-18 14:23:37.839000,413.6160272550046,6
2024-09-18 14:23:37.840000,413.620111446913,997
2024-09-18 14:23:37.869000,413.61634835888935,100
2024-09-18 14:23:37.907000,413.6441687327774,9
2024-09-18 14:23:37.989000,413.6068670234002,999
2024-09-18 14:23:38.017000,413.614827538903,103
2024-09-18 14:23:38.053000,413.6809586498897,102
2024-09-18 14:23:38.090000,413.6890870365759,997
2024-09-18 14:23:38.096000,413.6806064088805,101
2024-09-18 14:23:38.099000,413.684599534058,101
2024-09-18 14:23:38.148000,413.63988882870746,1004
2024-09-18 14:23:38.264000,413.5954818398957,104
2024-09-18 14:23:38.265000,413.6120666202306,103
2024-09-18 14:23:38.308000,413.661260864447,1003
2024-09-18 14:23:38.331000,413.64849257853257,1003
2024-09-18 14:23:38.334000,413.6001863673987,1004
2024-09-18 14:23:38.439000,413.68773432220655,104
2024-09-18 14:23:38.536000,413.6186874888601,7
2024-09-18 14:23:38.544000,413.606503497538,996
2024-09-18 14:23:38.565000,413.6761617986159,996
2024-09-18 14:23:38.629000,413.6715072577844,1003
2024-09-18 14:23:38.642000,413.5975829161464,12
2024-09-18 14:23:38.696000,413.6612539834807,99
2024-09-18 14:23:38.708000,413.6089187311876,9
2024-09-18 14:23:38.724000,413.6154595045855,999
2024-09-18 14:23:38.758000,413.61259291536766,95
2024-09-18 14:23:38.788000,413.6349830835735,15
2024-09-18 14:23:38.789000,413.6148047666063,1001
2024-09-18 14:23:38.797000,413.6915810660766,996
2024-09-18 14:23:38.854000,413.6152394153238,98
2024-09-18 14:23:38.866000,413.69005197452657,95
2024-09-18 14:23:38.901000,413.6085247012435,13
2024-09-18 14:23:38.917000,413.6725043257779,103
2024-09-18 14:23:38.933000,413.64992392642336,5
2024-09-18 14:23:38.990000,413.6705184063789,15
2024-09-18 14:23:39.023000,413.6803748118603,95
2024-09-18 14:23:39.068000,413.6804477261159,1002
2024-09-18 14:23:39.128000,413.6733496463699,99
2024-09-18 14:23:39.272000,413.6808838266801,97
2024-09-18 14:23:39.280000,413.694196914047,103
2024-09-18 14:23:39.286000,413.699365330679,103
2024-09-18 14:23:39.338000,413.66845087117406,1002
2024-09-18 14:23:39.391000,413.689534676554,10
2024-09-18 14:23:39.395000,413.7034666865164,10
2024-09-18 14:23:39.397000,413.7026335211067,999
2024-09-18 14:23:39.399000,413.69544280504726,10
2024-09-18 14:23:39.468000,413.6790821224566,1004
2024-09-18 14:23:39.517000,413.6803761088492,14
2024-09-18 14:23:39.776000,413.68565782852215,100
2024-09-18 14:23:39.819000,413.6736554696661,95
2024-09-18 14:23:39.894000,413.6849134690679,13
2024-09-18 14:23:39.910000,413.69502639682577,996
2024-09-18 14:23:39.936000,413.6745244057349,13
2024-09-18 14:23:39.946000,413.6823138365819,9
2024-09-18 14:23:39.964000,413.7056282684615,96
2024-09-18 14:23:39.974000,413.6746287899964,6
2024-09-18 14:23:40.139000,413.65824730559495,1002
2024-09-18 14:23:40.168000,413.6949138970698,5
2024-09-18 14:23:40.178000,413.6847103479533,997
2024-09-18 14:23:40.180000,413.7014756229701,95
2024-09-18 14:23:40.315000,413.69168254322506,9
2024-09-18 14:23:40.439000,413.6950349502846,6
2024-09-18 14:23:40.471000,413.6504006401567,6
2024-09-18 14:23:40.508000,413.677604966472,97
2024-09-18 14:23:40.527000,413.6703765230265,95
2024-09-18 14:23:40.774000,413.69823372270014,9
2024-09-18 14:23:41.013000,413.6677039463421,99
2024-09-18 14:23:41.037000,413.6461806015648,997
2024-09-18 14:23:41.083000,413.6363145553802,996
2024-09-18 14:23:41.096000,413.6618050261718,1005
2024-09-18 14:23:41.165000,413.66423305258536,104
2024-09-18 14:23:41.186000,413.6548096123347,103
2024-09-18 14:23:41.244000,413.66853433644087,1003
2024-09-18 14:23:41.255000,413.6645103237709,6
2024-09-18 14:23:41.267000,413.6628099390486,103
2024-09-18 14:23:41.289000,413.6199608602293,1004
2024-09-18 14:23:41.302000,413.6388079183481,97
2024-09-18 14:23:41.393000,413.6397108977752,96
2024-09-18 14:23:41.428000,413.673192327512,7
2024-09-18 14:23:41.430000,413.65144433293744,998
2024-09-18 14:23:41.518000,413.68214541123945,1004
2024-09-18 14:23:41.546000,413.6288827187651,101
2024-09-18 14:23:41.574000,413.6646579179958,997
2024-09-18 14:23:41.579000,413.642336164251,96
2024-09-18 14:23:41.633000,413.6752446627476,103
2024-09-18 14:23:41.736000,413.664538771934,6
2024-09-18 14:23:41.759000,413.62766379784495,96
2024-09-18 14:23:41.802000,413.6563391642261,14
2024-09-18 14:23:41.812000,413.6543818896022,6
2024-09-18 14:23:41.844000,413.682953261657,998
2024-09-18 14:23:41.855000,413.6597616952976,97
2024-09-18 14:23:41.875000,413.6542220219289,1002
2024-09-18 14:23:41.933000,413.6611862893784,9
2024-09-18 14:23:41.941000,413.63717611278224,97
2024-09-18 14:23:41.944000,413.6442275802134,5
2024-09-18 14:23:41.998000,413.6678746614782,98
2024-09-18 14:23:42.035000,413.6462406079739,99
2024-09-18 14:23:42.140000,413.6762944326951,100
2024-09-18 14:23:42.155000,413.6537292332597,105
2024-09-18 14:23:42.366000,413.6492705359729,99
2024-09-18 14:23:42.467000,413.6592707844182,1002
2024-09-18 14:23:42.542000,413.6332287186364,100
2024-09-18 14:23:42.785000,413.6781543091386,1004
2024-09-18 14:23:42.789000,413.6380130279202,12
2024-09-18 14:23:42.804000,413.6597201092569,1001
2024-09-18 14:23:43.078000,413.7218025467861,96
2024-09-18 14:23:43.157000,413.7304452025781,998
2024-09-18 14:23:43.554000,413.7285139137323,1005
2024-09-18 14:23:43.682000,413.7024712720077,99
2024-09-18 14:23:43.694000,413.72042988062833,996
2024-09-18 14:23:43.758000,413.7299851241038,104
2024-09-18 14:23:43.764000,413.6621297677944,105
2024-09-18 14:23:43.780000,413.6971773982864,102
2024-09-18 14:23:43.829000,413.72389365898846,998
2024-09-18 14:23:43.980000,413.7129873214907,1002
2024-09-18 14:23:44.432000,413.7214077273261,999
2024-09-18 14:23:44.776000,413.72344785498336,11
2024-09-18 14:23:45.003000,413.6229744207111,12
2024-09-18 14:23:45.014000,413.6279943685221,999
2024-09-18 14:23:45.098000,413.7097493810311,14
2024-09-18 14:23:45.107000,413.6899225621483,99
2024-09-18 14:23:45.137000,413.68925195139536,96
2024-09-18 14:23:45.150000,413.7053493387815,103
2024-09-18 14:23:45.316000,413.6867525999838,12
2024-09-18 14:23:45.326000,413.671056170819,14
2024-09-18 14:23:45.328000,413.6117119160979,6
2024-09-18 14:23:45.334000,413.6868797826759,12
2024-09-18 14:23:45.477000,413.6905826085182,996
2024-09-18 14:23:45.621000,413.67762275699937,15
2024-09-18 14:23:45.621000,413.6452104803064,1005
2024-09-18 14:23:45.629000,413.6347008968007,11
2024-09-18 14:23:45.643000,413.69450006970885,97
2024-09-18 14:23:45.746000,413.6750263034476,998
2024-09-18 14:23:45.758000,413.6929190522815,10
2024-09-18 14:23:45.859000,413.6863606576797,13
2024-09-18 14:23:45.886000,413.6743265746246,996
2024-09-18 14:23:45.888000,413.66459191872167,12
2024-09-18 14:23:45.888000,413.703258098632,1003
2024-09-18 14:23:45.901000,413.6978229359008,1000
2024-09-18 14:23:45.972000,413.6471636458689,997
2024-09-18 14:23:46.082000,413.6834491986064,5
2024-09-18 14:23:46.089000,413.65304777966327,13
2024-09-18 14:23:46.115000,413.6680978565794,14
2024-09-18 14:23:46.330000,413.64414958795294,999
2024-09-18 14:23:46.554000,413.67284039355,12
2024-09-18 14:23:46.555000,413.6535694447215,1001
2024-09-18 14:23:46.609000,413.7153414036706,102
2024-09-18 14:23:46.657000,413.6523198323494,95
2024-09-18 14:23:46.760000,413.66026660356505,13
2024-09-18 14:23:46.808000,413.69837181747727,13
2024-09-18 14:23:46.904000,413.6553645126104,99
2024-09-18 14:23:46.950000,413.6709700632157,9
2024-09-18 14:23:46.955000,413.702200653159,6
2024-09-18 14:23:47.164000,413.78044888916816,6
2024-09-18 14:23:47.215000,413.7613043078372,104
2024-09-18 14:23:47.248000,413.7534203863001,98
2024-09-18 14:23:47.416000,413.766374535432,11
2024-09-18 14:23:47.439000,413.72633226187946,98
2024-09-18 14:23:47.488000,413.7426444848545,9
2024-09-18 14:23:47.587000,413.72062176306014,14
2024-09-18 14:23:47.611000,413.7508754721698,1005
2024-09-18 14:23:47.639000,413.7582760750602,13
2024-09-18 14:23:47.669000,413.7521776898402,10
2024-09-18 14:23:47.761000,413.7709783563424,995
2024-09-18 14:23:47.918000,413.7462722514327,995
2024-09-18 14:23:47.931000,413.7699620731128,102
2024-09-18 14:23:48.183000,413.766146479736,997
2024-09-18 14:23:48.204000,413.7115421511528,102
2024-09-18 14:23:48.261000,413.6610067944555,99
2024-09-18 14:23:48.263000,413.64571187627087,996
2024-09-18 14:23:48.283000,413.74991572205806,996
2024-09-18 14:23:48.293000,413.667542685025,8
2024-09-18 14:23:48.321000,413.65202753939445,996
2024-09-18 14:23:48.324000,413.6547649661146,98
2024-09-18 14:23:48.327000,413.6548831728156,103
2024-09-18 14:23:48.355000,413.69698530677385,995
2024-09-18 14:23:48.368000,413.6630429432536,95
2024-09-18 14:23:48.389000,413.6707997870019,997
2024-09-18 14:23:48.430000,413.6436054179056,8
2024-09-18 14:23:48.512000,413.65407323633593,997
2024-09-18 14:23:48.524000,413.6533911768089,9
2024-09-18 14:23:48.557000,413.6769050693236,13
2024-09-18 14:23:48.609000,413.64405404209305,12
2024-09-18 14:23:48.635000,413.6732093152005,12
2024-09-18 14:23:48.651000,413.6705879154601,104
2024-09-18 14:23:48.657000,413.6780037214264,996
2024-09-18 14:23:48.676000,413.6515452044522,101
2024-09-18 14:23:48.720000,413.6405474515974,1002
2024-09-18 14:23:48.723000,413.6814986724268,997
2024-09-18 14:23:48.790000,413.6648758213326,101
2024-09-18 14:23:48.863000,413.6966317796114,995
2024-09-18 14:23:48.864000,413.64899716385503,1004
2024-09-18 14:23:48.955000,413.6603069428415,11
2024-09-18 14:23:48.971000,413.7067393926242,96
2024-09-18 14:23:49.049000,413.6903397871076,11
2024-09-18 14:23:49.117000,413.6754758696099,96
2024-09-18 14:23:49.138000,413.6621226411724,8
2024-09-18 14:23:49.169000,413.7039372041739,999
2024-09-18 14:23:49.290000,413.72399572076137,998
2024-09-18 14:23:49.369000,413.6912652597265,105
2024-09-18 14:23:49.372000,413.7020745061726,996
2024-09-18 14:23:49.385000,413.716618371044,102
2024-09-18 14:23:49.385000,413.6595867633634,9
2024-09-18 14:23:49.432000,413.6839431226441,8
2024-09-18 14:23:49.473000,413.6770950013955,7
2024-09-18 14:23:49.473000,413.6944862368487,9
2024-09-18 14:23:49.612000,413.67108690124,9
2024-09-18 14:23:49.639000,413.6430746031911,95
2024-09-18 14:23:49.718000,413.69510262095207,101
2024-09-18 14:23:49.793000,413.6763655887264,1000
2024-09-18 14:23:49.885000,413.6868867526747,99
2024-09-18 14:23:49.893000,413.6826622805386,100
2024-09-18 14:23:50.056000,413.7663346178829,105
2024-09-18 14:23:50.074000,413.8169084302176,997
2024-09-18 14:23:50.105000,413.8061926572852,11
2024-09-18 14:23:50.120000,413.68933971462087,105
2024-09-18 14:23:50.149000,413.7981171810319,11
2024-09-18 14:23:50.165000,413.7005094792234,104
2024-09-18 14:23:50.165000,413.6878624339384,103
2024-09-18 14:23:50.198000,413.7779469880553,97
2024-09-18 14:23:50.210000,413.6931614330055,9
2024-09-18 14:23:50.297000,413.7008746051017,7
2024-09-18 14:23:50.307000,413.7706144793411,995
2024-09-18 14:23:50.386000,413.7553010460191,14
2024-09-18 14:23:50.425000,413.810776939015,104
2024-09-18 14:23:50.451000,413.7650007117116,13
2024-09-18 14:23:50.457000,413.6828978834713,1003
2024-09-18 14:23:50.534000,413.7849498984335,11
2024-09-18 14:23:50.546000,413.81412433473537,1001
2024-09-18 14:23:50.585000,413.7797719032668,9
2024-09-18 14:23:50.634000,413.712968468083,996
2024-09-18 14:23:50.668000,413.7850911146475,105
2024-09-18 14:23:50.689000,413.7505699727485,11
2024-09-18 14:23:50.811000,413.7931537918019,8
2024-09-18 14:23:50.863000,413.6941820704113,6
2024-09-18 14:23:50.938000,413.7078598105321,98
2024-09-18 14:23:50.943000,413.76216782814686,12
2024-09-18 14:23:50.973000,413.7629300098994,1001
2024-09-18 14:23:50.995000,413.76415385155,98
2024-09-18 14:23:51.008000,413.7983562170144,99
2024-09-18 14:23:51.011000,413.86307606867246,102
2024-09-18 14:23:51.134000,413.80238994296514,99
2024-09-18 14:23:51.163000,413.85216136024286,999
2024-09-18 14:23:51.164000,413.8470565186327,997
2024-09-18 14:23:51.177000,413.8649439522274,15
2024-09-18 14:23:51.177000,413.8138757228554,5
2024-09-18 14:23:51.195000,413.7973792673781,10
2024-09-18 14:23:51.229000,413.80531517969,97
2024-09-18 14:23:51.232000,413.8055215138792,14
2024-09-18 14:23:51.272000,413.8642123872938,5
2024-09-18 14:23:51.299000,413.7956066656802,103
2024-09-18 14:23:51.303000,413.7896969204778,102
2024-09-18 14:23:51.312000,413.86808152011946,100
2024-09-18 14:23:51.363000,413.7909146079654,1002
2024-09-18 14:23:51.383000,413.86002484572657,15
2024-09-18 14:23:51.414000,413.8010232114846,1001
2024-09-18 14:23:51.510000,413.7933980171154,96
2024-09-18 14:23:51.607000,413.86184150751336,103
2024-09-18 14:23:51.752000,413.841599141314,101
2024-09-18 14:23:51.787000,413.8625555633893,102
2024-09-18 14:23:51.802000,413.8528945444981,1003
2024-09-18 14:23:51.815000,413.79253805718736,10
2024-09-18 14:23:51.887000,413.8439721627915,11
2024-09-18 14:23:51.910000,413.8576411617774,998
2024-09-18 14:23:51.943000,413.78598550993866,997
2024-09-18 14:23:51.969000,413.8564820733982,995
2024-09-18 14:23:52.004000,413.8160236662719,8
2024-09-18 14:23:52.059000,413.8258238114448,1001
2024-09-18 14:23:52.082000,413.75690632619137,996
2024-09-18 14:23:52.213000,413.8289273510399,105
2024-09-18 14:23:52.250000,413.8564567707031,101
2024-09-18 14:23:52.257000,413.7449776673246,997
2024-09-18 14:23:52.309000,413.8288181483774,99
2024-09-18 14:23:52.313000,413.80995845312736,98
2024-09-18 14:23:52.324000,413.8247080281065,11
2024-09-18 14:23:52.347000,413.8013913557873,96
2024-09-18 14:23:52.449000,413.8309914916304,95
2024-09-18 14:23:52.454000,413.7831518329164,7
2024-09-18 14:23:52.473000,413.7744458085231,995
2024-09-18 14:23:52.525000,413.77660364776847,998
2024-09-18 14:23:52.542000,413.7805824999462,104
2024-09-18 14:23:52.600000,413.8296213761191,5
2024-09-18 14:23:52.617000,413.7731303144582,5
2024-09-18 14:23:52.624000,413.8167313087928,99
2024-09-18 14:23:52.654000,413.81394044185015,95
2024-09-18 14:23:52.679000,413.8001055067371,996
2024-09-18 14:23:52.687000,413.8749958785858,103
2024-09-18 14:23:52.729000,413.817465310821,11
2024-09-18 14:23:52.790000,413.78380981497406,101
2024-09-18 14:23:52.799000,413.82212611798167,1003
2024-09-18 14:23:52.840000,413.83254539595134,97
2024-09-18 14:23:52.858000,413.82403534150353,100
2024-09-18 14:23:52.891000,413.819895549676,13
2024-09-18 14:23:52.932000,413.80679553270926,101
2024-09-18 14:23:52.966000,413.8167127378461,100
2024-09-18 14:23:53.413000,413.7672107871595,13
2024-09-18 14:23:53.876000,413.7542569085094,10
2024-09-18 14:23:53.900000,413.7592704051178,11
2024-09-18 14:23:54.046000,413.7717658373175,96
2024-09-18 14:23:54.108000,413.8155450890471,95
2024-09-18 14:23:54.135000,413.800411414105,998
2024-09-18 14:23:54.186000,413.7343460312703,1005
2024-09-18 14:23:54.188000,413.81036419713655,1005
2024-09-18 14:23:54.194000,413.7771146351148,1002
2024-09-18 14:23:54.197000,413.7940071923053,1000
2024-09-18 14:23:54.212000,413.78476197795527,102
2024-09-18 14:23:54.240000,413.8202373396852,999
2024-09-18 14:23:54.273000,413.8205495555338,8
2024-09-18 14:23:54.312000,413.8249352996044,995
2024-09-18 14:23:54.402000,413.7519356312774,997
2024-09-18 14:23:54.431000,413.783651637404,1003
2024-09-18 14:23:54.455000,413.82617926084,102
2024-09-18 14:23:54.469000,413.8312222729912,98
2024-09-18 14:23:54.529000,413.8331987880925,10
2024-09-18 14:23:54.549000,413.74573562342914,96
2024-09-18 14:23:54.697000,413.7904587746282,14
2024-09-18 14:23:54.706000,413.80304196095,996
2024-09-18 14:23:54.756000,413.8220053777925,996
2024-09-18 14:23:54.776000,413.7961632854836,1002
2024-09-18 14:23:54.786000,413.77369403277714,995
2024-09-18 14:23:54.799000,413.7822494519092,1003
2024-09-18 14:23:54.819000,413.828528825254,1000
2024-09-18 14:23:54.851000,413.7806084197993,95
2024-09-18 14:23:54.871000,413.74554736832266,1003
2024-09-18 14:23:54.872000,413.8129203612927,1004
2024-09-18 14:23:54.917000,413.7819163836242,103
2024-09-18 14:23:54.992000,413.7778052060836,999
2024-09-18 14:23:54.998000,413.79450537981313,999
2024-09-18 14:23:55.026000,413.7688335496702,95
2024-09-18 14:23:55.106000,413.7992987498407,1005
2024-09-18 14:23:55.269000,413.77750320564985,11
2024-09-18 14:23:55.371000,413.77185691548937,995
2024-09-18 14:23:55.385000,413.81119813926057,1004
2024-09-18 14:23:55.397000,413.791221488162,10
2024-09-18 14:23:55.400000,413.7970127717513,100
2024-09-18 14:23:55.406000,413.76568665057965,15
2024-09-18 14:23:55.445000,413.8296061739034,96
2024-09-18 14:23:55.567000,413.8084667054336,1000
2024-09-18 14:23:55.574000,413.8156822152156,104
2024-09-18 14:23:55.577000,413.8057140842986,99
2024-09-18 14:23:55.635000,413.81189196974304,15
2024-09-18 14:23:55.775000,413.7679048593544,1002
2024-09-18 14:23:55.790000,413.772450071058,5
2024-09-18 14:23:55.815000,413.8115927776891,995
2024-09-18 14:23:55.827000,413.7594377502084,1004
2024-09-18 14:23:55.846000,413.7842126165931,6
2024-09-18 14:23:55.852000,413.7884835809362,100
2024-09-18 14:23:55.875000,413.81065386915685,1002
2024-09-18 14:23:55.880000,413.7922795903716,1004
2024-09-18 14:23:55.926000,413.7764539951059,1004
2024-09-18 14:23:55.954000,413.7895695062108,15
2024-09-18 14:23:55.981000,413.7980120055657,995
2024-09-18 14:23:55.984000,413.805518578323,12
2024-09-18 14:23:57.528000,413.76109660449686,998
2024-09-18 14:23:58.026000,413.7989776579144,95
2024-09-18 14:23:58.388000,413.8091187496436,995
2024-09-18 14:23:58.392000,413.8029631646557,95
2024-09-18 14:23:58.512000,413.7899851666761,9
2024-09-18 14:23:58.982000,413.8103391406187,996
2024-09-18 14:23:59.019000,413.85316999994393,1003
2024-09-18 14:23:59.056000,413.8119331636495,1003
2024-09-18 14:23:59.061000,413.8742911970671,102
2024-09-18 14:23:59.098000,413.81591723870673,12
2024-09-18 14:23:59.242000,413.8540118837972,6
2024-09-18 14:23:59.280000,413.8974874290217,1000
2024-09-18 14:23:59.323000,413.9259800518457,15
2024-09-18 14:23:59.363000,413.8437847915017,7
2024-09-18 14:23:59.406000,413.91177133287886,1004
2024-09-18 14:23:59.423000,413.8800971408395,1002
2024-09-18 14:23:59.425000,413.90134013231074,105
2024-09-18 14:23:59.503000,413.9073042724449,997
2024-09-18 14:23:59.517000,413.9063919962082,105
2024-09-18 14:23:59.555000,413.9086559325266,101
2024-09-18 14:23:59.606000,413.8882543248022,996
2024-09-18 14:23:59.615000,413.9165942614886,101
2024-09-18 14:23:59.656000,413.9096555506473,1002
2024-09-18 14:23:59.702000,413.8576447556174,10
2024-09-18 14:23:59.710000,413.8901353562768,96
2024-09-18 14:23:59.726000,413.8965758050314,6
2024-09-18 14:23:59.768000,413.8961852634589,104
2024-09-18 14:23:59.808000,413.8708548821568,7
2024-09-18 14:23:59.813000,413.90263767214833,11
2024-09-18 14:23:59.823000,413.8390393898724,997
2024-09-18 14:23:59.872000,413.824391234854,97
2024-09-18 14:23:59.911000,413.8657763074368,101
2024-09-18 14:23:59.934000,413.9172218121883,7
2024-09-18 14:23:59.950000,413.9050687936476,998
2024-09-18 14:23:59.972000,413.878331620609,104
