Timestamp,Price,Size
2024-09-16 15:03:00.013000,416.0811466296847,97
2024-09-16 15:03:00.032000,416.09302524331855,105
2024-09-16 15:03:00.059000,418.765707028292,11
2024-09-16 15:03:00.187000,416.0730574766857,100
2024-09-16 15:03:00.628000,416.0787249272556,95
2024-09-16 15:03:00.684000,416.0989682041336,999
2024-09-16 15:03:00.733000,416.08423925249326,15
2024-09-16 15:03:00.752000,416.1057575572581,97
2024-09-16 15:03:00.952000,416.1202007838616,1000
2024-09-16 15:03:01.011000,416.1155376889655,1000
2024-09-16 15:03:01.063000,416.09380128320674,996
2024-09-16 15:03:01.129000,416.0871509844672,102
2024-09-16 15:03:01.339000,416.0872251703112,9
2024-09-16 15:03:01.374000,416.0981272396717,96
2024-09-16 15:03:01.429000,416.13081469371537,998
2024-09-16 15:03:01.444000,416.0961464977671,997
2024-09-16 15:03:01.619000,416.0909705515671,1005
2024-09-16 15:03:01.621000,418.7540986654102,12
2024-09-16 15:03:01.637000,416.0814275946775,1002
2024-09-16 15:03:01.691000,416.128184122323,105
2024-09-16 15:03:01.726000,416.0972558564818,104
2024-09-16 15:03:01.763000,416.1141066774477,15
2024-09-16 15:03:01.889000,416.0820844285321,1005
2024-09-16 15:03:01.929000,416.1220017355748,98
2024-09-16 15:03:01.931000,416.0821535587859,9
2024-09-16 15:03:01.987000,416.1362005597832,1005
2024-09-16 15:03:02.193000,418.7460999998947,10
2024-09-16 15:03:02.217000,416.08891646903714,6
2024-09-16 15:03:02.329000,416.1208762479086,1002
2024-09-16 15:03:02.400000,416.154546060868,9
2024-09-16 15:03:02.450000,416.1329881936618,1000
2024-09-16 15:03:02.454000,416.14743769068633,9
2024-09-16 15:03:02.484000,416.0851135289072,1002
2024-09-16 15:03:02.531000,416.12145163567385,15
2024-09-16 15:03:02.551000,416.1105146713027,100
2024-09-16 15:03:02.553000,416.15248961138434,105
2024-09-16 15:03:02.555000,416.1277015510022,7
2024-09-16 15:03:02.642000,416.0855708333473,100
2024-09-16 15:03:02.676000,416.139055083176,15
2024-09-16 15:03:02.678000,416.099791397679,97
2024-09-16 15:03:02.679000,416.0863312965305,97
2024-09-16 15:03:02.698000,416.1142405858827,13
2024-09-16 15:03:02.778000,416.1053160776171,104
2024-09-16 15:03:02.963000,416.14209490489895,105
2024-09-16 15:03:03.081000,416.1125545134695,12
2024-09-16 15:03:03.164000,416.1257516893021,104
2024-09-16 15:03:03.275000,416.1208537701568,1000
2024-09-16 15:03:03.385000,416.1252634227637,996
2024-09-16 15:03:03.468000,416.1128615831635,103
2024-09-16 15:03:03.479000,416.1281797911166,103
2024-09-16 15:03:03.542000,416.1331798378607,999
2024-09-16 15:03:03.564000,416.1274342950487,11
2024-09-16 15:03:03.682000,416.1373596874925,995
2024-09-16 15:03:03.699000,416.1529971989255,12
2024-09-16 15:03:03.869000,416.1141354402999,8
2024-09-16 15:03:04.045000,416.112205689436,1004
2024-09-16 15:03:04.059000,416.1684124519721,7
2024-09-16 15:03:04.071000,418.6233927672097,1004
2024-09-16 15:03:04.079000,418.6302478607927,96
2024-09-16 15:03:04.102000,416.1461985891149,11
2024-09-16 15:03:04.104000,416.1188432464651,97
2024-09-16 15:03:04.128000,416.1583031622229,103
2024-09-16 15:03:04.148000,416.0922608274124,7
2024-09-16 15:03:04.226000,416.171240085493,10
2024-09-16 15:03:04.231000,416.1904863237832,996
2024-09-16 15:03:04.278000,416.1478961738018,12
2024-09-16 15:03:04.291000,416.1839184619711,105
2024-09-16 15:03:04.315000,416.1536696281478,1001
2024-09-16 15:03:04.317000,416.17777257230347,7
2024-09-16 15:03:04.320000,416.1214598892571,103
2024-09-16 15:03:04.367000,416.10627868616206,1003
2024-09-16 15:03:04.372000,416.1640212507557,99
2024-09-16 15:03:04.400000,416.1580879514568,100
2024-09-16 15:03:04.421000,416.1612097191939,999
2024-09-16 15:03:04.425000,416.1650271947642,13
2024-09-16 15:03:04.467000,416.164783372242,996
2024-09-16 15:03:04.484000,416.1366868249737,103
2024-09-16 15:03:04.583000,416.1570815365886,99
2024-09-16 15:03:04.637000,416.1465201698327,1002
2024-09-16 15:03:04.656000,416.1404800104084,98
2024-09-16 15:03:04.659000,416.1708601728988,96
2024-09-16 15:03:04.664000,416.1592608217655,98
2024-09-16 15:03:04.915000,416.17367070076926,1003
2024-09-16 15:03:04.942000,416.1809050537472,1004
2024-09-16 15:03:04.978000,416.1130704407043,1003
2024-09-16 15:03:05.033000,416.21070188732034,9
2024-09-16 15:03:05.043000,416.1816921492284,1000
2024-09-16 15:03:05.048000,416.18426178038135,15
2024-09-16 15:03:05.048000,416.2114503645499,105
2024-09-16 15:03:05.107000,416.2073905986503,97
2024-09-16 15:03:05.134000,416.1785105247847,99
2024-09-16 15:03:05.161000,416.2192787008136,100
2024-09-16 15:03:05.250000,416.18802719336543,998
2024-09-16 15:03:05.314000,416.1742485023093,101
2024-09-16 15:03:05.336000,416.1877694338162,998
2024-09-16 15:03:05.357000,416.19253046464326,102
2024-09-16 15:03:05.438000,416.1739126520034,1004
2024-09-16 15:03:05.468000,416.1753286685715,1001
2024-09-16 15:03:05.473000,416.1634473053152,96
2024-09-16 15:03:05.512000,416.1604784292271,1004
2024-09-16 15:03:05.565000,416.1892635986789,97
2024-09-16 15:03:05.584000,416.1819202974861,8
2024-09-16 15:03:05.603000,416.1940192871903,101
2024-09-16 15:03:05.622000,416.2140061364773,7
2024-09-16 15:03:05.633000,416.22117483799553,15
2024-09-16 15:03:05.650000,416.17382954565386,995
2024-09-16 15:03:05.681000,416.22389920974337,997
2024-09-16 15:03:05.698000,416.16645945350143,99
2024-09-16 15:03:05.753000,416.2057458294559,1003
2024-09-16 15:03:05.763000,416.2090578496669,5
2024-09-16 15:03:05.776000,416.2196019238016,98
2024-09-16 15:03:05.778000,416.2128336088506,11
2024-09-16 15:03:05.790000,416.2079973628547,8
2024-09-16 15:03:05.942000,416.2087392729728,95
2024-09-16 15:03:06.017000,416.1266853186423,104
2024-09-16 15:03:06.021000,416.1467080132739,103
2024-09-16 15:03:06.230000,416.1813554355005,1002
2024-09-16 15:03:06.265000,416.1388160338888,98
2024-09-16 15:03:06.392000,416.116215013391,6
2024-09-16 15:03:06.549000,416.1402728761191,99
2024-09-16 15:03:06.566000,416.16401969306673,97
2024-09-16 15:03:06.593000,416.1308137361031,1004
2024-09-16 15:03:06.599000,416.1251380956515,95
2024-09-16 15:03:06.874000,416.117741250864,1003
2024-09-16 15:03:06.941000,416.11587958889686,14
2024-09-16 15:03:07.009000,416.1967537634781,1001
2024-09-16 15:03:07.042000,416.15011456378295,97
2024-09-16 15:03:07.069000,416.1913501626764,97
2024-09-16 15:03:07.079000,416.1314232912303,95
2024-09-16 15:03:07.090000,416.1325523517361,13
2024-09-16 15:03:07.162000,416.2047947082247,5
2024-09-16 15:03:07.218000,416.1495343741194,105
2024-09-16 15:03:07.218000,416.175337138654,105
2024-09-16 15:03:07.246000,416.1743108364126,1005
2024-09-16 15:03:07.252000,416.1394982927484,1002
2024-09-16 15:03:07.258000,416.16042099472793,104
2024-09-16 15:03:07.353000,416.1447329670247,95
2024-09-16 15:03:07.401000,416.1757826216113,1004
2024-09-16 15:03:07.446000,416.1751694518535,1004
2024-09-16 15:03:07.562000,416.2015778714282,99
2024-09-16 15:03:07.682000,416.1623868385621,11
2024-09-16 15:03:07.695000,416.1906969926678,1002
2024-09-16 15:03:07.760000,416.1868602209695,11
2024-09-16 15:03:07.764000,416.1292974844029,5
2024-09-16 15:03:07.816000,416.1926886170694,12
2024-09-16 15:03:07.862000,416.1382900582199,12
2024-09-16 15:03:07.885000,416.1592476370099,1004
2024-09-16 15:03:07.892000,416.1586132553392,995
2024-09-16 15:03:07.901000,416.1834123534232,101
2024-09-16 15:03:07.932000,416.1452990841695,103
2024-09-16 15:03:08.149000,416.1594914588334,1000
2024-09-16 15:03:08.191000,416.1603383677115,999
2024-09-16 15:03:08.204000,416.17514486117153,1002
2024-09-16 15:03:08.222000,416.1476889380157,15
2024-09-16 15:03:08.223000,416.1673329658264,99
2024-09-16 15:03:08.237000,416.179962739256,97
2024-09-16 15:03:08.264000,416.1611010367389,104
2024-09-16 15:03:08.381000,416.14407092447686,8
2024-09-16 15:03:08.662000,416.161355745433,95
2024-09-16 15:03:08.909000,416.1513391971224,12
2024-09-16 15:03:08.974000,416.1456918032855,998
2024-09-16 15:03:09,416.1228346319172,996
2024-09-16 15:03:09.010000,416.1264257373388,104
2024-09-16 15:03:09.220000,416.1265238523765,95
2024-09-16 15:03:09.327000,416.1427502264812,1000
2024-09-16 15:03:09.566000,416.12194374222855,102
2024-09-16 15:03:09.690000,416.1696677878996,105
2024-09-16 15:03:09.786000,416.1059918927607,9
2024-09-16 15:03:09.821000,416.1811856603591,100
2024-09-16 15:03:09.855000,416.1408131598847,1004
2024-09-16 15:03:09.860000,416.1944511226132,997
2024-09-16 15:03:10.107000,416.1216793906527,15
2024-09-16 15:03:10.175000,416.1764944596712,1003
2024-09-16 15:03:10.182000,416.1609778383428,100
2024-09-16 15:03:10.201000,416.1658184381535,995
2024-09-16 15:03:10.229000,416.1500386264755,15
2024-09-16 15:03:10.249000,416.17096714852,9
2024-09-16 15:03:10.269000,416.17050751535385,13
2024-09-16 15:03:10.275000,416.1372938025037,1000
2024-09-16 15:03:10.332000,416.14353614082006,13
2024-09-16 15:03:10.360000,416.1242281334861,1001
2024-09-16 15:03:10.364000,416.1364038675023,104
2024-09-16 15:03:10.369000,416.1296906979729,997
2024-09-16 15:03:10.398000,416.1221112689889,15
2024-09-16 15:03:10.462000,416.16946872228647,95
2024-09-16 15:03:10.548000,416.1378758926529,11
2024-09-16 15:03:10.628000,416.16413518395177,99
2024-09-16 15:03:10.905000,416.1184882052635,7
2024-09-16 15:03:11.221000,416.1773943066217,104
2024-09-16 15:03:11.473000,416.1773930407243,1003
2024-09-16 15:03:11.477000,416.2028272020139,1001
2024-09-16 15:03:11.585000,416.1687962559666,97
2024-09-16 15:03:11.700000,416.1811352858792,105
2024-09-16 15:03:11.738000,416.1905079811706,1002
2024-09-16 15:03:11.797000,416.1928210292904,5
2024-09-16 15:03:11.916000,416.2115293406421,1004
2024-09-16 15:03:12.053000,416.1496242356272,99
2024-09-16 15:03:12.058000,416.1006973340805,996
2024-09-16 15:03:12.255000,416.1573871333215,999
2024-09-16 15:03:12.304000,416.1210996480965,9
2024-09-16 15:03:12.376000,416.1539302874498,13
2024-09-16 15:03:12.620000,416.1307991587149,1001
2024-09-16 15:03:12.662000,416.1563966697188,9
2024-09-16 15:03:12.740000,416.1403368320039,1001
2024-09-16 15:03:12.782000,416.1510550885872,1002
2024-09-16 15:03:12.791000,416.1267701788327,6
2024-09-16 15:03:12.828000,416.117933949204,1003
2024-09-16 15:03:12.871000,416.0852914690706,995
2024-09-16 15:03:12.874000,416.1728371847106,9
2024-09-16 15:03:12.877000,416.1864423539623,96
2024-09-16 15:03:12.934000,416.1872946350273,1005
2024-09-16 15:03:12.937000,416.1279447460676,996
2024-09-16 15:03:13.021000,416.0695864099737,998
2024-09-16 15:03:13.029000,416.0991146166177,12
2024-09-16 15:03:13.075000,416.1226835089168,5
2024-09-16 15:03:13.088000,416.14043236581705,1002
2024-09-16 15:03:13.140000,416.0853471758795,104
2024-09-16 15:03:13.215000,416.1339359758285,103
2024-09-16 15:03:13.254000,416.1361191364408,15
2024-09-16 15:03:13.307000,416.1242645107892,5
2024-09-16 15:03:13.309000,416.1314409644869,12
2024-09-16 15:03:13.553000,416.1294483548317,97
2024-09-16 15:03:13.567000,416.129019212052,99
2024-09-16 15:03:13.654000,416.0698411884059,13
2024-09-16 15:03:13.725000,416.0933183699146,9
2024-09-16 15:03:13.781000,416.0902037848519,96
2024-09-16 15:03:13.809000,416.1280067243672,102
2024-09-16 15:03:13.818000,416.08692708871104,99
2024-09-16 15:03:13.829000,416.0824400302074,1004
2024-09-16 15:03:13.866000,416.09613565379175,95
2024-09-16 15:03:13.899000,416.08590836926174,95
2024-09-16 15:03:13.955000,416.1121557641155,998
2024-09-16 15:03:14.159000,416.1200784138237,15
2024-09-16 15:03:14.258000,416.1203563880741,997
2024-09-16 15:03:14.338000,416.1468015938353,6
2024-09-16 15:03:14.366000,416.12189600783967,14
2024-09-16 15:03:14.486000,416.13223340986485,100
2024-09-16 15:03:14.527000,416.113692480456,13
2024-09-16 15:03:14.584000,416.1486290504045,100
2024-09-16 15:03:14.775000,416.1212401011986,1003
2024-09-16 15:03:14.795000,416.1063085494839,12
2024-09-16 15:03:14.840000,416.1452833417211,8
2024-09-16 15:03:14.880000,416.1094130587078,105
2024-09-16 15:03:14.946000,416.1572496684437,101
2024-09-16 15:03:14.981000,416.1538966347798,98
2024-09-16 15:03:14.994000,416.15540861748383,105
2024-09-16 15:03:14.999000,416.1331646534739,9
2024-09-16 15:03:15.051000,416.16166680994655,96
2024-09-16 15:03:15.137000,416.1448333113959,11
2024-09-16 15:03:15.217000,416.1739560381984,7
2024-09-16 15:03:15.280000,416.14696907291534,102
2024-09-16 15:03:15.365000,416.1359733774744,6
2024-09-16 15:03:15.402000,416.1772470731892,5
2024-09-16 15:03:15.426000,416.1431697375726,104
2024-09-16 15:03:15.461000,416.1377646290577,8
2024-09-16 15:03:15.577000,416.1600534492508,11
2024-09-16 15:03:15.653000,416.1439110283922,8
2024-09-16 15:03:15.660000,416.1934600826549,105
2024-09-16 15:03:15.673000,416.1460283453925,1000
2024-09-16 15:03:15.683000,416.19624447448336,99
2024-09-16 15:03:15.707000,416.1482160050927,998
2024-09-16 15:03:15.929000,416.12832926969713,15
2024-09-16 15:03:16.009000,416.2175409873809,1000
2024-09-16 15:03:16.076000,416.2194030460824,995
2024-09-16 15:03:16.107000,416.22378689987215,10
2024-09-16 15:03:16.130000,416.21778482618953,1005
2024-09-16 15:03:16.243000,416.2195684152735,1001
2024-09-16 15:03:16.250000,416.2300720439872,995
2024-09-16 15:03:16.277000,416.18956459545103,12
2024-09-16 15:03:16.285000,416.22921720973295,105
2024-09-16 15:03:16.340000,416.2390582742429,7
2024-09-16 15:03:16.365000,416.2311922601646,98
2024-09-16 15:03:16.384000,416.234939856425,997
2024-09-16 15:03:16.514000,416.2453491840634,9
2024-09-16 15:03:16.585000,416.222293427672,11
2024-09-16 15:03:16.627000,416.2054205267989,996
2024-09-16 15:03:16.640000,416.2179519588021,997
2024-09-16 15:03:16.644000,416.2295986926541,1003
2024-09-16 15:03:16.732000,416.2307216310943,6
2024-09-16 15:03:16.877000,416.2273126309835,5
2024-09-16 15:03:16.974000,416.2286735057351,101
2024-09-16 15:03:17.214000,416.2788936610224,997
2024-09-16 15:03:17.228000,416.220376161266,100
2024-09-16 15:03:17.280000,416.2989528926175,101
2024-09-16 15:03:17.336000,416.2453401209824,6
2024-09-16 15:03:17.377000,416.2921235417192,102
2024-09-16 15:03:17.377000,416.3096435034919,105
2024-09-16 15:03:17.482000,416.3478732681925,100
2024-09-16 15:03:17.571000,416.308990977197,13
2024-09-16 15:03:17.607000,416.25785065545625,10
2024-09-16 15:03:17.640000,416.318050027633,1004
2024-09-16 15:03:17.662000,416.3267546744905,105
2024-09-16 15:03:17.701000,416.3686947906164,10
2024-09-16 15:03:17.804000,416.318434989691,104
2024-09-16 15:03:17.843000,416.3449963390973,9
2024-09-16 15:03:17.848000,416.2918189635769,1001
2024-09-16 15:03:17.861000,416.2396713390445,98
2024-09-16 15:03:17.867000,416.32313739665767,1000
2024-09-16 15:03:17.872000,416.3276053648948,13
2024-09-16 15:03:17.892000,416.3450690323923,1003
2024-09-16 15:03:17.916000,416.30747986483874,98
2024-09-16 15:03:17.981000,416.2345501996802,999
2024-09-16 15:03:17.994000,416.3358634068651,1002
2024-09-16 15:03:18.022000,416.29632689528273,97
2024-09-16 15:03:18.096000,416.24630149344654,1005
2024-09-16 15:03:18.763000,416.2910959857581,997
2024-09-16 15:03:18.780000,416.2735727780356,1003
2024-09-16 15:03:18.855000,416.3059639179012,995
2024-09-16 15:03:18.943000,416.28203279439794,7
2024-09-16 15:03:19.051000,416.26343770126135,5
2024-09-16 15:03:19.149000,416.2702343187928,103
2024-09-16 15:03:19.280000,416.3350323378468,6
2024-09-16 15:03:19.316000,416.3342670363708,11
2024-09-16 15:03:19.418000,416.3371916798045,1000
2024-09-16 15:03:19.545000,416.3039526858777,14
2024-09-16 15:03:19.803000,416.3450385122164,1003
2024-09-16 15:03:19.865000,416.2818646913693,996
2024-09-16 15:03:19.871000,416.3198330749602,996
2024-09-16 15:03:19.971000,416.381928800431,1002
2024-09-16 15:03:20.021000,416.3581985846308,15
2024-09-16 15:03:20.149000,416.37294542296087,1002
2024-09-16 15:03:20.184000,416.31455377879047,11
2024-09-16 15:03:20.211000,416.3402748125144,14
2024-09-16 15:03:20.240000,416.3491229604113,998
2024-09-16 15:03:20.259000,416.3234518570817,999
2024-09-16 15:03:20.303000,416.3236802120829,9
2024-09-16 15:03:20.361000,416.3498156233972,97
2024-09-16 15:03:20.410000,416.34585995161007,7
2024-09-16 15:03:20.450000,416.351350406715,999
2024-09-16 15:03:20.471000,416.3575633369862,97
2024-09-16 15:03:20.565000,416.33980726588845,1001
2024-09-16 15:03:20.669000,416.36355988587377,996
2024-09-16 15:03:20.672000,416.34295211695166,12
2024-09-16 15:03:20.694000,416.33955421675546,9
2024-09-16 15:03:20.698000,416.3494881426162,1003
2024-09-16 15:03:20.744000,416.3218634026833,5
2024-09-16 15:03:20.814000,416.3822072794964,105
2024-09-16 15:03:20.857000,416.3065131829139,15
2024-09-16 15:03:20.876000,416.3393426589605,104
2024-09-16 15:03:20.964000,416.3404890381901,1004
2024-09-16 15:03:20.972000,416.34770665216513,7
2024-09-16 15:03:20.997000,416.3712790283362,7
2024-09-16 15:03:21.784000,416.3479896341185,101
2024-09-16 15:03:22.159000,416.3243973979135,998
2024-09-16 15:03:22.342000,416.320083865446,102
2024-09-16 15:03:22.414000,416.2971536513289,98
2024-09-16 15:03:22.444000,416.3047640395988,14
2024-09-16 15:03:22.490000,416.3097176063771,999
2024-09-16 15:03:22.863000,416.3151426641113,996
2024-09-16 15:03:22.987000,416.3257251987076,1001
2024-09-16 15:03:23.106000,416.3131505131499,6
2024-09-16 15:03:23.121000,416.311822082663,5
2024-09-16 15:03:23.209000,416.28451826167225,998
2024-09-16 15:03:23.210000,416.3131188539493,998
2024-09-16 15:03:23.296000,416.30936459356354,1004
2024-09-16 15:03:23.401000,416.3175707002636,6
2024-09-16 15:03:23.456000,416.2882897743484,13
2024-09-16 15:03:23.671000,416.31754554368206,1000
2024-09-16 15:03:23.733000,416.3139282493835,5
2024-09-16 15:03:23.753000,416.2897058181056,997
2024-09-16 15:03:23.855000,416.27590838335374,101
2024-09-16 15:03:24.038000,416.3416125513608,13
2024-09-16 15:03:24.080000,416.3676719843807,10
2024-09-16 15:03:24.087000,416.3345160924061,105
2024-09-16 15:03:24.148000,416.2945322248349,13
2024-09-16 15:03:24.166000,416.3588130362132,997
2024-09-16 15:03:24.166000,416.38003115308703,6
2024-09-16 15:03:24.302000,416.37365985309566,104
2024-09-16 15:03:24.325000,416.3435735358146,7
2024-09-16 15:03:24.343000,416.2948455380299,1003
2024-09-16 15:03:24.353000,416.3404477257652,12
2024-09-16 15:03:24.394000,416.3585120585125,1001
2024-09-16 15:03:24.395000,416.31160365363473,104
2024-09-16 15:03:24.574000,416.3522401260665,95
2024-09-16 15:03:24.691000,416.370531075944,1002
2024-09-16 15:03:24.701000,416.3659506191599,102
2024-09-16 15:03:24.709000,416.3623633378612,11
2024-09-16 15:03:24.745000,416.3486627126911,99
2024-09-16 15:03:24.773000,416.32502260786265,15
2024-09-16 15:03:24.842000,416.347871264898,102
2024-09-16 15:03:24.994000,416.3560838530984,999
2024-09-16 15:03:25.002000,416.484238454246,6
2024-09-16 15:03:25.051000,416.5230741361991,14
2024-09-16 15:03:25.124000,416.4475664167945,1004
2024-09-16 15:03:25.167000,416.43717780423583,98
2024-09-16 15:03:25.187000,416.4679598034817,99
2024-09-16 15:03:25.226000,418.7883508635688,996
2024-09-16 15:03:25.231000,416.51834863802,12
2024-09-16 15:03:25.284000,416.45025447131377,9
2024-09-16 15:03:25.291000,416.520191450642,7
2024-09-16 15:03:25.344000,416.4868158391599,10
2024-09-16 15:03:25.403000,416.5082313082343,13
2024-09-16 15:03:25.431000,416.5084497063144,9
2024-09-16 15:03:25.460000,416.5115926912659,101
2024-09-16 15:03:25.463000,416.4448225985477,103
2024-09-16 15:03:25.471000,416.5144372348764,11
2024-09-16 15:03:25.488000,416.4386674842677,11
2024-09-16 15:03:25.555000,416.506393647423,14
2024-09-16 15:03:25.570000,416.433901837331,10
2024-09-16 15:03:25.607000,416.4561386670522,997
2024-09-16 15:03:25.608000,416.4961260871944,100
2024-09-16 15:03:25.608000,416.36429210759394,14
2024-09-16 15:03:25.628000,416.4673303475194,100
2024-09-16 15:03:25.734000,416.3748857638226,8
2024-09-16 15:03:25.736000,416.51145005002616,1005
2024-09-16 15:03:25.745000,416.4003245145477,6
2024-09-16 15:03:25.790000,416.4758179767506,11
2024-09-16 15:03:25.812000,416.402768286472,6
2024-09-16 15:03:25.848000,416.4242643515095,8
2024-09-16 15:03:25.848000,416.4250482729106,999
2024-09-16 15:03:25.856000,416.3734183907981,104
2024-09-16 15:03:25.989000,416.4261808704478,9
2024-09-16 15:03:27.068000,416.4590821436386,97
2024-09-16 15:03:27.083000,416.4960300528587,1001
2024-09-16 15:03:27.107000,416.5316158284443,98
2024-09-16 15:03:27.110000,416.4661250522215,997
2024-09-16 15:03:27.195000,416.53571086917566,96
2024-09-16 15:03:27.238000,416.53367997621774,10
2024-09-16 15:03:27.238000,416.4738847721502,102
2024-09-16 15:03:27.273000,416.4495524555418,1002
2024-09-16 15:03:27.283000,416.534419694498,9
2024-09-16 15:03:27.301000,418.9674089156127,1000
2024-09-16 15:03:27.316000,416.4726369697231,1004
2024-09-16 15:03:27.374000,416.4633513248828,1000
2024-09-16 15:03:27.374000,416.5276605418939,14
2024-09-16 15:03:27.432000,416.5193211532948,101
2024-09-16 15:03:27.468000,416.5378865265016,96
2024-09-16 15:03:27.512000,416.4550929269372,96
2024-09-16 15:03:27.590000,416.5119058981693,1001
2024-09-16 15:03:27.614000,416.5102200545952,95
2024-09-16 15:03:27.646000,416.5048967865597,1004
2024-09-16 15:03:27.710000,416.5518405618912,14
2024-09-16 15:03:27.791000,416.4891324448933,15
2024-09-16 15:03:27.909000,416.5141268547944,14
2024-09-16 15:03:27.959000,416.4780345597476,98
2024-09-16 15:03:28.163000,416.4943117216778,998
2024-09-16 15:03:28.188000,416.4814917819375,105
2024-09-16 15:03:28.529000,416.4657633086753,1005
2024-09-16 15:03:28.535000,416.4840743836773,15
2024-09-16 15:03:28.633000,416.4696145691401,103
2024-09-16 15:03:28.687000,416.49253179637753,102
2024-09-16 15:03:28.732000,416.4653274673999,1002
2024-09-16 15:03:28.768000,416.4672766848446,998
2024-09-16 15:03:28.857000,416.4867774865216,1003
2024-09-16 15:03:28.878000,416.4543664444245,997
2024-09-16 15:03:28.954000,416.4759849686228,99
2024-09-16 15:03:29.006000,416.4989466986417,104
2024-09-16 15:03:29.007000,416.5095935933728,6
2024-09-16 15:03:29.029000,416.5010718807261,15
2024-09-16 15:03:29.036000,416.4849787634713,11
2024-09-16 15:03:29.051000,416.5203607814475,1003
2024-09-16 15:03:29.154000,416.5141423950223,97
2024-09-16 15:03:29.164000,416.49986652339726,995
2024-09-16 15:03:29.206000,416.5032572711907,105
2024-09-16 15:03:29.351000,416.4952348128576,98
2024-09-16 15:03:29.413000,416.5255972287973,13
2024-09-16 15:03:29.526000,416.5099442115307,97
2024-09-16 15:03:29.545000,416.508823563726,96
2024-09-16 15:03:29.586000,416.5177704156262,8
2024-09-16 15:03:29.638000,416.49839437272885,97
2024-09-16 15:03:29.678000,416.48273374122897,7
2024-09-16 15:03:29.681000,416.4980182819364,104
2024-09-16 15:03:29.700000,416.5136795413187,9
2024-09-16 15:03:29.900000,416.53401085601655,8
2024-09-16 15:03:29.925000,416.5126640532086,105
2024-09-16 15:03:29.944000,416.4986847178718,1001
2024-09-16 15:03:29.975000,416.4961730615708,7
2024-09-16 15:03:30.016000,416.5257245843081,997
2024-09-16 15:03:30.112000,416.4796841871493,13
2024-09-16 15:03:30.333000,416.4931228141302,14
2024-09-16 15:03:30.375000,416.5436493399456,999
2024-09-16 15:03:30.426000,416.4747113923241,100
2024-09-16 15:03:30.426000,416.47322374241344,1001
2024-09-16 15:03:30.463000,416.5099072649272,103
2024-09-16 15:03:30.508000,416.5693216687868,998
2024-09-16 15:03:30.561000,416.5361461678429,98
2024-09-16 15:03:30.577000,416.49128675346645,1001
2024-09-16 15:03:30.594000,416.5847329401733,9
2024-09-16 15:03:30.602000,416.5383389980061,100
2024-09-16 15:03:30.676000,416.5110068527559,997
2024-09-16 15:03:30.724000,416.5380815235881,1003
2024-09-16 15:03:30.769000,416.5279913580272,11
2024-09-16 15:03:30.781000,416.5047437472117,1001
2024-09-16 15:03:30.804000,416.5247914266501,1000
2024-09-16 15:03:30.873000,416.49076350112847,6
2024-09-16 15:03:30.996000,416.5683921270255,95
2024-09-16 15:03:31.015000,416.4885575792403,1000
2024-09-16 15:03:31.050000,416.4559732545107,1005
2024-09-16 15:03:31.100000,416.4831732882673,995
2024-09-16 15:03:31.173000,416.4397820450189,13
2024-09-16 15:03:31.239000,416.4734444561841,104
2024-09-16 15:03:31.478000,416.4545733292716,13
2024-09-16 15:03:31.552000,416.4828908197688,998
2024-09-16 15:03:31.607000,418.87455781396784,97
2024-09-16 15:03:31.642000,416.46477718876,103
2024-09-16 15:03:31.708000,416.4681479650179,99
2024-09-16 15:03:31.716000,416.4841247998161,15
2024-09-16 15:03:31.722000,416.4339628808252,5
2024-09-16 15:03:31.753000,416.49634983222,9
2024-09-16 15:03:31.768000,416.453979239237,12
2024-09-16 15:03:31.774000,416.438618802832,1002
2024-09-16 15:03:31.928000,416.4565806145636,102
2024-09-16 15:03:31.983000,416.5059862928776,6
2024-09-16 15:03:32.112000,416.49814725839934,101
2024-09-16 15:03:32.221000,416.5285541711572,105
2024-09-16 15:03:32.228000,416.4782534366984,5
2024-09-16 15:03:32.263000,416.5094410542774,6
2024-09-16 15:03:32.391000,416.5249839863976,101
2024-09-16 15:03:32.401000,416.4670593394272,15
2024-09-16 15:03:32.541000,416.4757236008799,995
2024-09-16 15:03:32.592000,416.4891530740386,9
2024-09-16 15:03:32.726000,416.4685221742867,103
2024-09-16 15:03:32.819000,416.4963365387051,1000
2024-09-16 15:03:32.858000,416.5387319847313,11
2024-09-16 15:03:33.014000,416.58586355377753,7
2024-09-16 15:03:33.047000,416.6045878624779,12
2024-09-16 15:03:33.048000,416.6308608227071,6
2024-09-16 15:03:33.227000,416.5914492001925,10
2024-09-16 15:03:33.429000,416.6173633655224,5
2024-09-16 15:03:33.437000,416.6069369690118,1005
2024-09-16 15:03:33.575000,416.5592171027264,103
2024-09-16 15:03:33.606000,416.6130964922996,15
2024-09-16 15:03:33.767000,416.5540849295687,6
2024-09-16 15:03:33.859000,416.6038053776879,101
2024-09-16 15:03:33.997000,416.5924421504437,997
2024-09-16 15:03:34.009000,416.5878159917939,104
2024-09-16 15:03:34.111000,416.6178109746492,103
2024-09-16 15:03:34.127000,416.6281936419908,103
2024-09-16 15:03:34.168000,416.6037611165855,1000
2024-09-16 15:03:34.277000,416.60979576441935,999
2024-09-16 15:03:34.508000,416.59901015677855,100
2024-09-16 15:03:34.582000,416.6032340771892,95
2024-09-16 15:03:34.707000,416.6082504627428,995
2024-09-16 15:03:34.787000,416.6028608033501,10
2024-09-16 15:03:34.791000,416.6148964760128,96
2024-09-16 15:03:34.811000,416.6347431035584,102
2024-09-16 15:03:34.870000,416.64395138461737,7
2024-09-16 15:03:34.966000,416.62597880590994,996
2024-09-16 15:03:34.967000,416.6067815767799,12
2024-09-16 15:03:35.088000,416.59218566021633,1004
2024-09-16 15:03:35.165000,416.6274821804357,100
2024-09-16 15:03:35.235000,416.5677735268516,104
2024-09-16 15:03:35.357000,416.5881709054924,103
2024-09-16 15:03:35.357000,416.6010713507451,5
2024-09-16 15:03:35.470000,416.5827244204768,6
2024-09-16 15:03:35.550000,416.57189646330494,98
2024-09-16 15:03:35.560000,416.6094738419136,997
2024-09-16 15:03:35.596000,416.5949913428781,15
2024-09-16 15:03:35.650000,416.5344709375986,15
2024-09-16 15:03:35.761000,416.5701492534811,12
2024-09-16 15:03:35.790000,416.5926560523319,103
2024-09-16 15:03:35.811000,416.6100292428256,10
2024-09-16 15:03:35.836000,416.6102731005862,101
2024-09-16 15:03:35.870000,416.6200608299725,1001
2024-09-16 15:03:35.989000,416.5855405850584,101
2024-09-16 15:03:36.327000,416.5330972543999,95
2024-09-16 15:03:36.403000,416.5329089251729,15
2024-09-16 15:03:36.664000,416.5306128431157,10
2024-09-16 15:03:36.770000,416.5510234235534,95
2024-09-16 15:03:36.898000,416.5361735088391,105
2024-09-16 15:03:37.070000,416.5396425801291,999
2024-09-16 15:03:37.088000,416.4715853010071,103
2024-09-16 15:03:37.124000,416.4660367084118,14
2024-09-16 15:03:37.179000,416.4849069705484,6
2024-09-16 15:03:37.196000,416.47441431622354,12
2024-09-16 15:03:37.221000,416.4602323311931,12
2024-09-16 15:03:37.386000,416.4735618662982,9
2024-09-16 15:03:37.398000,416.4685876796858,105
2024-09-16 15:03:37.442000,416.47951062405554,8
2024-09-16 15:03:37.444000,416.47246117824136,105
2024-09-16 15:03:37.484000,416.4609464867048,95
2024-09-16 15:03:37.504000,416.4726766769164,13
2024-09-16 15:03:37.512000,416.4568747311598,95
2024-09-16 15:03:37.541000,416.4511266080053,995
2024-09-16 15:03:37.566000,416.5034661898397,995
2024-09-16 15:03:37.597000,416.47544849394,998
2024-09-16 15:03:37.616000,416.4640117903492,102
2024-09-16 15:03:37.644000,416.4762911052519,999
2024-09-16 15:03:37.651000,416.4921410960969,1004
2024-09-16 15:03:37.786000,416.5146307460477,999
2024-09-16 15:03:37.852000,416.4985496793609,995
2024-09-16 15:03:37.885000,416.4484848232089,1001
2024-09-16 15:03:37.923000,416.4514982962248,996
2024-09-16 15:03:37.962000,416.5044575468657,100
2024-09-16 15:03:37.964000,416.5421831099255,103
2024-09-16 15:03:38.028000,416.5495488906931,995
2024-09-16 15:03:38.171000,416.5291750987931,999
2024-09-16 15:03:38.187000,416.523582577019,102
2024-09-16 15:03:38.280000,416.5366218157311,1003
2024-09-16 15:03:38.307000,416.53701821741953,98
2024-09-16 15:03:38.349000,416.5108443634731,1002
2024-09-16 15:03:38.349000,416.5051440334618,1000
2024-09-16 15:03:38.359000,416.52481890345865,104
2024-09-16 15:03:38.360000,416.5536783668242,95
2024-09-16 15:03:38.465000,416.53535351468224,12
2024-09-16 15:03:38.482000,416.5109879645352,6
2024-09-16 15:03:38.500000,416.5008441653948,5
2024-09-16 15:03:38.531000,416.52227405882337,12
2024-09-16 15:03:38.692000,416.5233571178881,13
2024-09-16 15:03:38.708000,416.53831917222766,8
2024-09-16 15:03:38.710000,416.5435971537706,98
2024-09-16 15:03:38.732000,416.5146940464607,100
2024-09-16 15:03:38.739000,416.52028220066944,11
2024-09-16 15:03:38.745000,416.5297190459304,999
2024-09-16 15:03:38.768000,416.5322141982167,1000
2024-09-16 15:03:38.779000,416.5120620992272,997
2024-09-16 15:03:38.784000,416.5258747764666,96
2024-09-16 15:03:38.963000,416.5211333837207,8
2024-09-16 15:03:38.992000,416.526515754688,995
2024-09-16 15:03:38.999000,416.5265100489543,96
2024-09-16 15:03:39.056000,416.527304721547,97
2024-09-16 15:03:39.192000,416.4964433421927,996
2024-09-16 15:03:39.505000,416.5151261621242,104
2024-09-16 15:03:39.641000,416.51783353895934,100
2024-09-16 15:03:39.735000,416.54404571933645,103
2024-09-16 15:03:40.019000,416.53446157639735,12
2024-09-16 15:03:40.047000,416.5507510369102,103
2024-09-16 15:03:40.097000,416.5455128412401,98
2024-09-16 15:03:40.111000,416.5547359377676,1004
2024-09-16 15:03:40.155000,416.5653269593252,1004
2024-09-16 15:03:40.156000,416.5456706487647,12
2024-09-16 15:03:40.192000,416.559512104476,102
2024-09-16 15:03:40.203000,416.5644191181486,96
2024-09-16 15:03:40.211000,416.5439285253537,1000
2024-09-16 15:03:40.249000,416.5564677247812,10
2024-09-16 15:03:40.284000,416.5321175526864,10
2024-09-16 15:03:40.311000,416.5638053778689,12
2024-09-16 15:03:40.394000,416.5592744260276,14
2024-09-16 15:03:40.521000,416.5455523144064,95
2024-09-16 15:03:40.548000,416.5582775710368,101
2024-09-16 15:03:40.574000,416.5555412733796,998
2024-09-16 15:03:40.579000,416.572546319129,1004
2024-09-16 15:03:40.624000,416.5672025387404,98
2024-09-16 15:03:40.632000,416.5722879550089,1001
2024-09-16 15:03:40.691000,416.550092343737,5
2024-09-16 15:03:40.805000,416.56478915103816,1003
2024-09-16 15:03:40.812000,416.5712508062418,100
2024-09-16 15:03:40.873000,416.5297062232769,101
2024-09-16 15:03:40.984000,416.5571359568693,95
2024-09-16 15:03:40.990000,416.5577344671327,7
2024-09-16 15:03:41.010000,416.5335686503897,97
2024-09-16 15:03:41.081000,416.559555157436,96
2024-09-16 15:03:41.186000,416.5484463641274,1004
2024-09-16 15:03:41.192000,416.5998374679389,999
2024-09-16 15:03:41.214000,416.55865025694726,100
2024-09-16 15:03:41.270000,416.5207186770492,95
2024-09-16 15:03:41.290000,416.563532545882,96
2024-09-16 15:03:41.291000,416.5549112677288,103
2024-09-16 15:03:41.337000,416.5548898449245,103
2024-09-16 15:03:41.390000,416.5523108835381,10
2024-09-16 15:03:41.485000,416.5509136402773,13
2024-09-16 15:03:41.547000,416.529872336609,102
2024-09-16 15:03:41.570000,416.5507047327874,98
2024-09-16 15:03:41.668000,416.5505015224799,95
2024-09-16 15:03:41.686000,416.5823698864143,999
2024-09-16 15:03:41.711000,416.5277439085966,6
2024-09-16 15:03:41.716000,416.5965526356306,999
2024-09-16 15:03:41.763000,416.5690240333966,103
2024-09-16 15:03:41.776000,416.5538314144853,95
2024-09-16 15:03:41.836000,416.54998610599887,996
2024-09-16 15:03:41.879000,416.576209037687,10
2024-09-16 15:03:41.905000,416.55091269497296,103
2024-09-16 15:03:41.920000,416.5684720190488,998
2024-09-16 15:03:41.937000,416.562224722182,1000
2024-09-16 15:03:41.987000,416.53679581869375,8
2024-09-16 15:03:43.014000,419.1338786046992,103
2024-09-16 15:03:43.025000,416.5529887684556,996
2024-09-16 15:03:43.039000,416.5265800452729,995
2024-09-16 15:03:43.080000,416.54659699344427,1000
2024-09-16 15:03:43.155000,416.57334926581245,99
2024-09-16 15:03:43.317000,416.5348942636589,105
2024-09-16 15:03:43.318000,416.5008071864978,13
2024-09-16 15:03:43.330000,416.554119207811,100
2024-09-16 15:03:43.333000,416.576200513263,6
2024-09-16 15:03:43.343000,416.5456163675844,98
2024-09-16 15:03:43.372000,416.53247027847976,13
2024-09-16 15:03:43.390000,416.5467923577655,5
2024-09-16 15:03:43.429000,416.5096344426533,101
2024-09-16 15:03:43.458000,416.52815081651954,9
2024-09-16 15:03:43.505000,416.5308727774501,8
2024-09-16 15:03:43.535000,416.49530013102833,102
2024-09-16 15:03:43.590000,416.5339599276684,8
2024-09-16 15:03:43.591000,416.5373514783536,97
2024-09-16 15:03:43.612000,416.5454105776499,1000
2024-09-16 15:03:43.736000,416.5503354353749,103
2024-09-16 15:03:43.801000,416.573844829039,95
2024-09-16 15:03:43.806000,416.4835137953243,95
2024-09-16 15:03:43.879000,416.5190564422365,998
2024-09-16 15:03:43.982000,416.4985061944044,998
2024-09-16 15:03:43.984000,416.54891301237177,10
2024-09-16 15:03:44.096000,416.4638702696358,104
2024-09-16 15:03:44.250000,416.4692762017846,100
2024-09-16 15:03:44.416000,416.46491488553113,15
2024-09-16 15:03:44.424000,416.4649053649816,97
2024-09-16 15:03:44.526000,416.46032659451646,13
2024-09-16 15:03:44.618000,416.4767444983197,98
2024-09-16 15:03:44.619000,416.4779569731653,99
2024-09-16 15:03:44.663000,416.47501113847306,1001
2024-09-16 15:03:44.677000,416.480809710476,105
2024-09-16 15:03:44.706000,416.4855665245194,9
2024-09-16 15:03:44.837000,416.49008829618094,95
2024-09-16 15:03:44.885000,416.4730911764856,99
2024-09-16 15:03:44.964000,416.4951093924783,997
2024-09-16 15:03:44.994000,416.4645627376887,15
2024-09-16 15:03:45.062000,416.4118425398533,10
2024-09-16 15:03:45.076000,416.4353623461663,5
2024-09-16 15:03:45.078000,416.4799222413543,95
2024-09-16 15:03:45.094000,416.4511394694413,1002
2024-09-16 15:03:45.111000,416.4001665920678,999
2024-09-16 15:03:45.113000,416.41950593465054,104
2024-09-16 15:03:45.159000,416.45175075809897,103
2024-09-16 15:03:45.162000,416.4197723975445,999
2024-09-16 15:03:45.216000,416.4553445240879,996
2024-09-16 15:03:45.306000,416.41077874391726,997
2024-09-16 15:03:45.317000,416.4040775411854,104
2024-09-16 15:03:45.530000,416.4678818389736,8
2024-09-16 15:03:45.572000,416.4168266847639,6
2024-09-16 15:03:45.626000,416.4162711176406,7
2024-09-16 15:03:45.661000,419.1349330935186,9
2024-09-16 15:03:45.704000,416.41503987782914,102
2024-09-16 15:03:45.714000,416.4009292205201,99
2024-09-16 15:03:45.727000,416.4836632308657,6
2024-09-16 15:03:45.765000,416.4315360772679,99
2024-09-16 15:03:45.876000,416.40422363519207,100
2024-09-16 15:03:46.055000,416.4781527143823,99
2024-09-16 15:03:46.073000,416.453015302788,1002
2024-09-16 15:03:46.112000,416.4661297661458,1005
2024-09-16 15:03:46.225000,416.436690706052,8
2024-09-16 15:03:46.299000,416.4293704405181,1003
2024-09-16 15:03:46.310000,416.453463111683,100
2024-09-16 15:03:46.429000,416.45608819870847,1005
2024-09-16 15:03:46.494000,416.42920752551385,12
2024-09-16 15:03:46.512000,416.457110296537,998
2024-09-16 15:03:46.552000,416.4436758993508,101
2024-09-16 15:03:46.583000,416.4485253007088,998
2024-09-16 15:03:46.626000,416.45547770367006,11
2024-09-16 15:03:46.634000,416.43921940515406,997
2024-09-16 15:03:46.679000,416.4412404694775,99
2024-09-16 15:03:46.724000,416.427195737855,995
2024-09-16 15:03:46.785000,416.4603716931442,99
2024-09-16 15:03:46.867000,416.4550206093661,105
2024-09-16 15:03:46.930000,416.473616303242,103
2024-09-16 15:03:46.965000,416.4275108566897,11
2024-09-16 15:03:47.012000,416.4581975784277,8
2024-09-16 15:03:47.165000,416.4650016701457,995
2024-09-16 15:03:47.209000,416.4355569798651,97
2024-09-16 15:03:47.367000,416.4633507556649,101
2024-09-16 15:03:47.374000,416.45905298620943,5
2024-09-16 15:03:47.441000,416.45618183071286,6
2024-09-16 15:03:47.443000,416.4731623941107,95
2024-09-16 15:03:47.468000,416.4596296622512,5
2024-09-16 15:03:47.533000,416.42093982674777,12
2024-09-16 15:03:47.539000,416.459158423817,100
2024-09-16 15:03:47.606000,416.4667958573711,7
2024-09-16 15:03:47.660000,416.4559367756348,7
2024-09-16 15:03:47.720000,416.43738038927904,11
2024-09-16 15:03:47.763000,416.4537055107794,105
2024-09-16 15:03:47.786000,416.4234946059127,102
2024-09-16 15:03:47.883000,416.4608044776637,8
2024-09-16 15:03:47.925000,416.4548141027024,5
2024-09-16 15:03:48.001000,416.4789753960337,101
2024-09-16 15:03:48.024000,416.4610951422511,104
2024-09-16 15:03:48.065000,416.4692831379504,1003
2024-09-16 15:03:48.153000,416.4606421486524,1005
2024-09-16 15:03:48.166000,416.4397650868788,11
2024-09-16 15:03:48.191000,416.4657021081498,11
2024-09-16 15:03:48.204000,416.4794227055173,997
2024-09-16 15:03:48.223000,416.44508896346673,101
2024-09-16 15:03:48.226000,416.4499022521977,998
2024-09-16 15:03:48.285000,416.4866926649726,14
2024-09-16 15:03:48.338000,416.4700678274839,98
2024-09-16 15:03:48.401000,416.4742956246508,5
2024-09-16 15:03:48.407000,416.4523719340156,1001
2024-09-16 15:03:48.421000,416.4778985469696,996
2024-09-16 15:03:48.444000,416.4399665647022,15
2024-09-16 15:03:48.444000,416.4508311022129,10
2024-09-16 15:03:48.454000,416.4611150317471,15
2024-09-16 15:03:48.464000,416.4803646100913,999
2024-09-16 15:03:48.465000,416.4667433525645,10
2024-09-16 15:03:48.482000,416.45440746794486,1002
2024-09-16 15:03:48.521000,416.46010965729823,104
2024-09-16 15:03:48.625000,416.4768985815394,1001
2024-09-16 15:03:48.676000,416.5017794196381,95
2024-09-16 15:03:48.757000,416.4457056090091,14
2024-09-16 15:03:48.768000,416.44153111900937,96
2024-09-16 15:03:48.855000,416.4722563868395,98
2024-09-16 15:03:48.963000,416.4542934436521,96
2024-09-16 15:03:48.969000,416.4344392775031,14
2024-09-16 15:03:48.986000,416.4644721602569,1003
2024-09-16 15:03:49.063000,416.4912385899889,105
2024-09-16 15:03:49.072000,416.53549827697583,15
2024-09-16 15:03:49.090000,416.4755033938979,1004
2024-09-16 15:03:49.103000,416.4665303456383,1000
2024-09-16 15:03:49.141000,416.5325722348375,8
2024-09-16 15:03:49.188000,416.5264052579437,1002
2024-09-16 15:03:49.194000,416.4857350170914,1003
2024-09-16 15:03:49.223000,416.5216936736875,7
2024-09-16 15:03:49.249000,416.489986975782,96
2024-09-16 15:03:49.302000,416.4571278546812,100
2024-09-16 15:03:49.358000,416.4919206874808,8
2024-09-16 15:03:49.449000,416.45852213725954,9
2024-09-16 15:03:49.451000,416.4951543195904,998
2024-09-16 15:03:49.495000,416.46781782528114,996
2024-09-16 15:03:49.530000,416.48793875440487,995
2024-09-16 15:03:49.559000,416.4989899115728,7
2024-09-16 15:03:49.624000,416.49332598377873,6
2024-09-16 15:03:49.661000,416.4923431382695,13
2024-09-16 15:03:49.741000,416.4951636504309,996
2024-09-16 15:03:49.750000,416.538984262348,999
2024-09-16 15:03:49.754000,416.4683502898965,997
2024-09-16 15:03:49.761000,416.4587770413288,998
2024-09-16 15:03:49.857000,416.5215305087752,1002
2024-09-16 15:03:49.891000,416.5043643188141,5
2024-09-16 15:03:49.891000,416.5106217910552,7
2024-09-16 15:03:49.918000,416.472376138303,14
2024-09-16 15:03:50.058000,416.4117795483372,1001
2024-09-16 15:03:50.064000,416.4355537428139,95
2024-09-16 15:03:50.147000,416.41450208158267,1004
2024-09-16 15:03:50.148000,416.4329793198376,6
2024-09-16 15:03:50.222000,416.4126935268857,999
2024-09-16 15:03:50.275000,416.42662569908254,996
2024-09-16 15:03:50.326000,416.4094579009658,99
2024-09-16 15:03:50.397000,416.4946438494155,103
2024-09-16 15:03:50.407000,416.443731467047,6
2024-09-16 15:03:50.475000,416.3988030534719,102
2024-09-16 15:03:50.526000,416.3960863059406,1005
2024-09-16 15:03:50.542000,416.3913356806752,97
2024-09-16 15:03:50.619000,416.4032390544978,5
2024-09-16 15:03:50.633000,416.4080335733141,1002
2024-09-16 15:03:50.673000,416.40593191217454,9
2024-09-16 15:03:50.735000,416.4340479786688,996
2024-09-16 15:03:50.744000,416.41961538606864,6
2024-09-16 15:03:50.746000,416.4395510143466,1004
2024-09-16 15:03:50.754000,416.3837342146254,99
2024-09-16 15:03:50.807000,416.40754937563054,12
2024-09-16 15:03:50.873000,416.4021835864551,95
2024-09-16 15:03:50.915000,416.4040639004682,104
2024-09-16 15:03:50.938000,416.3920534729372,15
2024-09-16 15:03:50.965000,416.45969456430686,105
2024-09-16 15:03:50.991000,416.4027412274188,997
2024-09-16 15:03:51.128000,416.3959639174319,995
2024-09-16 15:03:51.147000,416.39100686724527,14
2024-09-16 15:03:51.219000,416.39263127503176,11
2024-09-16 15:03:51.299000,416.3849299997645,102
2024-09-16 15:03:51.307000,416.3817193359473,9
2024-09-16 15:03:51.455000,416.4008053472748,7
2024-09-16 15:03:51.603000,416.4104936765859,11
2024-09-16 15:03:51.701000,416.4166327008206,996
2024-09-16 15:03:51.827000,416.40653803003966,103
2024-09-16 15:03:51.867000,416.3785293411087,9
2024-09-16 15:03:51.947000,416.3797332496284,998
2024-09-16 15:03:52.028000,416.4758257145921,102
2024-09-16 15:03:52.211000,416.460372787698,9
2024-09-16 15:03:52.217000,416.451308143103,102
2024-09-16 15:03:52.267000,416.4417137141597,97
2024-09-16 15:03:52.281000,416.4192612428148,1004
2024-09-16 15:03:52.338000,416.412126826174,1003
2024-09-16 15:03:52.397000,416.4542663005653,1000
2024-09-16 15:03:52.399000,416.4267579738592,1000
2024-09-16 15:03:52.421000,416.4285981561552,14
2024-09-16 15:03:52.424000,416.4454040084289,1004
2024-09-16 15:03:52.436000,416.4037108760433,995
2024-09-16 15:03:52.604000,416.4105208480895,98
2024-09-16 15:03:52.624000,416.40387826462296,1002
2024-09-16 15:03:52.644000,416.4213793736745,999
2024-09-16 15:03:52.670000,416.4343301463472,5
2024-09-16 15:03:52.696000,416.4353010646736,10
2024-09-16 15:03:52.731000,416.43426371293896,1004
2024-09-16 15:03:52.848000,416.4507540320624,7
2024-09-16 15:03:52.886000,416.4266702309724,1001
2024-09-16 15:03:52.955000,416.4089216888193,105
2024-09-16 15:03:52.983000,416.4550352985388,1005
2024-09-16 15:03:52.992000,416.4344029516944,14
2024-09-16 15:03:53.005000,416.5002472291827,6
2024-09-16 15:03:53.151000,416.488683914211,1001
2024-09-16 15:03:53.183000,416.50336166231295,97
2024-09-16 15:03:53.209000,416.4970708523209,101
2024-09-16 15:03:53.234000,416.4478516264257,9
2024-09-16 15:03:53.244000,416.4784378143998,9
2024-09-16 15:03:53.266000,416.49160079935393,101
2024-09-16 15:03:53.336000,416.4922063058567,6
2024-09-16 15:03:53.341000,416.4743858576397,999
2024-09-16 15:03:53.358000,416.47496907988,102
2024-09-16 15:03:53.373000,416.4967635380417,14
2024-09-16 15:03:53.388000,416.4816656054141,998
2024-09-16 15:03:53.520000,416.4915820339901,1004
2024-09-16 15:03:53.560000,416.46489153175776,14
2024-09-16 15:03:53.588000,416.4926123828795,103
2024-09-16 15:03:53.642000,416.4954383987976,97
2024-09-16 15:03:53.675000,416.48958764685057,997
2024-09-16 15:03:53.697000,416.48232220397085,99
2024-09-16 15:03:53.706000,416.4648011541866,7
2024-09-16 15:03:53.711000,416.4931628147296,15
2024-09-16 15:03:53.753000,416.50856724727066,1004
2024-09-16 15:03:53.773000,416.4768975558583,1002
2024-09-16 15:03:53.799000,416.49457479647344,1001
2024-09-16 15:03:53.847000,416.4906319058285,11
2024-09-16 15:03:53.851000,416.49196176404047,104
2024-09-16 15:03:53.903000,416.48031837748033,101
2024-09-16 15:03:53.945000,416.50766448455016,105
2024-09-16 15:03:53.964000,416.4992584449796,1001
2024-09-16 15:03:54.293000,416.4922321571141,995
2024-09-16 15:03:55.008000,416.51775789303866,7
2024-09-16 15:03:55.070000,416.5085035111247,998
2024-09-16 15:03:55.092000,416.5065350464987,102
2024-09-16 15:03:55.207000,416.50065780481145,995
2024-09-16 15:03:55.258000,416.4969597282906,995
2024-09-16 15:03:55.309000,416.4753799409961,7
2024-09-16 15:03:55.395000,416.5107041140979,1000
2024-09-16 15:03:55.477000,416.51246917286255,11
2024-09-16 15:03:55.515000,416.5174211473637,1003
2024-09-16 15:03:55.534000,416.4889436523769,995
2024-09-16 15:03:55.611000,416.5105198891429,997
2024-09-16 15:03:55.671000,416.49788360482927,12
2024-09-16 15:03:55.699000,416.5161609501774,101
2024-09-16 15:03:55.701000,416.5216479285626,15
2024-09-16 15:03:55.744000,416.4903735417731,7
2024-09-16 15:03:55.774000,416.50105786625335,997
2024-09-16 15:03:55.898000,416.49822465106496,9
2024-09-16 15:03:55.979000,416.5312014381175,1003
2024-09-16 15:03:56.044000,416.4516172439105,99
2024-09-16 15:03:56.076000,416.4470323361604,14
2024-09-16 15:03:56.097000,416.4582289030711,6
2024-09-16 15:03:56.185000,416.48008310489047,98
2024-09-16 15:03:56.230000,416.4769959914785,1003
2024-09-16 15:03:56.259000,416.4714073367188,8
2024-09-16 15:03:56.595000,416.49258063846906,996
2024-09-16 15:03:56.640000,416.4799509442649,95
2024-09-16 15:03:56.650000,416.4391239970763,1003
2024-09-16 15:03:56.687000,416.46087332415175,97
2024-09-16 15:03:56.705000,416.4857575957264,6
2024-09-16 15:03:56.779000,416.45422439893593,102
2024-09-16 15:03:56.797000,416.4373358291503,98
2024-09-16 15:03:56.874000,416.4187203353166,103
2024-09-16 15:03:57.074000,416.4029514818227,10
2024-09-16 15:03:57.252000,416.4109683259574,5
2024-09-16 15:03:57.450000,416.4004446921989,103
2024-09-16 15:03:57.617000,416.3997463810239,100
2024-09-16 15:03:57.674000,416.3976012169177,1003
2024-09-16 15:03:57.830000,416.4190873323281,996
2024-09-16 15:03:57.905000,416.4115057370438,103
2024-09-16 15:03:57.931000,416.39471910256526,97
2024-09-16 15:03:57.970000,416.40550266000895,104
2024-09-16 15:03:57.977000,416.4139953062325,996
2024-09-16 15:03:57.992000,416.4110598358084,6
2024-09-16 15:03:58.067000,416.353180178378,11
2024-09-16 15:03:58.137000,416.3803604060532,996
2024-09-16 15:03:58.151000,416.32944577005054,1002
2024-09-16 15:03:58.243000,416.32864797904296,998
2024-09-16 15:03:58.311000,416.33704887377417,997
2024-09-16 15:03:58.427000,416.36577556101423,8
2024-09-16 15:03:58.441000,416.3207604497212,5
2024-09-16 15:03:58.738000,416.3730151916533,997
2024-09-16 15:03:58.750000,416.3554193443623,14
2024-09-16 15:03:58.802000,416.3610631301331,7
2024-09-16 15:03:58.805000,416.3749896291277,12
2024-09-16 15:03:58.915000,416.3895605796028,12
2024-09-16 15:03:58.917000,416.3281926780395,13
2024-09-16 15:03:58.972000,416.35637019447535,100
2024-09-16 15:03:59.076000,416.3298495527426,103
2024-09-16 15:03:59.088000,416.3315058140751,95
2024-09-16 15:03:59.241000,416.3381841220093,9
2024-09-16 15:03:59.251000,416.3211633657648,1004
2024-09-16 15:03:59.300000,416.3554688272607,1002
2024-09-16 15:03:59.358000,416.3146295819925,11
2024-09-16 15:03:59.363000,416.3550961912104,102
2024-09-16 15:03:59.363000,416.31861855403474,95
2024-09-16 15:03:59.391000,416.32488198611776,105
2024-09-16 15:03:59.485000,416.2975347101878,15
2024-09-16 15:03:59.621000,416.3461467641979,997
2024-09-16 15:03:59.658000,416.3299150371323,101
2024-09-16 15:03:59.688000,416.3129940748941,100
2024-09-16 15:03:59.697000,416.3648451573064,1004
2024-09-16 15:03:59.710000,416.3270935623327,1000
2024-09-16 15:03:59.751000,416.3373108393023,1005
2024-09-16 15:03:59.758000,416.3227164955584,1001
2024-09-16 15:03:59.804000,416.3429783120449,99
2024-09-16 15:03:59.804000,416.3227041953386,7
2024-09-16 15:03:59.805000,416.3072513439884,95
2024-09-16 15:03:59.834000,416.3295133522309,101
2024-09-16 15:03:59.861000,416.3500988478516,99
2024-09-16 15:03:59.885000,416.348067181222,10
2024-09-16 15:03:59.998000,416.3262160261724,105
