Timestamp,Price,Size
2024-09-17 14:38:00.076000,407.19192054695947,97
2024-09-17 14:38:00.108000,407.151768524668,14
2024-09-17 14:38:00.235000,407.15433123704906,99
2024-09-17 14:38:00.464000,407.2043521855669,101
2024-09-17 14:38:00.555000,407.19532035747926,1001
2024-09-17 14:38:00.596000,407.15790937438345,1004
2024-09-17 14:38:00.800000,407.1566949528254,103
2024-09-17 14:38:00.986000,407.1847631717444,99
2024-09-17 14:38:01.054000,407.15015078291896,1002
2024-09-17 14:38:01.067000,416.7434373084598,13
2024-09-17 14:38:01.209000,407.16504741679705,99
2024-09-17 14:38:01.267000,407.1690215004063,95
2024-09-17 14:38:01.522000,407.1478318928038,97
2024-09-17 14:38:01.546000,407.13903750927926,105
2024-09-17 14:38:01.641000,407.16202931362136,1005
2024-09-17 14:38:01.667000,407.1579027603922,11
2024-09-17 14:38:01.910000,407.1657221358212,98
2024-09-17 14:38:01.917000,407.16576729089,103
2024-09-17 14:38:01.999000,407.13106527403255,7
2024-09-17 14:38:02.259000,407.13222215446575,15
2024-09-17 14:38:02.308000,407.1221445582544,11
2024-09-17 14:38:02.390000,407.1241167874647,12
2024-09-17 14:38:02.406000,407.13009963474985,10
2024-09-17 14:38:02.485000,407.1395307465459,1000
2024-09-17 14:38:02.514000,407.1218657755078,6
2024-09-17 14:38:02.935000,416.7276043208892,5
2024-09-17 14:38:03.020000,407.1713114926712,7
2024-09-17 14:38:03.056000,407.1284265427047,105
2024-09-17 14:38:03.066000,407.133414597074,97
2024-09-17 14:38:03.156000,407.1620298403221,1005
2024-09-17 14:38:03.246000,407.1303549442077,1001
2024-09-17 14:38:03.254000,407.1379846095362,99
2024-09-17 14:38:03.269000,407.1436419553708,1001
2024-09-17 14:38:03.319000,407.1324386708291,999
2024-09-17 14:38:03.384000,407.12684699543365,102
2024-09-17 14:38:03.396000,407.1568506061508,7
2024-09-17 14:38:03.435000,407.13844820916,103
2024-09-17 14:38:03.476000,407.1296087430576,1002
2024-09-17 14:38:03.507000,407.13913377524926,999
2024-09-17 14:38:03.521000,407.1528225787224,5
2024-09-17 14:38:03.553000,407.1479326260694,105
2024-09-17 14:38:03.597000,407.1569479846689,98
2024-09-17 14:38:03.603000,407.1422075504163,105
2024-09-17 14:38:03.648000,407.141902461134,11
2024-09-17 14:38:03.652000,407.1454652836098,7
2024-09-17 14:38:03.687000,407.1535623076961,10
2024-09-17 14:38:03.908000,407.1384453638594,11
2024-09-17 14:38:03.944000,407.1424863734617,97
2024-09-17 14:38:03.996000,407.1449109356809,15
2024-09-17 14:38:04.056000,407.1225742317615,1004
2024-09-17 14:38:04.074000,407.0840987582536,1003
2024-09-17 14:38:04.079000,407.15867708038616,105
2024-09-17 14:38:04.119000,407.1352422467951,14
2024-09-17 14:38:04.254000,407.1140839394005,1005
2024-09-17 14:38:04.277000,407.1363169419382,98
2024-09-17 14:38:04.283000,407.095929567751,1004
2024-09-17 14:38:04.284000,407.10954002612885,1001
2024-09-17 14:38:04.345000,407.103254482016,104
2024-09-17 14:38:04.416000,407.1341607201716,1002
2024-09-17 14:38:04.427000,407.15578376620897,997
2024-09-17 14:38:04.468000,407.1199117934637,7
2024-09-17 14:38:04.522000,407.0697685398109,10
2024-09-17 14:38:04.544000,407.1448883663247,12
2024-09-17 14:38:04.557000,407.1327567702324,1002
2024-09-17 14:38:04.578000,407.1234362591208,104
2024-09-17 14:38:04.578000,407.1393282810428,6
2024-09-17 14:38:04.590000,407.0567742560516,97
2024-09-17 14:38:04.600000,407.1242375498695,996
2024-09-17 14:38:04.664000,407.0814103891066,1005
2024-09-17 14:38:04.711000,407.1161334308038,1001
2024-09-17 14:38:04.838000,407.106204914615,995
2024-09-17 14:38:04.953000,407.1555123467954,9
2024-09-17 14:38:04.984000,407.1151472625087,11
2024-09-17 14:38:05.399000,416.735720984672,95
2024-09-17 14:38:05.519000,407.1149492781288,13
2024-09-17 14:38:05.628000,407.1132901828606,104
2024-09-17 14:38:05.737000,407.1054054904637,7
2024-09-17 14:38:06.119000,407.03057685699554,9
2024-09-17 14:38:06.135000,407.0847851064348,1000
2024-09-17 14:38:06.136000,407.0703099542861,995
2024-09-17 14:38:06.142000,407.016134662153,995
2024-09-17 14:38:06.154000,407.08117567569,1002
2024-09-17 14:38:06.211000,407.0325027098094,103
2024-09-17 14:38:06.246000,407.08726123571023,1004
2024-09-17 14:38:06.324000,407.13258841154726,102
2024-09-17 14:38:06.412000,407.03136446725216,97
2024-09-17 14:38:06.573000,407.0135752088463,14
2024-09-17 14:38:06.622000,407.1307466187697,98
2024-09-17 14:38:06.656000,407.1243555867782,1002
2024-09-17 14:38:06.672000,407.10589608607376,999
2024-09-17 14:38:06.683000,407.0190311025424,99
2024-09-17 14:38:06.684000,407.0971949690776,105
2024-09-17 14:38:06.742000,407.07730639596247,995
2024-09-17 14:38:06.763000,407.0360901723232,13
2024-09-17 14:38:06.766000,407.0093841130414,103
2024-09-17 14:38:06.828000,416.7402597655641,100
2024-09-17 14:38:06.853000,407.0669298835621,99
2024-09-17 14:38:06.926000,407.0346273589369,103
2024-09-17 14:38:06.945000,407.0454917290082,101
2024-09-17 14:38:06.954000,407.1056751282396,103
2024-09-17 14:38:07.297000,407.0411436394592,8
2024-09-17 14:38:07.511000,407.00523623958907,12
2024-09-17 14:38:07.749000,407.0134683894698,1002
2024-09-17 14:38:08.031000,407.1048617082381,97
2024-09-17 14:38:08.055000,407.10180194760375,1000
2024-09-17 14:38:08.174000,407.0434396805131,8
2024-09-17 14:38:08.175000,407.05990081915,98
2024-09-17 14:38:08.239000,407.0772239640491,97
2024-09-17 14:38:08.240000,407.1223974849597,14
2024-09-17 14:38:08.268000,407.1023057421097,1004
2024-09-17 14:38:08.286000,407.1048223085618,1002
2024-09-17 14:38:08.330000,407.0575688503563,105
2024-09-17 14:38:08.335000,407.1050737682471,104
2024-09-17 14:38:08.376000,407.0167688025626,102
2024-09-17 14:38:08.397000,407.0984942082664,95
2024-09-17 14:38:08.473000,407.020076868472,995
2024-09-17 14:38:08.478000,407.0559219733403,101
2024-09-17 14:38:08.536000,407.0912599817747,100
2024-09-17 14:38:08.580000,407.0898317475076,15
2024-09-17 14:38:08.597000,407.0993899337306,105
2024-09-17 14:38:08.686000,407.077051359937,5
2024-09-17 14:38:08.696000,407.0540432089245,11
2024-09-17 14:38:08.715000,407.0295513612005,12
2024-09-17 14:38:08.784000,407.0333060444447,1004
2024-09-17 14:38:08.818000,407.0877031160825,1003
2024-09-17 14:38:08.821000,407.0498332253153,104
2024-09-17 14:38:08.902000,407.0531354286802,103
2024-09-17 14:38:08.953000,407.0603881394881,11
2024-09-17 14:38:09.052000,407.1174421032396,101
2024-09-17 14:38:09.166000,407.11745059456223,99
2024-09-17 14:38:09.549000,407.10312334904535,103
2024-09-17 14:38:09.722000,407.108029598026,998
2024-09-17 14:38:09.832000,407.110986692634,101
2024-09-17 14:38:10.024000,407.22151288865496,995
2024-09-17 14:38:10.041000,407.1351251430984,97
2024-09-17 14:38:10.128000,407.1978411037553,995
2024-09-17 14:38:10.177000,407.2001547667986,98
2024-09-17 14:38:10.218000,407.1578188575044,997
2024-09-17 14:38:10.225000,407.20205589246336,99
2024-09-17 14:38:10.252000,407.1863811163753,995
2024-09-17 14:38:10.358000,407.1898946751109,14
2024-09-17 14:38:10.383000,407.1828327724742,100
2024-09-17 14:38:10.491000,407.2042205247968,105
2024-09-17 14:38:10.534000,407.1719097387942,1002
2024-09-17 14:38:10.577000,407.16800325668953,998
2024-09-17 14:38:10.579000,407.1970857481954,997
2024-09-17 14:38:10.598000,407.1624868621529,995
2024-09-17 14:38:10.625000,407.15750612281846,1002
2024-09-17 14:38:10.678000,407.17388678549577,100
2024-09-17 14:38:10.691000,407.2019976746126,1002
2024-09-17 14:38:10.747000,407.1685587960237,104
2024-09-17 14:38:10.764000,407.1607232725203,1004
2024-09-17 14:38:10.767000,407.1496549338599,997
2024-09-17 14:38:10.801000,407.2005005262712,998
2024-09-17 14:38:10.846000,407.13857513013073,996
2024-09-17 14:38:10.877000,407.1593841240397,1003
2024-09-17 14:38:10.879000,407.1459489241442,1005
2024-09-17 14:38:10.927000,407.197416891618,1002
2024-09-17 14:38:10.929000,407.1039326841218,1005
2024-09-17 14:38:10.932000,407.1308709964322,1001
2024-09-17 14:38:11.919000,416.6387811867831,1001
2024-09-17 14:38:11.927000,407.180822542639,1004
2024-09-17 14:38:12.311000,407.1641282056787,98
2024-09-17 14:38:13.061000,407.0923097252399,99
2024-09-17 14:38:13.227000,407.09515565634416,1003
2024-09-17 14:38:13.299000,407.1039324227556,104
2024-09-17 14:38:13.385000,407.1160249442081,103
2024-09-17 14:38:13.459000,407.0909631316765,996
2024-09-17 14:38:13.503000,407.1090495777067,8
2024-09-17 14:38:13.513000,407.1063865070541,15
2024-09-17 14:38:13.581000,407.0909537503345,101
2024-09-17 14:38:13.639000,407.10201984166616,99
2024-09-17 14:38:13.659000,407.1115153673127,6
2024-09-17 14:38:13.706000,407.104814900302,11
2024-09-17 14:38:13.723000,407.1260309815504,97
2024-09-17 14:38:13.741000,407.0841591871876,9
2024-09-17 14:38:13.769000,407.1336272664885,15
2024-09-17 14:38:13.970000,407.091422185323,1005
2024-09-17 14:38:14.020000,407.1222223358875,102
2024-09-17 14:38:14.040000,407.1543373112672,96
2024-09-17 14:38:14.107000,407.1830188364247,103
2024-09-17 14:38:14.226000,407.1284471275008,1003
2024-09-17 14:38:14.239000,407.13047390130185,103
2024-09-17 14:38:14.242000,407.1132868511335,101
2024-09-17 14:38:14.274000,407.1454251351708,996
2024-09-17 14:38:14.279000,407.11313812682846,1004
2024-09-17 14:38:14.281000,407.150161963969,105
2024-09-17 14:38:14.284000,407.1627925733698,14
2024-09-17 14:38:14.316000,407.1634474899146,99
2024-09-17 14:38:14.402000,407.1562666021418,100
2024-09-17 14:38:14.407000,407.112197209566,999
2024-09-17 14:38:14.491000,407.1455962221938,8
2024-09-17 14:38:14.495000,407.1315508258285,102
2024-09-17 14:38:14.558000,407.127277589204,7
2024-09-17 14:38:14.558000,407.1591437916495,998
2024-09-17 14:38:14.566000,407.12744568357937,12
2024-09-17 14:38:14.566000,407.1246159863001,996
2024-09-17 14:38:14.595000,407.137921732316,997
2024-09-17 14:38:14.643000,407.1689559180917,10
2024-09-17 14:38:14.652000,407.1366054031637,102
2024-09-17 14:38:14.733000,407.1406542182071,10
2024-09-17 14:38:14.804000,407.159066261239,7
2024-09-17 14:38:14.822000,407.1165737571278,105
2024-09-17 14:38:14.894000,407.1766180087982,15
2024-09-17 14:38:14.943000,407.1443575181449,101
2024-09-17 14:38:15.038000,407.1756360506008,14
2024-09-17 14:38:15.076000,407.1585464728501,1000
2024-09-17 14:38:15.094000,407.1380733095953,105
2024-09-17 14:38:15.096000,407.16421623284384,103
2024-09-17 14:38:15.134000,407.1412244862415,104
2024-09-17 14:38:15.271000,407.17181205987504,101
2024-09-17 14:38:15.285000,407.15878212472734,12
2024-09-17 14:38:15.297000,407.1479446212172,999
2024-09-17 14:38:15.302000,407.1616809146472,999
2024-09-17 14:38:15.334000,407.1611285738716,1000
2024-09-17 14:38:15.336000,407.1258481304094,13
2024-09-17 14:38:15.365000,407.1795865568634,99
2024-09-17 14:38:15.368000,407.14605988450194,98
2024-09-17 14:38:15.382000,407.15537463755953,103
2024-09-17 14:38:15.400000,407.1541064904369,1005
2024-09-17 14:38:15.437000,407.1618475056278,1000
2024-09-17 14:38:15.675000,407.1490134974858,999
2024-09-17 14:38:15.696000,407.1359902630229,15
2024-09-17 14:38:15.733000,407.13450382804535,99
2024-09-17 14:38:15.762000,407.1525940870877,97
2024-09-17 14:38:15.764000,407.1512623589217,1003
2024-09-17 14:38:15.849000,407.16208862714177,1005
2024-09-17 14:38:16.079000,407.1201526063409,12
2024-09-17 14:38:16.273000,407.132773572572,999
2024-09-17 14:38:16.279000,407.1151871862661,8
2024-09-17 14:38:16.293000,407.1713099910184,1001
2024-09-17 14:38:16.316000,407.15039819073326,15
2024-09-17 14:38:16.354000,407.1114130187342,101
2024-09-17 14:38:16.356000,407.120789034238,6
2024-09-17 14:38:16.435000,407.14748710842673,1001
2024-09-17 14:38:16.537000,407.1482419911059,12
2024-09-17 14:38:16.599000,407.11417350288826,104
2024-09-17 14:38:16.620000,407.1198302009664,102
2024-09-17 14:38:16.623000,407.11323044446425,98
2024-09-17 14:38:16.665000,407.1171845832832,9
2024-09-17 14:38:16.682000,407.1149761088108,95
2024-09-17 14:38:16.763000,407.1104452207121,10
2024-09-17 14:38:16.764000,407.1699469483476,1003
2024-09-17 14:38:16.785000,407.13037241133776,1003
2024-09-17 14:38:16.839000,407.1295170910751,7
2024-09-17 14:38:16.951000,407.1523964949774,6
2024-09-17 14:38:16.999000,407.1334976131327,1003
2024-09-17 14:38:17.014000,407.138487245606,100
2024-09-17 14:38:17.061000,407.142962405029,1005
2024-09-17 14:38:17.068000,407.1528241535385,96
2024-09-17 14:38:17.130000,407.1402616692584,99
2024-09-17 14:38:17.132000,407.17918049487446,98
2024-09-17 14:38:17.214000,407.1398067472956,14
2024-09-17 14:38:17.218000,407.1822590976016,103
2024-09-17 14:38:17.297000,407.1768415349561,10
2024-09-17 14:38:17.362000,407.1364346389456,11
2024-09-17 14:38:17.440000,407.1739100282588,1003
2024-09-17 14:38:17.484000,407.16671430001503,96
2024-09-17 14:38:17.494000,407.138683707036,996
2024-09-17 14:38:17.510000,407.1564952330976,96
2024-09-17 14:38:17.522000,407.1593257471973,102
2024-09-17 14:38:17.581000,407.141956391134,10
2024-09-17 14:38:17.608000,407.1351973632075,997
2024-09-17 14:38:17.726000,407.15443044204414,1003
2024-09-17 14:38:17.776000,407.1732495646402,8
2024-09-17 14:38:17.790000,407.1747966056266,99
2024-09-17 14:38:17.867000,407.1422849467746,98
2024-09-17 14:38:17.999000,407.15405069551866,97
2024-09-17 14:38:18.069000,407.1947165596099,97
2024-09-17 14:38:18.213000,407.20938483887136,1004
2024-09-17 14:38:18.441000,407.2126139770046,6
2024-09-17 14:38:18.548000,407.200113461858,14
2024-09-17 14:38:18.583000,407.20314140814514,99
2024-09-17 14:38:18.627000,407.2090767508635,14
2024-09-17 14:38:18.790000,407.2066078981111,998
2024-09-17 14:38:18.797000,407.20723689842544,98
2024-09-17 14:38:18.843000,407.1865388312956,8
2024-09-17 14:38:18.866000,407.19259332156287,104
2024-09-17 14:38:18.882000,407.2135946117106,101
2024-09-17 14:38:18.902000,407.20279966718135,995
2024-09-17 14:38:19.067000,407.08870878096553,101
2024-09-17 14:38:19.152000,407.2169621197896,98
2024-09-17 14:38:19.152000,407.097091766879,98
2024-09-17 14:38:19.163000,407.2171741294727,8
2024-09-17 14:38:19.290000,407.0967263792656,10
2024-09-17 14:38:19.305000,407.1953601554291,1004
2024-09-17 14:38:19.355000,407.21699248115976,1002
2024-09-17 14:38:19.384000,407.1914427112995,101
2024-09-17 14:38:19.470000,407.0803935358309,104
2024-09-17 14:38:19.498000,407.1460959518352,998
2024-09-17 14:38:19.499000,407.0790165337933,1003
2024-09-17 14:38:19.607000,407.18997494455135,8
2024-09-17 14:38:19.626000,407.2026190691714,103
2024-09-17 14:38:19.729000,407.1654774007326,102
2024-09-17 14:38:19.842000,407.0858218047373,5
2024-09-17 14:38:19.889000,407.1748701044468,102
2024-09-17 14:38:19.919000,407.21155365415433,1000
2024-09-17 14:38:19.993000,407.17862060550107,1005
2024-09-17 14:38:19.995000,407.107829765742,97
2024-09-17 14:38:20.128000,407.0573045316447,1003
2024-09-17 14:38:20.191000,407.04998695455566,1005
2024-09-17 14:38:20.246000,407.0438520745813,997
2024-09-17 14:38:20.643000,407.0553240990594,103
2024-09-17 14:38:20.682000,407.07480176371206,999
2024-09-17 14:38:20.968000,407.0366230704281,11
2024-09-17 14:38:21.058000,407.0359240321229,97
2024-09-17 14:38:21.068000,407.0323773947307,1004
2024-09-17 14:38:21.082000,407.0529510122805,998
2024-09-17 14:38:21.108000,407.0150226964677,11
2024-09-17 14:38:21.114000,407.0723564458364,1002
2024-09-17 14:38:21.157000,407.0683272021183,99
2024-09-17 14:38:21.175000,407.05769827802936,11
2024-09-17 14:38:21.237000,407.0662921652036,997
2024-09-17 14:38:21.396000,407.02353724465297,99
2024-09-17 14:38:21.419000,407.04272640979656,102
2024-09-17 14:38:21.500000,407.0136267045624,1003
2024-09-17 14:38:21.522000,416.71887816135273,1005
2024-09-17 14:38:21.524000,407.0590691165016,998
2024-09-17 14:38:21.544000,407.0557646458759,999
2024-09-17 14:38:21.665000,407.0534412082345,8
2024-09-17 14:38:21.671000,407.0618242990353,103
2024-09-17 14:38:21.679000,407.0668680093864,99
2024-09-17 14:38:21.679000,407.04662474239,104
2024-09-17 14:38:21.817000,407.0688462492682,96
2024-09-17 14:38:21.857000,407.0927431997001,12
2024-09-17 14:38:21.868000,407.0392543510559,96
2024-09-17 14:38:21.944000,407.0725160737709,1005
2024-09-17 14:38:21.962000,407.08495843135165,96
2024-09-17 14:38:21.969000,407.089104291803,102
2024-09-17 14:38:22.059000,407.0311685138319,997
2024-09-17 14:38:22.061000,407.0510737186301,11
2024-09-17 14:38:22.063000,407.0237311134421,1004
2024-09-17 14:38:22.067000,407.0596267279507,997
2024-09-17 14:38:22.214000,407.0454951199845,1003
2024-09-17 14:38:22.243000,407.0457047555508,100
2024-09-17 14:38:22.276000,407.0438573046671,995
2024-09-17 14:38:22.308000,407.0492977541043,105
2024-09-17 14:38:22.327000,407.0633001283528,1001
2024-09-17 14:38:22.349000,407.0265260671483,1001
2024-09-17 14:38:22.383000,407.0407697919506,998
2024-09-17 14:38:22.418000,407.0603183556021,1003
2024-09-17 14:38:22.420000,407.04804843428815,97
2024-09-17 14:38:22.497000,407.08787453450685,7
2024-09-17 14:38:22.521000,407.0760040527108,1002
2024-09-17 14:38:22.554000,407.0729425616464,12
2024-09-17 14:38:22.658000,407.0589532087912,995
2024-09-17 14:38:22.665000,407.0355216932036,95
2024-09-17 14:38:22.715000,407.0793995927691,1004
2024-09-17 14:38:22.733000,407.09315976062845,1000
2024-09-17 14:38:22.786000,407.0356859927237,997
2024-09-17 14:38:22.852000,407.06117370399727,1002
2024-09-17 14:38:22.898000,407.0606950541276,8
2024-09-17 14:38:22.911000,407.0601425369736,15
2024-09-17 14:38:22.957000,407.0443547767666,6
2024-09-17 14:38:23.501000,407.0873290159755,1003
2024-09-17 14:38:23.650000,407.05072602858047,104
2024-09-17 14:38:23.685000,407.038116068207,105
2024-09-17 14:38:23.995000,407.0858735876975,99
2024-09-17 14:38:24.091000,407.0969777827133,12
2024-09-17 14:38:24.113000,407.0988513486868,1003
2024-09-17 14:38:24.116000,407.09367254289646,97
2024-09-17 14:38:24.245000,407.1039605084648,9
2024-09-17 14:38:24.252000,407.0923659901567,100
2024-09-17 14:38:24.315000,407.0862544035448,99
2024-09-17 14:38:24.315000,407.0752714223481,100
2024-09-17 14:38:24.325000,407.08397933412914,998
2024-09-17 14:38:24.353000,407.10449262221687,1004
2024-09-17 14:38:24.358000,407.105350957316,1000
2024-09-17 14:38:24.399000,407.07528282293566,103
2024-09-17 14:38:24.413000,407.1127664236314,8
2024-09-17 14:38:24.421000,407.09711286319344,95
2024-09-17 14:38:24.431000,407.1110168167916,997
2024-09-17 14:38:24.497000,407.1130578472874,15
2024-09-17 14:38:24.500000,407.1217254699407,12
2024-09-17 14:38:24.599000,407.1036046202104,995
2024-09-17 14:38:24.610000,407.07884887246576,1003
2024-09-17 14:38:24.745000,407.1025626188834,999
2024-09-17 14:38:24.748000,407.1083332832905,9
2024-09-17 14:38:24.758000,407.08668214017206,5
2024-09-17 14:38:24.798000,407.0984035932364,105
2024-09-17 14:38:24.827000,407.0751741060284,1003
2024-09-17 14:38:24.960000,407.0839702256717,15
2024-09-17 14:38:25.107000,407.1364407378079,1004
2024-09-17 14:38:25.135000,407.144018831773,1001
2024-09-17 14:38:25.146000,407.1358037862499,12
2024-09-17 14:38:25.255000,407.138684408012,11
2024-09-17 14:38:25.280000,407.17316289340096,997
2024-09-17 14:38:25.345000,407.11564452476784,15
2024-09-17 14:38:25.383000,407.1774492105184,1000
2024-09-17 14:38:25.475000,407.15122390562254,1000
2024-09-17 14:38:25.523000,407.1625051249345,1001
2024-09-17 14:38:25.541000,407.1325820780239,12
2024-09-17 14:38:25.569000,407.1888898030273,95
2024-09-17 14:38:25.725000,407.1834813832826,95
2024-09-17 14:38:25.817000,407.1570067626662,101
2024-09-17 14:38:25.850000,407.1599686996439,14
2024-09-17 14:38:25.941000,407.1400701497116,1005
2024-09-17 14:38:25.941000,407.17648253863166,999
2024-09-17 14:38:26.018000,407.1757864652458,6
2024-09-17 14:38:26.023000,407.214209283208,1004
2024-09-17 14:38:26.025000,407.2542237391375,14
2024-09-17 14:38:26.033000,407.2211885287348,1000
2024-09-17 14:38:26.241000,407.17520475767793,995
2024-09-17 14:38:26.350000,407.17708939119433,96
2024-09-17 14:38:26.541000,407.1986762101451,995
2024-09-17 14:38:26.560000,407.172489611583,1001
2024-09-17 14:38:26.777000,407.201114473716,100
2024-09-17 14:38:26.782000,407.2266358307532,13
2024-09-17 14:38:26.864000,407.2454271536295,103
2024-09-17 14:38:26.912000,407.2226958372406,8
2024-09-17 14:38:27.089000,407.1703433777556,995
2024-09-17 14:38:27.177000,407.24274391564353,103
2024-09-17 14:38:27.222000,407.1998873136393,13
2024-09-17 14:38:27.289000,407.24912932695776,14
2024-09-17 14:38:27.297000,407.1955519309692,5
2024-09-17 14:38:27.309000,407.24121843327407,103
2024-09-17 14:38:27.327000,407.2539000065883,996
2024-09-17 14:38:27.339000,407.1762274615968,97
2024-09-17 14:38:27.353000,407.18872287759535,11
2024-09-17 14:38:27.449000,407.20835675750425,10
2024-09-17 14:38:27.457000,407.19760572309855,98
2024-09-17 14:38:27.649000,407.2030905924208,996
2024-09-17 14:38:27.741000,407.254985531804,14
2024-09-17 14:38:28.040000,407.17184785699527,995
2024-09-17 14:38:28.046000,407.19178180496834,6
2024-09-17 14:38:28.060000,407.1597487871719,996
2024-09-17 14:38:28.072000,407.1791712497261,14
2024-09-17 14:38:28.113000,407.1637881627692,103
2024-09-17 14:38:28.118000,407.176920525885,101
2024-09-17 14:38:28.250000,407.1697112292243,1005
2024-09-17 14:38:28.291000,407.1873688347386,10
2024-09-17 14:38:28.301000,407.1836019393375,10
2024-09-17 14:38:28.372000,407.153370834396,99
2024-09-17 14:38:28.381000,407.1800062935958,996
2024-09-17 14:38:28.396000,407.1672030609389,996
2024-09-17 14:38:28.416000,407.2235452270813,998
2024-09-17 14:38:28.426000,407.1900094605046,998
2024-09-17 14:38:28.449000,407.2242931962199,10
2024-09-17 14:38:28.563000,407.17966983748073,103
2024-09-17 14:38:28.592000,407.20625225010747,5
2024-09-17 14:38:28.600000,407.20088841085857,996
2024-09-17 14:38:28.608000,407.2063166322637,1005
2024-09-17 14:38:28.621000,407.1977626862475,95
2024-09-17 14:38:28.641000,407.1613485292677,996
2024-09-17 14:38:28.723000,407.2097320560312,101
2024-09-17 14:38:28.805000,407.1819104538958,12
2024-09-17 14:38:28.844000,407.2209167771763,10
2024-09-17 14:38:28.881000,407.1721529257947,1005
2024-09-17 14:38:28.923000,407.206159394337,8
2024-09-17 14:38:28.978000,407.1782156623977,95
2024-09-17 14:38:29.306000,407.2192452275172,103
2024-09-17 14:38:29.569000,416.7187908465855,103
2024-09-17 14:38:29.686000,407.209055146144,1003
2024-09-17 14:38:29.798000,416.745736945028,97
2024-09-17 14:38:30.003000,407.1863615233124,995
2024-09-17 14:38:30.014000,407.1723718085952,1003
2024-09-17 14:38:30.088000,407.1849283617016,101
2024-09-17 14:38:30.116000,407.22229840909625,1000
2024-09-17 14:38:30.152000,407.199734576271,5
2024-09-17 14:38:30.164000,407.2314638458688,5
2024-09-17 14:38:30.169000,407.152419826728,103
2024-09-17 14:38:30.212000,407.1367382690222,12
2024-09-17 14:38:30.337000,407.1866567662346,6
2024-09-17 14:38:30.355000,407.1991498654136,103
2024-09-17 14:38:30.358000,407.2329461611896,14
2024-09-17 14:38:30.378000,407.1894742300025,13
2024-09-17 14:38:30.400000,407.21050689163326,999
2024-09-17 14:38:30.564000,407.1616750340192,1000
2024-09-17 14:38:30.688000,407.2136535926036,15
2024-09-17 14:38:30.706000,407.1523701532809,10
2024-09-17 14:38:30.743000,407.14280665244513,1000
2024-09-17 14:38:30.769000,407.1468167822623,13
2024-09-17 14:38:30.790000,407.1600976034096,6
2024-09-17 14:38:30.883000,407.16030858855487,95
2024-09-17 14:38:30.904000,407.1504108878274,10
2024-09-17 14:38:30.949000,407.216432068864,996
2024-09-17 14:38:31.087000,407.1673175951968,996
2024-09-17 14:38:31.550000,407.13442986668485,105
2024-09-17 14:38:31.562000,407.147600512807,1000
2024-09-17 14:38:32.071000,407.13368107890767,99
2024-09-17 14:38:32.226000,407.19509535543614,995
2024-09-17 14:38:32.295000,407.100650659572,998
2024-09-17 14:38:32.518000,407.0900390014462,6
2024-09-17 14:38:32.530000,407.15098892358174,997
2024-09-17 14:38:32.633000,407.1464060610282,96
2024-09-17 14:38:32.635000,407.1415395142992,7
2024-09-17 14:38:32.665000,407.1224589596238,5
2024-09-17 14:38:32.680000,407.1236450855917,6
2024-09-17 14:38:32.730000,407.120995102101,996
2024-09-17 14:38:32.789000,407.17613350745256,9
2024-09-17 14:38:32.908000,407.089851524283,1003
2024-09-17 14:38:32.928000,407.1680041571873,102
2024-09-17 14:38:32.946000,407.1263843781271,1003
2024-09-17 14:38:33.276000,407.121079679311,103
2024-09-17 14:38:33.276000,407.14438202064105,998
2024-09-17 14:38:33.277000,407.148962963517,996
2024-09-17 14:38:33.296000,407.1284681098461,996
2024-09-17 14:38:33.321000,407.1182027112752,5
2024-09-17 14:38:33.389000,407.129335987217,996
2024-09-17 14:38:33.440000,407.10816935029504,996
2024-09-17 14:38:33.485000,407.1018141242589,99
2024-09-17 14:38:33.486000,407.1344366022027,8
2024-09-17 14:38:33.502000,407.1543385226109,101
2024-09-17 14:38:33.645000,407.1304585465448,1000
2024-09-17 14:38:33.718000,407.13199086254207,101
2024-09-17 14:38:33.732000,407.1118649434212,7
2024-09-17 14:38:33.764000,407.1273747817251,105
2024-09-17 14:38:33.929000,407.14904205115727,10
2024-09-17 14:38:33.991000,407.1245813488253,102
2024-09-17 14:38:34.057000,407.1351170284743,11
2024-09-17 14:38:34.073000,407.1324558560034,1002
2024-09-17 14:38:34.138000,407.1066938966754,103
2024-09-17 14:38:34.155000,407.10463590735736,100
2024-09-17 14:38:34.159000,407.1437561125568,995
2024-09-17 14:38:34.161000,407.1339182758494,15
2024-09-17 14:38:34.223000,407.1775282578959,5
2024-09-17 14:38:34.249000,407.1565353061197,997
2024-09-17 14:38:34.256000,407.16535879095744,6
2024-09-17 14:38:34.269000,407.1828679303772,95
2024-09-17 14:38:34.313000,407.12420940260233,1002
2024-09-17 14:38:34.409000,407.1313251837275,103
2024-09-17 14:38:34.526000,407.1377809025892,101
2024-09-17 14:38:34.529000,407.1264810955285,97
2024-09-17 14:38:34.579000,407.1409319154662,6
2024-09-17 14:38:34.612000,407.1189632603809,7
2024-09-17 14:38:34.662000,407.175630897492,103
2024-09-17 14:38:34.698000,407.1786903277423,98
2024-09-17 14:38:34.847000,407.1547824346302,1001
2024-09-17 14:38:34.905000,407.1352789025122,1004
2024-09-17 14:38:34.912000,407.148987658114,95
2024-09-17 14:38:34.927000,407.1117982865293,14
2024-09-17 14:38:34.948000,407.1477910714955,997
2024-09-17 14:38:34.966000,407.1286838518294,998
2024-09-17 14:38:34.977000,407.1617644568524,1005
2024-09-17 14:38:34.978000,407.1328866822396,5
2024-09-17 14:38:35.010000,407.0994355987876,95
2024-09-17 14:38:35.057000,407.0920039076852,104
2024-09-17 14:38:35.079000,407.1502352443431,13
2024-09-17 14:38:35.145000,407.1046167838338,101
2024-09-17 14:38:35.148000,407.13126585921,15
2024-09-17 14:38:35.202000,407.1008017828124,1005
2024-09-17 14:38:35.218000,407.0945899254485,997
2024-09-17 14:38:35.257000,407.1422911157657,1002
2024-09-17 14:38:35.321000,407.1096949821045,14
2024-09-17 14:38:35.341000,407.1158660734469,1003
2024-09-17 14:38:35.361000,407.1082968606649,1002
2024-09-17 14:38:35.448000,407.12121888227546,1001
2024-09-17 14:38:35.449000,407.1106689903409,1004
2024-09-17 14:38:35.466000,407.09533626297673,998
2024-09-17 14:38:35.472000,407.094570074153,1000
2024-09-17 14:38:35.510000,407.1135856821744,7
2024-09-17 14:38:35.537000,407.09308522472463,99
2024-09-17 14:38:35.541000,407.0891139616407,14
2024-09-17 14:38:35.659000,407.11869705485066,1002
2024-09-17 14:38:35.661000,407.08755419844863,10
2024-09-17 14:38:35.700000,407.12961317492295,13
2024-09-17 14:38:35.705000,407.0964203489382,1005
2024-09-17 14:38:35.726000,407.1036473766815,9
2024-09-17 14:38:35.779000,416.70465368772847,6
2024-09-17 14:38:35.811000,407.07703574275007,1003
2024-09-17 14:38:35.841000,407.10677755719104,105
2024-09-17 14:38:35.871000,407.1034689653188,15
2024-09-17 14:38:35.954000,407.1163963284807,1004
2024-09-17 14:38:35.960000,407.11584257844896,100
2024-09-17 14:38:35.991000,407.0973817297872,98
2024-09-17 14:38:36.146000,407.0726992760026,105
2024-09-17 14:38:36.591000,407.08660519340015,7
2024-09-17 14:38:37.056000,407.0520577148108,14
2024-09-17 14:38:37.075000,407.0531182221076,1005
2024-09-17 14:38:37.393000,407.0670590280728,97
2024-09-17 14:38:37.617000,407.0415898184705,96
2024-09-17 14:38:37.853000,407.0696234816446,104
2024-09-17 14:38:37.987000,407.0463150777021,96
2024-09-17 14:38:38.019000,407.06717672995495,10
2024-09-17 14:38:38.046000,407.0705738662894,998
2024-09-17 14:38:38.159000,407.0711578966529,12
2024-09-17 14:38:38.647000,407.073987355677,998
2024-09-17 14:38:38.827000,407.0706064937146,104
2024-09-17 14:38:39,406.9938450538805,9
2024-09-17 14:38:39.090000,407.0441185336353,96
2024-09-17 14:38:39.125000,407.03207572361816,1001
2024-09-17 14:38:39.251000,406.98771027498407,102
2024-09-17 14:38:39.332000,407.02349420418426,99
2024-09-17 14:38:39.719000,406.9874054463332,6
2024-09-17 14:38:39.734000,407.05953597681,1002
2024-09-17 14:38:39.742000,406.9958318378993,96
2024-09-17 14:38:39.776000,407.01917422282855,998
2024-09-17 14:38:39.871000,407.04262206240776,105
2024-09-17 14:38:40.010000,407.0355445044465,104
2024-09-17 14:38:40.055000,407.0249799108887,1001
2024-09-17 14:38:40.064000,407.0332638090285,8
2024-09-17 14:38:40.129000,407.0488985996912,11
2024-09-17 14:38:40.324000,407.0243241202244,997
2024-09-17 14:38:40.326000,407.0321553250316,100
2024-09-17 14:38:40.334000,407.0181061868204,1002
2024-09-17 14:38:40.342000,407.0383395607311,101
2024-09-17 14:38:40.392000,407.0109338066361,998
2024-09-17 14:38:40.425000,406.9949763755467,1000
2024-09-17 14:38:40.437000,406.9927240086116,1004
2024-09-17 14:38:40.488000,407.0161918619138,102
2024-09-17 14:38:40.577000,407.0224919142416,11
2024-09-17 14:38:40.604000,406.9980421867674,7
2024-09-17 14:38:40.608000,406.9990921562601,5
2024-09-17 14:38:40.667000,407.0101719468376,997
2024-09-17 14:38:40.720000,407.0108423323315,98
2024-09-17 14:38:40.756000,407.0142946491964,1004
2024-09-17 14:38:40.781000,407.0219450188799,101
2024-09-17 14:38:40.790000,406.97722421116833,5
2024-09-17 14:38:40.792000,407.0269805235041,1004
2024-09-17 14:38:40.794000,406.9805219687775,1005
2024-09-17 14:38:40.798000,407.04610397425466,996
2024-09-17 14:38:40.873000,406.9966878786311,97
2024-09-17 14:38:41.117000,407.0162093378169,103
2024-09-17 14:38:41.128000,406.990254769166,6
2024-09-17 14:38:41.174000,407.0385438673622,1004
2024-09-17 14:38:41.306000,407.0131996092894,1005
2024-09-17 14:38:41.394000,407.012048836844,103
2024-09-17 14:38:41.491000,407.05271712336327,1005
2024-09-17 14:38:41.498000,407.02498203919873,15
2024-09-17 14:38:41.508000,407.0330675276962,95
2024-09-17 14:38:41.510000,406.9959393005333,1002
2024-09-17 14:38:41.530000,407.0641815782145,1004
2024-09-17 14:38:41.637000,407.01117052396233,999
2024-09-17 14:38:41.655000,406.98781146184126,999
2024-09-17 14:38:41.668000,407.0571324497189,1004
2024-09-17 14:38:41.719000,407.01475935260527,1001
2024-09-17 14:38:41.747000,407.0624427515029,5
2024-09-17 14:38:41.749000,406.9874474562513,104
2024-09-17 14:38:41.812000,406.9759209382737,10
2024-09-17 14:38:41.867000,407.00639681805774,11
2024-09-17 14:38:41.875000,407.07362048803975,996
2024-09-17 14:38:41.894000,407.0462442312387,101
2024-09-17 14:38:41.914000,407.0526483238155,15
2024-09-17 14:38:42.009000,406.9948766608883,100
2024-09-17 14:38:42.019000,407.016260916779,1005
2024-09-17 14:38:42.052000,407.05667020302445,102
2024-09-17 14:38:42.070000,407.0477246585121,1002
2024-09-17 14:38:42.080000,407.0200018788434,12
2024-09-17 14:38:42.115000,407.0259159024758,1001
2024-09-17 14:38:42.130000,407.0298375420693,98
2024-09-17 14:38:42.246000,407.0386096409604,8
2024-09-17 14:38:42.338000,407.0512974779943,1003
2024-09-17 14:38:42.430000,407.028810917926,104
2024-09-17 14:38:42.451000,407.0468582696485,14
2024-09-17 14:38:42.497000,407.0585968238013,996
2024-09-17 14:38:42.534000,407.0693863881992,1002
2024-09-17 14:38:42.541000,407.0268531143449,997
2024-09-17 14:38:42.596000,407.05451475092553,8
2024-09-17 14:38:42.626000,407.0713688652046,96
2024-09-17 14:38:42.675000,407.04203507658576,100
2024-09-17 14:38:42.722000,407.0341065158463,9
2024-09-17 14:38:42.830000,406.991335967695,12
2024-09-17 14:38:42.860000,407.03617772438304,12
2024-09-17 14:38:42.881000,407.0285151298951,102
2024-09-17 14:38:42.909000,407.0109409515541,98
2024-09-17 14:38:42.926000,407.067416542946,8
2024-09-17 14:38:43.218000,407.0416198130696,100
2024-09-17 14:38:43.380000,407.0392788575594,13
2024-09-17 14:38:43.469000,407.0472710082618,1000
2024-09-17 14:38:43.496000,407.0526735385356,9
2024-09-17 14:38:43.539000,407.0535626597296,998
2024-09-17 14:38:43.613000,407.0615278083222,101
2024-09-17 14:38:43.714000,407.0659652749852,104
2024-09-17 14:38:43.908000,407.07440924821327,98
2024-09-17 14:38:44.018000,407.068689154164,1005
2024-09-17 14:38:44.175000,407.0303519786089,7
2024-09-17 14:38:44.197000,407.0585557575672,12
2024-09-17 14:38:44.236000,407.033300093529,100
2024-09-17 14:38:44.298000,407.06608053624825,1003
2024-09-17 14:38:44.316000,407.0405359986818,12
2024-09-17 14:38:44.381000,407.0460427926344,105
2024-09-17 14:38:44.427000,407.0523292165472,97
2024-09-17 14:38:44.486000,407.0358138219308,1003
2024-09-17 14:38:44.535000,407.0291133289746,95
2024-09-17 14:38:44.543000,407.0255979916868,10
2024-09-17 14:38:44.546000,407.064106184154,97
2024-09-17 14:38:44.593000,407.02095799282426,1000
2024-09-17 14:38:44.656000,407.0214936099781,1001
2024-09-17 14:38:44.663000,407.0482320958702,11
2024-09-17 14:38:44.821000,407.04904731215214,100
2024-09-17 14:38:44.874000,407.0651495895897,1000
2024-09-17 14:38:44.997000,407.0255379525033,102
2024-09-17 14:38:45.063000,407.045508440418,996
2024-09-17 14:38:45.154000,407.072294992728,13
2024-09-17 14:38:45.189000,407.0456081403936,1004
2024-09-17 14:38:45.298000,407.06816697220427,7
2024-09-17 14:38:45.400000,407.0487709941396,8
2024-09-17 14:38:45.411000,407.0769212121258,96
2024-09-17 14:38:45.421000,407.053457825516,95
2024-09-17 14:38:45.494000,407.064229259524,7
2024-09-17 14:38:45.583000,407.065611340939,103
2024-09-17 14:38:45.640000,407.0432012230091,1004
2024-09-17 14:38:45.767000,407.05130511454166,96
2024-09-17 14:38:46.241000,407.0605752938465,13
2024-09-17 14:38:46.360000,416.6485695288313,1004
2024-09-17 14:38:46.432000,407.04543949487663,6
2024-09-17 14:38:46.718000,407.05538688844325,12
2024-09-17 14:38:46.784000,407.0559877852447,8
2024-09-17 14:38:48.091000,407.07850945300686,995
2024-09-17 14:38:48.093000,407.1165452454083,10
2024-09-17 14:38:48.160000,407.1244650170497,998
2024-09-17 14:38:48.249000,407.1603035841185,13
2024-09-17 14:38:48.325000,407.0831650392269,8
2024-09-17 14:38:48.387000,407.111439905603,12
2024-09-17 14:38:48.437000,407.1654660276693,104
2024-09-17 14:38:48.698000,407.14441896333074,998
2024-09-17 14:38:48.760000,407.0514696562647,96
2024-09-17 14:38:48.772000,407.1118021174066,15
2024-09-17 14:38:48.799000,407.0570888172224,1002
2024-09-17 14:38:48.859000,407.14953720266334,104
2024-09-17 14:38:48.914000,407.074437803276,103
2024-09-17 14:38:49.060000,407.24040674114144,12
2024-09-17 14:38:49.066000,407.22628132990855,15
2024-09-17 14:38:49.146000,407.2593623832231,103
2024-09-17 14:38:49.197000,407.240767721856,1004
2024-09-17 14:38:49.308000,407.1762171332159,998
2024-09-17 14:38:49.312000,407.13856145708814,99
2024-09-17 14:38:49.377000,407.2336758144074,105
2024-09-17 14:38:49.429000,407.1603600958318,1004
2024-09-17 14:38:49.451000,407.2323756577163,1001
2024-09-17 14:38:49.453000,407.1972680215059,1004
2024-09-17 14:38:49.458000,407.1717124054099,98
2024-09-17 14:38:49.475000,407.2457251013891,9
2024-09-17 14:38:49.529000,407.1419297798618,102
2024-09-17 14:38:49.547000,407.23770650956544,105
2024-09-17 14:38:49.625000,407.185209741495,10
2024-09-17 14:38:49.628000,407.2049211937217,15
2024-09-17 14:38:49.647000,407.2609468038838,96
2024-09-17 14:38:49.716000,407.2322883281748,996
2024-09-17 14:38:49.793000,407.1574403375204,997
2024-09-17 14:38:49.892000,407.252772657737,998
2024-09-17 14:38:49.916000,407.2220183076066,102
2024-09-17 14:38:49.918000,407.24887621786513,9
2024-09-17 14:38:49.935000,407.2305288859406,1003
2024-09-17 14:38:50.003000,407.29590391048816,99
2024-09-17 14:38:50.052000,407.2947700108529,12
2024-09-17 14:38:50.081000,407.2644513979891,1002
2024-09-17 14:38:50.081000,407.3001776610196,103
2024-09-17 14:38:50.141000,407.3145603397206,105
2024-09-17 14:38:50.188000,407.3116422526935,995
2024-09-17 14:38:50.189000,407.33117461209787,102
2024-09-17 14:38:50.204000,407.2564660666256,96
2024-09-17 14:38:50.217000,407.2401723973075,97
2024-09-17 14:38:50.220000,407.3189899848994,14
2024-09-17 14:38:50.278000,407.2760449565296,105
2024-09-17 14:38:50.286000,407.3069731283081,5
2024-09-17 14:38:50.323000,407.3242388012658,98
2024-09-17 14:38:50.436000,407.2477090412168,995
2024-09-17 14:38:50.444000,407.24005581060135,103
2024-09-17 14:38:50.564000,407.2609923554905,1000
2024-09-17 14:38:50.580000,416.680947172813,5
2024-09-17 14:38:50.588000,407.2503793271903,9
2024-09-17 14:38:50.625000,407.3075329794806,10
2024-09-17 14:38:50.653000,407.2963983863538,1005
2024-09-17 14:38:50.656000,407.3291414536967,9
2024-09-17 14:38:50.735000,407.3306661165767,12
2024-09-17 14:38:50.801000,407.3300421890456,995
2024-09-17 14:38:50.847000,407.3121545222271,997
2024-09-17 14:38:50.879000,407.2900229396436,11
2024-09-17 14:38:51.100000,407.2878560832469,96
2024-09-17 14:38:51.104000,407.2912478893474,99
2024-09-17 14:38:51.119000,407.2894115216777,14
2024-09-17 14:38:51.130000,407.2991347360992,105
2024-09-17 14:38:51.150000,407.3187756644059,103
2024-09-17 14:38:51.152000,407.2912680973883,1005
2024-09-17 14:38:51.192000,407.314744531365,996
2024-09-17 14:38:51.334000,407.3120369232532,1000
2024-09-17 14:38:51.416000,407.3263856781685,1001
2024-09-17 14:38:51.457000,407.3474861354896,1004
2024-09-17 14:38:51.465000,407.2963484414455,996
2024-09-17 14:38:51.466000,407.3260165256537,102
2024-09-17 14:38:51.502000,407.2994796467777,1003
2024-09-17 14:38:51.519000,407.2838310436828,11
2024-09-17 14:38:51.548000,407.2756899131669,97
2024-09-17 14:38:51.589000,407.2795876747157,103
2024-09-17 14:38:51.782000,407.2883015267408,14
2024-09-17 14:38:51.835000,407.2943584388371,1001
2024-09-17 14:38:51.839000,407.2747018329788,95
2024-09-17 14:38:51.854000,407.2775931049002,999
2024-09-17 14:38:51.916000,407.35230064052575,95
2024-09-17 14:38:51.938000,407.3411407754184,1002
2024-09-17 14:38:51.958000,407.3166267274532,101
2024-09-17 14:38:52.443000,407.3246404687729,1003
2024-09-17 14:38:52.872000,407.3146662797981,1001
2024-09-17 14:38:53.037000,407.3907077022936,100
2024-09-17 14:38:53.090000,407.3970008995111,10
2024-09-17 14:38:53.142000,407.32230095131786,7
2024-09-17 14:38:53.143000,407.30845083458416,999
2024-09-17 14:38:53.213000,407.3992875943623,14
2024-09-17 14:38:53.217000,407.43445560750047,11
2024-09-17 14:38:53.223000,407.36613289132,997
2024-09-17 14:38:53.225000,407.4365194655085,97
2024-09-17 14:38:53.231000,407.4419890602829,97
2024-09-17 14:38:53.249000,407.3655788336728,999
2024-09-17 14:38:53.312000,407.4077611425425,1000
2024-09-17 14:38:53.411000,407.4325037437069,99
2024-09-17 14:38:53.439000,407.30464282205793,98
2024-09-17 14:38:53.440000,407.3460724391573,105
2024-09-17 14:38:53.450000,407.4435895917172,7
2024-09-17 14:38:53.506000,407.391374691145,13
2024-09-17 14:38:53.642000,407.42585283741306,1005
2024-09-17 14:38:53.657000,407.3430524089212,10
2024-09-17 14:38:53.676000,407.4471160437512,7
2024-09-17 14:38:53.797000,407.4441327056063,9
2024-09-17 14:38:53.824000,407.447829462928,103
2024-09-17 14:38:53.840000,407.43621280338937,103
2024-09-17 14:38:53.874000,407.3264019415921,1005
2024-09-17 14:38:53.892000,407.3217511004522,6
2024-09-17 14:38:53.896000,407.3161548467279,996
2024-09-17 14:38:53.912000,407.3724957608003,100
2024-09-17 14:38:53.919000,407.3991622501687,98
2024-09-17 14:38:53.944000,407.3554673144553,1000
2024-09-17 14:38:54.041000,407.52146872942535,1003
2024-09-17 14:38:54.100000,407.497201367108,995
2024-09-17 14:38:54.231000,407.51322405362265,11
2024-09-17 14:38:54.254000,407.4790732567708,98
2024-09-17 14:38:54.303000,407.4504457165583,9
2024-09-17 14:38:54.334000,407.4910750745428,9
2024-09-17 14:38:54.346000,407.49763282202457,1001
2024-09-17 14:38:54.405000,407.51279197328455,100
2024-09-17 14:38:54.532000,407.4375657874076,95
2024-09-17 14:38:54.543000,407.5037750170217,996
2024-09-17 14:38:54.586000,407.4663208852191,100
2024-09-17 14:38:54.850000,407.4771866749721,95
2024-09-17 14:38:54.908000,407.4758345898939,1005
2024-09-17 14:38:55.141000,407.4736922190647,996
2024-09-17 14:38:55.186000,407.4677459805762,996
2024-09-17 14:38:55.227000,407.4705138399896,5
2024-09-17 14:38:55.432000,407.462442897385,99
2024-09-17 14:38:55.480000,407.4644668765302,995
2024-09-17 14:38:55.709000,407.4795054778647,995
2024-09-17 14:38:55.737000,407.4622661191899,995
2024-09-17 14:38:55.953000,407.4548286398251,13
2024-09-17 14:38:55.975000,407.4520691016546,102
2024-09-17 14:38:56.140000,407.393433531578,1001
2024-09-17 14:38:56.179000,407.4348609431841,14
2024-09-17 14:38:56.232000,407.45248987600144,97
2024-09-17 14:38:56.240000,407.42127427873055,101
2024-09-17 14:38:56.276000,407.4072898685976,995
2024-09-17 14:38:56.318000,407.4179323336979,97
2024-09-17 14:38:56.319000,407.4119534397859,96
2024-09-17 14:38:56.321000,407.4593614105908,103
2024-09-17 14:38:56.357000,407.4142380510215,997
2024-09-17 14:38:56.407000,407.4058454255925,996
2024-09-17 14:38:56.458000,407.4445176444285,997
2024-09-17 14:38:56.469000,407.44465613235326,101
2024-09-17 14:38:56.506000,407.4409842192968,1002
2024-09-17 14:38:56.615000,407.4718966115756,96
2024-09-17 14:38:56.622000,407.46247256587,13
2024-09-17 14:38:56.675000,407.4416898650919,1004
2024-09-17 14:38:56.691000,407.4375462690905,5
2024-09-17 14:38:56.714000,407.4230985444584,6
2024-09-17 14:38:56.717000,407.4388520018279,7
2024-09-17 14:38:56.747000,407.43153090483474,8
2024-09-17 14:38:56.751000,416.7245319487562,995
2024-09-17 14:38:56.768000,407.44086806504953,996
2024-09-17 14:38:56.771000,407.4674213853073,96
2024-09-17 14:38:56.803000,407.4196235163564,103
2024-09-17 14:38:56.817000,407.41523721878326,101
2024-09-17 14:38:56.946000,407.4135378220448,999
2024-09-17 14:38:57.047000,407.4742333310715,96
2024-09-17 14:38:57.205000,407.5040120620053,1001
2024-09-17 14:38:57.436000,407.4696865180376,15
2024-09-17 14:38:57.446000,407.47282113533527,995
2024-09-17 14:38:57.558000,407.45975157658586,101
2024-09-17 14:38:57.712000,407.4917078917598,1002
2024-09-17 14:38:57.924000,407.463693030076,1000
2024-09-17 14:38:57.956000,407.4634653410087,1001
2024-09-17 14:38:58.101000,407.5350971389892,101
2024-09-17 14:38:58.115000,407.496770284466,10
2024-09-17 14:38:58.137000,407.5120174360053,13
2024-09-17 14:38:58.181000,407.5016115267106,1005
2024-09-17 14:38:58.260000,407.5312115106732,996
2024-09-17 14:38:58.274000,407.5518099762133,101
2024-09-17 14:38:58.417000,407.47440372509305,1002
2024-09-17 14:38:58.446000,407.4930659158919,6
2024-09-17 14:38:58.552000,407.5442852187173,105
2024-09-17 14:38:58.552000,407.5118280909021,99
2024-09-17 14:38:58.580000,407.4931377167747,8
2024-09-17 14:38:58.592000,407.499311501714,1000
2024-09-17 14:38:58.656000,407.5225539209884,99
2024-09-17 14:38:58.680000,407.5092454037613,7
2024-09-17 14:38:58.685000,407.5148255733233,103
2024-09-17 14:38:58.723000,407.5178471475265,7
2024-09-17 14:38:58.773000,407.4842652789018,96
2024-09-17 14:38:58.828000,407.52019891046416,101
2024-09-17 14:38:58.901000,407.5135599562112,100
2024-09-17 14:38:58.905000,407.5301976191624,997
2024-09-17 14:38:58.936000,407.5068854397554,102
2024-09-17 14:38:59.104000,407.5571149025541,9
2024-09-17 14:38:59.267000,407.5682546164769,6
