Timestamp,Price,Size
2024-09-19 10:23:00.036000,419.7515949850474,103
2024-09-19 10:23:00.047000,419.763398378627,5
2024-09-19 10:23:00.070000,419.74439422869847,999
2024-09-19 10:23:00.184000,419.7577227720808,9
2024-09-19 10:23:00.187000,419.7805302474573,101
2024-09-19 10:23:00.328000,419.7782345624573,1004
2024-09-19 10:23:00.392000,419.77568447247467,996
2024-09-19 10:23:00.437000,419.76138000371697,1002
2024-09-19 10:23:00.441000,419.7532219944174,6
2024-09-19 10:23:00.484000,419.780788542036,12
2024-09-19 10:23:00.594000,419.7747227512989,1002
2024-09-19 10:23:00.597000,419.77625683066987,96
2024-09-19 10:23:00.607000,419.75685521702354,96
2024-09-19 10:23:00.621000,419.7754506469639,7
2024-09-19 10:23:00.638000,419.7508179567973,995
2024-09-19 10:23:00.657000,419.7534174281468,10
2024-09-19 10:23:00.691000,419.7636167202433,103
2024-09-19 10:23:00.720000,419.7526237007775,995
2024-09-19 10:23:00.736000,419.7874731527744,105
2024-09-19 10:23:00.770000,419.7561195049979,100
2024-09-19 10:23:00.793000,419.76584231945856,1004
2024-09-19 10:23:00.804000,419.7629402325489,6
2024-09-19 10:23:00.813000,419.7569376495913,105
2024-09-19 10:23:00.821000,419.75944178630107,100
2024-09-19 10:23:00.891000,419.7493406898213,98
2024-09-19 10:23:00.909000,419.7669306076244,997
2024-09-19 10:23:00.954000,419.7597978506087,96
2024-09-19 10:23:00.997000,419.7678068115369,1003
2024-09-19 10:23:01.002000,419.6719594567561,999
2024-09-19 10:23:01.046000,419.7317731082659,96
2024-09-19 10:23:01.110000,419.7191468629817,103
2024-09-19 10:23:01.127000,419.737820035159,8
2024-09-19 10:23:01.135000,419.7278338693202,98
2024-09-19 10:23:01.136000,419.76475485578624,99
2024-09-19 10:23:01.170000,419.7202949189653,998
2024-09-19 10:23:01.206000,419.7267016964302,999
2024-09-19 10:23:01.225000,419.7219510245436,10
2024-09-19 10:23:01.290000,419.747251912221,999
2024-09-19 10:23:01.423000,419.7069909492881,999
2024-09-19 10:23:01.459000,419.69071197462944,998
2024-09-19 10:23:01.499000,419.73216147667375,12
2024-09-19 10:23:01.546000,419.7449133015008,11
2024-09-19 10:23:01.558000,419.6938965126235,11
2024-09-19 10:23:01.671000,419.736023811322,15
2024-09-19 10:23:01.809000,419.6873676632994,998
2024-09-19 10:23:01.845000,419.7475144105601,15
2024-09-19 10:23:01.863000,419.77581907125466,14
2024-09-19 10:23:01.866000,419.6744772231166,100
2024-09-19 10:23:01.899000,419.6892390827706,15
2024-09-19 10:23:02.025000,419.72748834118727,10
2024-09-19 10:23:02.031000,419.73543866636027,15
2024-09-19 10:23:02.129000,419.7172649730055,5
2024-09-19 10:23:02.173000,419.7844307024132,12
2024-09-19 10:23:02.225000,419.7371334939339,14
2024-09-19 10:23:02.233000,419.75816241076,15
2024-09-19 10:23:02.316000,419.7115200238062,104
2024-09-19 10:23:02.490000,419.7954856065492,1000
2024-09-19 10:23:02.516000,419.77698752382537,5
2024-09-19 10:23:02.525000,419.7814323752555,15
2024-09-19 10:23:02.533000,419.7862727568189,95
2024-09-19 10:23:02.664000,419.7867459780193,105
2024-09-19 10:23:02.725000,419.7539769769748,1001
2024-09-19 10:23:02.734000,419.7935674122819,103
2024-09-19 10:23:02.944000,419.73631859759234,102
2024-09-19 10:23:02.951000,419.7801153204712,100
2024-09-19 10:23:02.998000,419.7694620041898,11
2024-09-19 10:23:03.077000,419.72084844312025,101
2024-09-19 10:23:03.107000,419.7298968321692,998
2024-09-19 10:23:03.136000,419.6824044365746,1002
2024-09-19 10:23:03.162000,419.6888645781191,997
2024-09-19 10:23:03.311000,419.6968606216967,8
2024-09-19 10:23:03.385000,419.7070685569468,1001
2024-09-19 10:23:03.385000,419.7152176715839,13
2024-09-19 10:23:03.502000,419.7216186711373,1001
2024-09-19 10:23:03.519000,419.6696831404319,98
2024-09-19 10:23:03.521000,419.7445531971542,15
2024-09-19 10:23:03.550000,419.65925702330185,996
2024-09-19 10:23:03.566000,419.7126202024705,104
2024-09-19 10:23:03.607000,419.68749963477376,11
2024-09-19 10:23:03.610000,419.6549400299293,8
2024-09-19 10:23:03.630000,419.713197270492,103
2024-09-19 10:23:04.003000,419.7239777821624,103
2024-09-19 10:23:04.012000,419.6715950179609,998
2024-09-19 10:23:04.032000,419.7029159847829,13
2024-09-19 10:23:04.062000,419.7041501936846,102
2024-09-19 10:23:04.097000,419.6522989647548,1001
2024-09-19 10:23:04.149000,419.669987896392,100
2024-09-19 10:23:04.183000,419.7064525749642,8
2024-09-19 10:23:04.185000,419.6461533269958,10
2024-09-19 10:23:04.209000,419.7130940116182,997
2024-09-19 10:23:04.220000,419.7234775010773,8
2024-09-19 10:23:04.270000,419.6898114820058,99
2024-09-19 10:23:04.282000,419.7236539349699,12
2024-09-19 10:23:04.415000,419.65932937258486,10
2024-09-19 10:23:04.545000,419.6733329659104,5
2024-09-19 10:23:04.569000,419.6894652664884,98
2024-09-19 10:23:04.571000,419.680825144249,96
2024-09-19 10:23:04.587000,419.6393835618498,95
2024-09-19 10:23:04.657000,419.6637391630773,999
2024-09-19 10:23:04.681000,419.71921426746576,12
2024-09-19 10:23:04.719000,419.7091593932072,12
2024-09-19 10:23:04.729000,419.6875940185346,996
2024-09-19 10:23:04.793000,419.6915361535704,1005
2024-09-19 10:23:04.893000,419.6976203335276,95
2024-09-19 10:23:04.897000,419.68483980635006,104
2024-09-19 10:23:04.899000,419.6882267749022,1003
2024-09-19 10:23:04.926000,419.67445339109247,103
2024-09-19 10:23:04.945000,419.6885040080082,11
2024-09-19 10:23:04.973000,419.68564268280426,995
2024-09-19 10:23:05.050000,419.6998612383492,998
2024-09-19 10:23:05.093000,419.6862512201751,96
2024-09-19 10:23:05.135000,419.6889736251245,6
2024-09-19 10:23:05.192000,419.7147135577689,101
2024-09-19 10:23:05.325000,419.6820758175416,1002
2024-09-19 10:23:05.410000,419.7171813084625,102
2024-09-19 10:23:05.442000,419.7259783984108,15
2024-09-19 10:23:05.532000,419.70383776883017,1000
2024-09-19 10:23:05.579000,419.68839825229367,14
2024-09-19 10:23:05.599000,419.7113451296354,7
2024-09-19 10:23:05.767000,419.6879531104961,102
2024-09-19 10:23:05.963000,419.7176049494825,96
2024-09-19 10:23:05.972000,419.71123793816935,997
2024-09-19 10:23:06.017000,419.773482752544,11
2024-09-19 10:23:06.035000,419.76202807475926,103
2024-09-19 10:23:06.063000,419.75944687743976,1001
2024-09-19 10:23:06.136000,419.6732307258308,11
2024-09-19 10:23:06.212000,419.724037317473,12
2024-09-19 10:23:06.262000,419.7326871928353,996
2024-09-19 10:23:06.318000,419.73632735298594,998
2024-09-19 10:23:06.341000,419.73795736327935,15
2024-09-19 10:23:06.363000,419.7626588539479,1003
2024-09-19 10:23:06.368000,419.69836285829314,102
2024-09-19 10:23:06.371000,419.69880379219086,104
2024-09-19 10:23:06.389000,419.6858323805557,996
2024-09-19 10:23:06.425000,419.7437125496424,7
2024-09-19 10:23:06.513000,419.7032078093748,14
2024-09-19 10:23:06.518000,419.758605605217,1004
2024-09-19 10:23:06.638000,419.75995210604265,999
2024-09-19 10:23:06.639000,419.71414137983305,6
2024-09-19 10:23:06.671000,419.70453151634695,1001
2024-09-19 10:23:06.676000,419.7287496391934,98
2024-09-19 10:23:06.762000,419.68004802834577,998
2024-09-19 10:23:06.813000,419.6891446500437,13
2024-09-19 10:23:06.853000,419.7234975619615,99
2024-09-19 10:23:06.893000,419.7544370923196,15
2024-09-19 10:23:06.922000,419.7536252155037,995
2024-09-19 10:23:07.516000,419.6790565202311,15
2024-09-19 10:23:07.841000,419.6783893155683,102
2024-09-19 10:23:08.138000,419.65393425684846,6
2024-09-19 10:23:08.172000,419.65897029971126,1003
2024-09-19 10:23:08.216000,419.7022431241736,1002
2024-09-19 10:23:08.242000,419.6599317159153,1000
2024-09-19 10:23:08.253000,419.6973797011512,8
2024-09-19 10:23:08.303000,419.6925146553335,6
2024-09-19 10:23:08.342000,419.6897187014816,9
2024-09-19 10:23:08.361000,419.6889080248103,105
2024-09-19 10:23:08.411000,419.6765948749367,1004
2024-09-19 10:23:08.443000,419.64902718048114,7
2024-09-19 10:23:08.456000,419.65333561616586,98
2024-09-19 10:23:08.503000,419.6683490427697,9
2024-09-19 10:23:08.527000,419.6792748203398,7
2024-09-19 10:23:08.578000,419.6680533178888,998
2024-09-19 10:23:08.627000,419.6379939629493,11
2024-09-19 10:23:08.630000,419.652258123122,6
2024-09-19 10:23:08.704000,419.6675396757397,11
2024-09-19 10:23:08.705000,419.6517605523047,102
2024-09-19 10:23:08.706000,419.69473172341503,98
2024-09-19 10:23:08.806000,419.638447761272,1005
2024-09-19 10:23:08.862000,419.6620838682149,6
2024-09-19 10:23:08.896000,419.6918471829643,6
2024-09-19 10:23:08.913000,419.64619907206486,6
2024-09-19 10:23:08.926000,419.67212313597247,1001
2024-09-19 10:23:08.998000,419.6801641302825,95
2024-09-19 10:23:09.012000,419.5979669073745,98
2024-09-19 10:23:09.021000,419.6436256632595,14
2024-09-19 10:23:09.093000,419.5459514595344,13
2024-09-19 10:23:09.179000,419.5712184985911,997
2024-09-19 10:23:09.180000,419.5496699152232,6
2024-09-19 10:23:09.191000,419.6277244706788,98
2024-09-19 10:23:09.377000,419.5330795660678,10
2024-09-19 10:23:09.391000,419.5381329895933,15
2024-09-19 10:23:09.420000,419.5916462790113,1002
2024-09-19 10:23:09.432000,419.5549273699936,1004
2024-09-19 10:23:09.439000,419.6126327671838,1003
2024-09-19 10:23:09.512000,419.58255874926937,7
2024-09-19 10:23:09.522000,419.5824196127808,999
2024-09-19 10:23:09.567000,419.5159947857257,14
2024-09-19 10:23:09.603000,419.6112467719775,105
2024-09-19 10:23:09.662000,419.54597041028165,99
2024-09-19 10:23:09.669000,419.63120745813785,1005
2024-09-19 10:23:09.721000,419.62620517194574,1003
2024-09-19 10:23:09.754000,419.534389702803,9
2024-09-19 10:23:09.768000,419.580709592262,999
2024-09-19 10:23:09.772000,419.5546398511231,96
2024-09-19 10:23:09.784000,419.6201268187159,96
2024-09-19 10:23:09.803000,419.6204450924841,95
2024-09-19 10:23:09.878000,419.5573770285369,999
2024-09-19 10:23:09.888000,419.522197582658,6
2024-09-19 10:23:09.917000,419.5795875832548,105
2024-09-19 10:23:10.106000,419.57705685143554,12
2024-09-19 10:23:10.157000,419.5615480607272,7
2024-09-19 10:23:10.167000,419.54895180703977,99
2024-09-19 10:23:10.211000,419.5405555723821,1002
2024-09-19 10:23:10.271000,419.55768017625496,999
2024-09-19 10:23:10.281000,419.5540690033084,12
2024-09-19 10:23:10.336000,419.551542706114,102
2024-09-19 10:23:10.338000,419.5284754469948,1003
2024-09-19 10:23:10.434000,419.5742113366692,9
2024-09-19 10:23:10.629000,419.55491731518913,7
2024-09-19 10:23:10.646000,419.5708909661875,98
2024-09-19 10:23:10.648000,419.5528682168312,1004
2024-09-19 10:23:10.669000,419.5828675101085,8
2024-09-19 10:23:10.717000,419.5762470973708,101
2024-09-19 10:23:10.727000,419.5753372097794,6
2024-09-19 10:23:10.729000,419.5454483848272,1002
2024-09-19 10:23:10.732000,419.5547494673189,100
2024-09-19 10:23:10.914000,419.55579871275575,101
2024-09-19 10:23:10.958000,419.5710334466674,95
2024-09-19 10:23:10.963000,419.5689580900208,95
2024-09-19 10:23:11.061000,419.6087806476775,98
2024-09-19 10:23:11.063000,419.5822599472916,96
2024-09-19 10:23:11.064000,419.5874782719148,102
2024-09-19 10:23:11.092000,419.6018378724369,6
2024-09-19 10:23:11.129000,419.5982434034087,95
2024-09-19 10:23:11.287000,419.578008599134,7
2024-09-19 10:23:11.316000,419.5847776201449,96
2024-09-19 10:23:11.349000,419.6021296987904,104
2024-09-19 10:23:11.353000,419.61037823537305,1000
2024-09-19 10:23:11.422000,419.5877707141824,997
2024-09-19 10:23:11.526000,419.6075400260427,9
2024-09-19 10:23:11.591000,419.6002795030109,1005
2024-09-19 10:23:11.659000,419.59888668369786,96
2024-09-19 10:23:11.683000,419.60114904405856,13
2024-09-19 10:23:11.695000,419.6083859091934,10
2024-09-19 10:23:11.792000,419.58833722561695,1004
2024-09-19 10:23:11.806000,419.5653172552543,97
2024-09-19 10:23:11.880000,419.5928609412932,100
2024-09-19 10:23:11.884000,419.5841440485896,6
2024-09-19 10:23:11.888000,419.6172102623283,997
2024-09-19 10:23:11.892000,419.5775577384591,15
2024-09-19 10:23:11.913000,419.600724214505,100
2024-09-19 10:23:11.967000,419.62477957593336,998
2024-09-19 10:23:11.997000,419.55524524001896,14
2024-09-19 10:23:12.056000,419.650567563417,1002
2024-09-19 10:23:12.235000,419.6125198543345,100
2024-09-19 10:23:12.245000,419.6430598474445,105
2024-09-19 10:23:12.260000,419.6310654470311,1002
2024-09-19 10:23:12.296000,419.6391712642642,997
2024-09-19 10:23:12.962000,419.651636029279,97
2024-09-19 10:23:12.966000,419.6286367986899,96
2024-09-19 10:23:13.020000,419.61552202009193,997
2024-09-19 10:23:13.076000,419.61524975233687,104
2024-09-19 10:23:13.223000,419.6214387753519,100
2024-09-19 10:23:13.224000,419.6599503702887,1001
2024-09-19 10:23:13.225000,419.57888462032537,11
2024-09-19 10:23:13.230000,419.6340326080955,15
2024-09-19 10:23:13.253000,419.5986824981522,105
2024-09-19 10:23:13.261000,419.620488999984,14
2024-09-19 10:23:13.325000,419.6454768200944,99
2024-09-19 10:23:13.413000,419.6328548725399,8
2024-09-19 10:23:13.423000,419.6318207552117,10
2024-09-19 10:23:13.516000,419.6178193384732,6
2024-09-19 10:23:13.585000,419.5825546469322,1000
2024-09-19 10:23:13.698000,419.583901093098,996
2024-09-19 10:23:13.756000,419.64881551098574,1001
2024-09-19 10:23:13.881000,419.62609853658176,995
2024-09-19 10:23:13.939000,419.6373694655972,1003
2024-09-19 10:23:13.955000,419.6091451151729,9
2024-09-19 10:23:14.042000,419.6472324307786,8
2024-09-19 10:23:14.092000,419.59354559445086,11
2024-09-19 10:23:14.129000,419.6092021216159,1000
2024-09-19 10:23:14.178000,419.6259056022876,1000
2024-09-19 10:23:14.223000,419.63478841938337,997
2024-09-19 10:23:14.268000,419.6031041382471,1004
2024-09-19 10:23:14.277000,419.6121836004086,12
2024-09-19 10:23:14.286000,419.6117449206626,9
2024-09-19 10:23:14.376000,419.5850285513379,998
2024-09-19 10:23:14.393000,419.5738826841862,1004
2024-09-19 10:23:14.444000,419.6339114588071,10
2024-09-19 10:23:14.486000,419.5979140101321,98
2024-09-19 10:23:14.525000,419.6346780290801,13
2024-09-19 10:23:14.569000,419.6185065961466,1004
2024-09-19 10:23:14.670000,419.63106280769017,1004
2024-09-19 10:23:14.737000,419.6252833666224,100
2024-09-19 10:23:14.740000,419.6140877626757,104
2024-09-19 10:23:14.779000,419.60734851194695,11
2024-09-19 10:23:14.826000,419.61731942531367,1001
2024-09-19 10:23:14.926000,419.5987967930441,96
2024-09-19 10:23:14.967000,419.6197382525813,1005
2024-09-19 10:23:14.980000,419.6140715489725,103
2024-09-19 10:23:16.123000,419.609580611768,998
2024-09-19 10:23:16.218000,419.6444685018745,10
2024-09-19 10:23:16.314000,419.62462517655615,95
2024-09-19 10:23:16.393000,419.6267527198799,995
2024-09-19 10:23:16.464000,419.5885593876212,7
2024-09-19 10:23:16.481000,419.6080086148429,13
2024-09-19 10:23:16.487000,419.65846758214497,101
2024-09-19 10:23:16.600000,419.6350094047323,1002
2024-09-19 10:23:16.673000,419.5950140651207,1003
2024-09-19 10:23:16.754000,419.60795641922687,15
2024-09-19 10:23:16.812000,419.62966429492894,995
2024-09-19 10:23:16.881000,419.598936132926,7
2024-09-19 10:23:16.943000,419.6268295138686,13
2024-09-19 10:23:17.048000,419.663951295823,12
2024-09-19 10:23:17.194000,419.6403300201503,97
2024-09-19 10:23:17.280000,419.7163073500546,1005
2024-09-19 10:23:17.289000,419.656825060868,998
2024-09-19 10:23:17.294000,419.7378880583894,8
2024-09-19 10:23:17.312000,419.6300653821404,101
2024-09-19 10:23:17.342000,419.6604318891672,104
2024-09-19 10:23:17.345000,419.746904863072,998
2024-09-19 10:23:17.376000,419.6956106853714,996
2024-09-19 10:23:17.381000,419.6558506401005,7
2024-09-19 10:23:17.445000,419.703482796067,95
2024-09-19 10:23:17.498000,419.61755767445777,8
2024-09-19 10:23:17.503000,419.7050061266591,15
2024-09-19 10:23:17.514000,419.6905848892959,1000
2024-09-19 10:23:17.528000,419.6473091050613,99
2024-09-19 10:23:17.537000,419.7320448841812,99
2024-09-19 10:23:17.549000,419.74527898291433,101
2024-09-19 10:23:17.644000,419.6868249678826,6
2024-09-19 10:23:17.649000,419.64457752480575,995
2024-09-19 10:23:17.728000,419.72330128804776,996
2024-09-19 10:23:17.746000,419.736082847405,100
2024-09-19 10:23:17.781000,419.7267570258752,11
2024-09-19 10:23:17.805000,419.6768531515529,1003
2024-09-19 10:23:17.824000,419.6455971370922,96
2024-09-19 10:23:17.885000,419.69403108221337,105
2024-09-19 10:23:17.994000,419.6610959933124,9
2024-09-19 10:23:18.035000,419.8002303888189,6
2024-09-19 10:23:18.080000,419.7508963972803,98
2024-09-19 10:23:18.152000,419.76535262100384,12
2024-09-19 10:23:18.257000,419.7648812477729,105
2024-09-19 10:23:18.313000,419.7137450442551,5
2024-09-19 10:23:18.317000,419.762518098508,101
2024-09-19 10:23:18.366000,419.7559362382325,13
2024-09-19 10:23:18.400000,419.7748462941556,104
2024-09-19 10:23:18.456000,419.7829319375126,7
2024-09-19 10:23:18.466000,419.7848891493336,13
2024-09-19 10:23:18.472000,419.7544711348583,14
2024-09-19 10:23:18.638000,419.76349382036005,1000
2024-09-19 10:23:18.651000,419.70704402872,95
2024-09-19 10:23:18.674000,419.7533614722314,999
2024-09-19 10:23:18.709000,419.7582888741291,95
2024-09-19 10:23:18.728000,419.7339982429429,7
2024-09-19 10:23:18.802000,419.70403318039047,104
2024-09-19 10:23:18.856000,419.7467424913908,103
2024-09-19 10:23:18.913000,419.7719445370956,997
2024-09-19 10:23:18.929000,419.7039448081622,9
2024-09-19 10:23:18.947000,419.76535255592495,98
2024-09-19 10:23:18.995000,419.7589862650128,1000
2024-09-19 10:23:19.087000,419.774057561136,7
2024-09-19 10:23:19.209000,419.8124988126673,105
2024-09-19 10:23:19.219000,419.828355548261,103
2024-09-19 10:23:19.245000,419.8011330632779,13
2024-09-19 10:23:19.532000,419.8569806304792,1002
2024-09-19 10:23:19.552000,419.8498066156556,104
2024-09-19 10:23:19.592000,419.7957040494648,101
2024-09-19 10:23:19.754000,419.7653209596044,98
2024-09-19 10:23:19.895000,419.86261017135786,7
2024-09-19 10:23:19.939000,419.79857251520446,5
2024-09-19 10:23:20.030000,419.8519617465689,8
2024-09-19 10:23:20.120000,419.84725087056415,995
2024-09-19 10:23:20.203000,419.8498394859709,7
2024-09-19 10:23:20.207000,419.8014146847124,13
2024-09-19 10:23:20.272000,419.8299700300184,12
2024-09-19 10:23:20.317000,419.85682873973406,1005
2024-09-19 10:23:20.453000,419.8508446580968,997
2024-09-19 10:23:20.495000,419.8515192008866,105
2024-09-19 10:23:20.499000,419.825933477678,96
2024-09-19 10:23:20.529000,419.8213354764755,1005
2024-09-19 10:23:20.568000,419.8326410582028,15
2024-09-19 10:23:20.605000,419.8514937099066,102
2024-09-19 10:23:20.650000,419.83082509798845,9
2024-09-19 10:23:20.687000,419.85001232747874,7
2024-09-19 10:23:20.736000,419.8410528446887,1004
2024-09-19 10:23:20.973000,419.8156870950205,97
2024-09-19 10:23:21.011000,419.8202127036499,96
2024-09-19 10:23:21.057000,419.8205520179685,998
2024-09-19 10:23:21.062000,419.81553266301216,104
2024-09-19 10:23:21.195000,419.80068115217045,999
2024-09-19 10:23:21.208000,419.8252323652839,102
2024-09-19 10:23:21.217000,419.8089789477626,14
2024-09-19 10:23:21.237000,419.8221044768856,10
2024-09-19 10:23:21.276000,419.8334688873655,95
2024-09-19 10:23:21.371000,419.82208894723846,1002
2024-09-19 10:23:21.386000,419.8283526329225,6
2024-09-19 10:23:21.413000,419.82601298673166,102
2024-09-19 10:23:21.426000,419.8293024081357,6
2024-09-19 10:23:21.568000,419.8049157983474,99
2024-09-19 10:23:21.620000,419.8115940147079,1002
2024-09-19 10:23:21.695000,419.8100817626022,13
2024-09-19 10:23:21.710000,419.7925216925845,997
2024-09-19 10:23:21.727000,419.8123358778192,102
2024-09-19 10:23:21.984000,419.7954189833885,9
2024-09-19 10:23:21.994000,419.8306666549486,11
2024-09-19 10:23:22.258000,419.7706596092357,1002
2024-09-19 10:23:22.318000,419.75867592711154,13
2024-09-19 10:23:22.876000,419.7686597906772,97
2024-09-19 10:23:22.885000,419.7798991981898,5
2024-09-19 10:23:22.923000,419.75441576300966,100
2024-09-19 10:23:23.229000,419.7810592162798,105
2024-09-19 10:23:23.280000,419.7637324295767,12
2024-09-19 10:23:23.502000,419.78184378903273,6
2024-09-19 10:23:23.532000,419.7682078554055,10
2024-09-19 10:23:23.956000,419.7531498250876,105
2024-09-19 10:23:24.036000,419.6914103540199,1003
2024-09-19 10:23:24.056000,419.7359374697508,7
2024-09-19 10:23:24.079000,419.7428483849137,997
2024-09-19 10:23:24.202000,419.7340641101053,101
2024-09-19 10:23:24.270000,419.6903395049745,105
2024-09-19 10:23:24.345000,419.7567412622649,996
2024-09-19 10:23:24.527000,419.7617830197136,100
2024-09-19 10:23:24.578000,419.7498716780738,15
2024-09-19 10:23:24.735000,419.7614849594135,100
2024-09-19 10:23:24.882000,419.74543909889184,12
2024-09-19 10:23:25.053000,419.6934463333664,105
2024-09-19 10:23:25.064000,419.6957537180476,1001
2024-09-19 10:23:25.078000,419.6743378926553,14
2024-09-19 10:23:25.170000,419.6874591689491,10
2024-09-19 10:23:25.259000,419.66887973859895,1005
2024-09-19 10:23:25.350000,419.67697752683085,5
2024-09-19 10:23:25.395000,419.7178170071448,103
2024-09-19 10:23:25.396000,419.6863601815037,1005
2024-09-19 10:23:25.400000,419.6935517159749,1003
2024-09-19 10:23:25.402000,419.6924985466792,10
2024-09-19 10:23:25.417000,419.69308208143553,104
2024-09-19 10:23:25.441000,419.7152233689376,1000
2024-09-19 10:23:25.457000,419.6914296766544,103
2024-09-19 10:23:25.466000,419.7411489895159,103
2024-09-19 10:23:25.511000,419.6885358788366,96
2024-09-19 10:23:25.547000,419.7273650428551,11
2024-09-19 10:23:25.598000,419.75575319451104,7
2024-09-19 10:23:25.600000,419.69011202651245,100
2024-09-19 10:23:25.688000,419.76732103953486,1001
2024-09-19 10:23:25.747000,419.6798979137245,1000
2024-09-19 10:23:25.789000,419.6796150069455,998
2024-09-19 10:23:25.813000,419.7021140433707,10
2024-09-19 10:23:25.993000,419.7265053987919,1002
2024-09-19 10:23:26.139000,419.7512534607061,100
2024-09-19 10:23:26.155000,419.7572266034072,7
2024-09-19 10:23:26.162000,419.85513076475024,14
2024-09-19 10:23:26.215000,419.7605636506848,9
2024-09-19 10:23:26.229000,419.75947889022825,14
2024-09-19 10:23:26.276000,419.7386763814862,15
2024-09-19 10:23:26.288000,419.7375829012513,95
2024-09-19 10:23:26.360000,419.8115490722967,105
2024-09-19 10:23:26.364000,419.854148653365,1004
2024-09-19 10:23:26.384000,419.7461224418396,6
2024-09-19 10:23:26.396000,419.7510661540588,10
2024-09-19 10:23:26.402000,419.76338119899583,998
2024-09-19 10:23:26.438000,419.746139069925,7
2024-09-19 10:23:26.457000,419.74838256532286,1004
2024-09-19 10:23:26.487000,419.74833029204535,998
2024-09-19 10:23:26.502000,419.753445568268,6
2024-09-19 10:23:26.512000,419.76281758300286,105
2024-09-19 10:23:26.531000,419.76023932198297,100
2024-09-19 10:23:26.621000,419.7934711657255,998
2024-09-19 10:23:26.656000,419.8360464208797,98
2024-09-19 10:23:26.669000,419.8322723393942,104
2024-09-19 10:23:26.692000,419.7659832607919,105
2024-09-19 10:23:26.711000,419.75931435395233,997
2024-09-19 10:23:26.730000,419.7659559266995,8
2024-09-19 10:23:26.761000,419.8302281289711,100
2024-09-19 10:23:26.823000,419.7596419088261,99
2024-09-19 10:23:26.823000,419.8395052799975,15
2024-09-19 10:23:26.890000,419.8513284583124,15
2024-09-19 10:23:26.993000,419.7397051634454,1003
2024-09-19 10:23:27.025000,419.9050317281728,98
2024-09-19 10:23:27.061000,419.89849355180286,10
2024-09-19 10:23:27.331000,419.8436460262352,1004
2024-09-19 10:23:27.335000,419.8496446816171,15
2024-09-19 10:23:27.346000,419.8898249873823,998
2024-09-19 10:23:27.390000,419.8641629749805,999
2024-09-19 10:23:27.394000,419.86618559473993,996
2024-09-19 10:23:27.442000,419.9029776697436,1003
2024-09-19 10:23:27.517000,419.92181386790526,1005
2024-09-19 10:23:27.557000,419.87648649673343,998
2024-09-19 10:23:27.577000,419.8406424501321,97
2024-09-19 10:23:27.580000,419.9024436845052,9
2024-09-19 10:23:27.634000,419.909091824701,99
2024-09-19 10:23:27.659000,419.89882765211183,97
2024-09-19 10:23:27.712000,419.83070668204033,6
2024-09-19 10:23:27.727000,419.8230583957451,995
2024-09-19 10:23:27.824000,419.8699209582026,1004
2024-09-19 10:23:27.871000,419.87381060599233,5
2024-09-19 10:23:27.881000,419.8576454307592,98
2024-09-19 10:23:27.892000,419.8748685651884,8
2024-09-19 10:23:27.897000,419.8828368937741,95
2024-09-19 10:23:27.962000,419.9028515378821,5
2024-09-19 10:23:28.026000,419.8969454754347,1001
2024-09-19 10:23:29.043000,419.875165286014,97
2024-09-19 10:23:29.115000,419.8730827386076,13
2024-09-19 10:23:29.170000,419.8890923228877,14
2024-09-19 10:23:29.480000,419.894259132184,9
2024-09-19 10:23:29.525000,419.9005230052489,997
2024-09-19 10:23:29.589000,419.86909330668607,7
2024-09-19 10:23:29.639000,419.8967643791348,96
2024-09-19 10:23:29.648000,419.87871529120827,14
2024-09-19 10:23:29.714000,419.8730987316823,11
2024-09-19 10:23:29.753000,419.8880598160592,5
2024-09-19 10:23:29.930000,419.9124651493049,995
2024-09-19 10:23:30.012000,419.9120159498162,99
2024-09-19 10:23:30.119000,419.9092107419448,1004
2024-09-19 10:23:30.129000,419.9123909785349,1002
2024-09-19 10:23:30.159000,419.8867708818124,102
2024-09-19 10:23:30.159000,419.90096838856346,998
2024-09-19 10:23:30.183000,419.9303865816534,1005
2024-09-19 10:23:30.249000,419.91866645840815,102
2024-09-19 10:23:30.341000,419.9082603903096,5
2024-09-19 10:23:30.357000,419.904096776908,1004
2024-09-19 10:23:30.368000,419.92987256529625,15
2024-09-19 10:23:30.386000,419.9016315246823,999
2024-09-19 10:23:30.459000,419.9323213394727,996
2024-09-19 10:23:30.461000,419.9291620724817,11
2024-09-19 10:23:30.498000,419.92755208547374,99
2024-09-19 10:23:30.612000,419.9307637806691,100
2024-09-19 10:23:30.787000,419.91107870699335,102
2024-09-19 10:23:30.836000,419.9014158067696,8
2024-09-19 10:23:30.897000,419.9242505261963,101
2024-09-19 10:23:30.934000,419.8990761502795,1001
2024-09-19 10:23:32.007000,419.9527749206853,99
2024-09-19 10:23:32.088000,419.9624496546557,97
2024-09-19 10:23:32.099000,419.90893756145215,8
2024-09-19 10:23:32.108000,419.9014154568888,1004
2024-09-19 10:23:32.321000,419.9499737769021,13
2024-09-19 10:23:32.453000,419.91750231970383,997
2024-09-19 10:23:32.468000,419.89833055154776,97
2024-09-19 10:23:32.492000,419.9376819731654,6
2024-09-19 10:23:32.492000,419.93864371920665,1000
2024-09-19 10:23:32.578000,419.91578136013146,9
2024-09-19 10:23:32.654000,419.9015060884572,999
2024-09-19 10:23:32.679000,419.9277928508645,14
2024-09-19 10:23:32.717000,419.9511831224929,9
2024-09-19 10:23:32.795000,419.9068732154551,1003
2024-09-19 10:23:32.808000,419.9533468665265,12
2024-09-19 10:23:32.829000,419.9261273396369,105
2024-09-19 10:23:32.835000,419.95688101797566,11
2024-09-19 10:23:32.873000,419.9414305919759,105
2024-09-19 10:23:32.882000,419.92198986901,6
2024-09-19 10:23:32.963000,419.9263750855729,100
2024-09-19 10:23:33.076000,419.9539744682453,1000
2024-09-19 10:23:33.125000,419.9642673934154,8
2024-09-19 10:23:33.223000,419.9736824934173,996
2024-09-19 10:23:33.270000,419.9662556863255,999
2024-09-19 10:23:33.346000,419.9529629439872,7
2024-09-19 10:23:33.373000,419.9754060057844,995
2024-09-19 10:23:33.434000,419.9463195099764,999
2024-09-19 10:23:33.621000,419.9587157069183,1005
2024-09-19 10:23:33.632000,419.9521757309231,997
2024-09-19 10:23:33.714000,419.9511144871568,95
2024-09-19 10:23:33.745000,419.9660468951886,1005
2024-09-19 10:23:33.775000,419.96611528550864,15
2024-09-19 10:23:33.795000,419.9561628508153,104
2024-09-19 10:23:33.854000,419.9746902696874,1003
2024-09-19 10:23:34.107000,419.9513122450624,99
2024-09-19 10:23:34.110000,419.9294629306053,1004
2024-09-19 10:23:34.235000,419.9305788041186,13
2024-09-19 10:23:34.308000,419.9467903220193,997
2024-09-19 10:23:34.312000,419.9324920406662,9
2024-09-19 10:23:34.328000,419.9288347104191,10
2024-09-19 10:23:34.402000,419.934405669126,7
2024-09-19 10:23:34.421000,419.9319972483122,100
2024-09-19 10:23:34.476000,419.9495118580776,1000
2024-09-19 10:23:34.518000,419.9326226744869,13
2024-09-19 10:23:34.571000,419.9341583817424,15
2024-09-19 10:23:34.572000,419.9403744072375,1000
2024-09-19 10:23:34.624000,419.92020692060015,6
2024-09-19 10:23:34.729000,419.9317160424409,9
2024-09-19 10:23:34.831000,419.944145329134,99
2024-09-19 10:23:34.864000,419.9231704933907,97
2024-09-19 10:23:34.876000,419.9284475806791,1003
2024-09-19 10:23:34.882000,419.9170115264053,1003
2024-09-19 10:23:34.929000,419.92612098126153,97
2024-09-19 10:23:35.288000,419.92073597529634,1003
2024-09-19 10:23:35.331000,419.91382249198045,1005
2024-09-19 10:23:35.405000,419.9238149629723,99
2024-09-19 10:23:35.812000,419.9287476227781,11
2024-09-19 10:23:35.964000,419.9227261424925,95
2024-09-19 10:23:35.964000,419.91657686768815,104
2024-09-19 10:23:35.965000,419.9239417855516,98
2024-09-19 10:23:36.044000,419.8652714594486,15
2024-09-19 10:23:36.275000,419.9669879035226,95
2024-09-19 10:23:36.353000,419.9043832725215,102
2024-09-19 10:23:36.374000,419.8629083081354,9
2024-09-19 10:23:36.384000,419.9260502070781,103
2024-09-19 10:23:36.420000,419.87268960288384,6
2024-09-19 10:23:36.539000,419.8603701772742,997
2024-09-19 10:23:36.556000,419.8806258216709,5
2024-09-19 10:23:36.564000,419.9418913819246,996
2024-09-19 10:23:36.609000,419.9004251519734,1004
2024-09-19 10:23:36.654000,419.8722308708837,10
2024-09-19 10:23:36.768000,419.8990424818469,105
2024-09-19 10:23:36.785000,419.9259743979589,13
2024-09-19 10:23:36.857000,419.8894397528583,103
2024-09-19 10:23:36.970000,419.8756846611128,997
2024-09-19 10:23:36.976000,419.8687155135505,996
2024-09-19 10:23:37.116000,419.93908758242696,11
2024-09-19 10:23:37.226000,419.9477506807789,1000
2024-09-19 10:23:37.246000,419.93698992438175,8
2024-09-19 10:23:37.339000,419.956304105858,995
2024-09-19 10:23:37.485000,419.97930683216936,7
2024-09-19 10:23:37.508000,419.94466461556254,998
2024-09-19 10:23:37.535000,419.9797775880941,8
2024-09-19 10:23:37.645000,419.9678051982396,13
2024-09-19 10:23:37.658000,419.9676138181984,96
2024-09-19 10:23:37.658000,419.9692127761161,996
2024-09-19 10:23:37.740000,419.9464917841692,10
2024-09-19 10:23:37.752000,419.96957412056526,7
2024-09-19 10:23:37.794000,419.9440325922743,100
2024-09-19 10:23:37.985000,419.9550386195649,5
2024-09-19 10:23:38.111000,420.0026350640379,7
2024-09-19 10:23:38.376000,419.9745729700759,102
2024-09-19 10:23:38.467000,419.9928663883758,99
2024-09-19 10:23:38.543000,420.0074331600976,6
2024-09-19 10:23:38.607000,419.99778444098666,95
2024-09-19 10:23:38.855000,420.00330253052607,97
2024-09-19 10:23:38.928000,420.0007034457248,96
2024-09-19 10:23:39.442000,419.9977864687128,13
2024-09-19 10:23:40,419.9914958576784,102
2024-09-19 10:23:40.003000,419.9980599647175,98
2024-09-19 10:23:40.080000,420.0043084454497,997
2024-09-19 10:23:40.278000,419.9991213072271,100
2024-09-19 10:23:40.294000,420.0193705561497,14
2024-09-19 10:23:40.422000,420.0076064074181,12
2024-09-19 10:23:40.452000,420.01454049414025,100
2024-09-19 10:23:40.479000,420.0066773231624,13
2024-09-19 10:23:40.563000,419.973876346745,7
2024-09-19 10:23:40.639000,420.0159973175997,95
2024-09-19 10:23:41.189000,420.0784720843878,1001
2024-09-19 10:23:41.207000,420.07301658943504,104
2024-09-19 10:23:41.542000,420.0731532955672,10
2024-09-19 10:23:41.559000,420.0634478245759,99
2024-09-19 10:23:41.697000,420.05686415602656,999
2024-09-19 10:23:41.721000,420.030289221216,13
2024-09-19 10:23:41.997000,420.0712681196265,997
2024-09-19 10:23:42.046000,420.0269502312895,7
2024-09-19 10:23:42.062000,420.009864819121,997
2024-09-19 10:23:42.067000,419.96661104860345,996
2024-09-19 10:23:42.223000,420.0350236282985,97
2024-09-19 10:23:42.224000,420.04795633136496,1004
2024-09-19 10:23:42.281000,419.9656276640228,8
2024-09-19 10:23:42.311000,420.0083416007981,7
2024-09-19 10:23:42.367000,420.0527927326849,996
2024-09-19 10:23:42.457000,420.0669263279042,6
2024-09-19 10:23:42.511000,419.9740334494256,15
2024-09-19 10:23:42.513000,419.9684403373094,95
2024-09-19 10:23:42.523000,420.08241032776834,104
2024-09-19 10:23:42.530000,420.0517035463302,995
2024-09-19 10:23:42.535000,419.98695887327415,99
2024-09-19 10:23:42.551000,420.01840538748417,9
2024-09-19 10:23:42.625000,420.0492802888261,995
2024-09-19 10:23:42.695000,419.9976354902832,1004
2024-09-19 10:23:42.778000,419.9906187986828,1003
2024-09-19 10:23:42.857000,420.0669270041825,9
2024-09-19 10:23:42.868000,419.94747612776655,9
2024-09-19 10:23:42.889000,420.0172734454181,9
2024-09-19 10:23:42.902000,419.9913391803224,12
2024-09-19 10:23:42.921000,419.9622679922674,5
2024-09-19 10:23:42.927000,419.9826445209148,101
2024-09-19 10:23:42.932000,419.9913583193726,995
2024-09-19 10:23:42.942000,419.9812566931515,8
2024-09-19 10:23:43.060000,420.0094143261799,96
2024-09-19 10:23:43.087000,419.9724719513972,103
2024-09-19 10:23:43.136000,419.9927028162055,10
2024-09-19 10:23:43.226000,420.00532346247,15
2024-09-19 10:23:43.245000,420.01110449100776,1005
2024-09-19 10:23:43.436000,419.98164417876734,98
2024-09-19 10:23:43.629000,420.004471842128,103
2024-09-19 10:23:43.702000,420.00567641613776,995
2024-09-19 10:23:43.810000,420.0140049408377,1002
2024-09-19 10:23:43.861000,419.9698657158404,95
2024-09-19 10:23:43.934000,419.9972798895064,998
2024-09-19 10:23:45.034000,420.0051447483909,5
2024-09-19 10:23:45.115000,420.0301930486057,1004
2024-09-19 10:23:45.172000,420.0173326471808,1001
2024-09-19 10:23:45.252000,420.0061601173381,1004
2024-09-19 10:23:45.262000,420.04934686088745,103
2024-09-19 10:23:45.268000,420.0021251517216,995
2024-09-19 10:23:45.273000,420.0309098024079,99
2024-09-19 10:23:45.302000,419.9980503575694,101
2024-09-19 10:23:45.302000,420.01067213327,13
2024-09-19 10:23:45.303000,420.0338441768785,9
2024-09-19 10:23:45.321000,420.0224940996709,102
2024-09-19 10:23:45.370000,420.0213269202149,103
2024-09-19 10:23:45.393000,420.007477758363,102
2024-09-19 10:23:45.511000,420.0220655010225,105
2024-09-19 10:23:45.556000,420.0100550741475,104
2024-09-19 10:23:45.558000,420.0344720785513,1003
2024-09-19 10:23:45.735000,420.0287157895884,997
2024-09-19 10:23:45.737000,420.0119359023723,998
2024-09-19 10:23:45.753000,420.0310246938568,101
2024-09-19 10:23:45.766000,420.05017469986,6
2024-09-19 10:23:45.818000,420.0261225164286,1000
2024-09-19 10:23:45.837000,420.0319965180681,1001
2024-09-19 10:23:45.841000,420.0158525345427,102
2024-09-19 10:23:45.848000,419.9936764994257,7
2024-09-19 10:23:45.939000,420.0445688300026,12
2024-09-19 10:23:45.995000,420.00519062791096,1001
2024-09-19 10:23:45.999000,420.0073719893584,102
2024-09-19 10:23:46.013000,419.9636985457151,100
2024-09-19 10:23:46.113000,420.0036697693935,7
2024-09-19 10:23:46.175000,419.9729158537479,102
2024-09-19 10:23:46.207000,419.9837860541892,100
2024-09-19 10:23:46.208000,420.00409785226793,97
2024-09-19 10:23:46.307000,419.9843393072377,10
2024-09-19 10:23:46.492000,420.0043542542264,11
2024-09-19 10:23:46.499000,419.9650764698106,1002
2024-09-19 10:23:46.538000,419.98719984328966,97
2024-09-19 10:23:46.613000,419.99683484577145,10
2024-09-19 10:23:46.732000,419.9959896973912,8
2024-09-19 10:23:46.737000,419.9493948747113,102
2024-09-19 10:23:46.765000,419.9902024950086,15
2024-09-19 10:23:46.911000,419.9575741331929,1001
2024-09-19 10:23:46.946000,420.00095124101216,5
2024-09-19 10:23:47.097000,419.961074395744,997
2024-09-19 10:23:47.361000,419.9702330207576,9
2024-09-19 10:23:47.823000,419.9528772012135,99
2024-09-19 10:23:47.980000,419.94808139344303,11
2024-09-19 10:23:49.007000,419.9680123262841,95
2024-09-19 10:23:49.080000,419.9565798164481,1003
2024-09-19 10:23:49.122000,419.9612385900876,102
2024-09-19 10:23:49.161000,419.9570998353309,10
2024-09-19 10:23:49.434000,419.944222952578,100
2024-09-19 10:23:49.620000,419.9652266140959,11
2024-09-19 10:23:49.628000,419.9431089519799,96
2024-09-19 10:23:49.654000,419.95455823718544,9
2024-09-19 10:23:49.731000,419.9520722158244,102
2024-09-19 10:23:49.858000,419.96918891601126,14
2024-09-19 10:23:49.975000,419.95974068405087,1002
2024-09-19 10:23:50.008000,419.9660058551091,96
2024-09-19 10:23:50.474000,419.9625909450165,999
2024-09-19 10:23:50.870000,419.96758762521966,996
2024-09-19 10:23:50.990000,419.9666254887076,101
2024-09-19 10:23:51.061000,419.8670952697847,995
2024-09-19 10:23:51.191000,419.9026884208334,995
2024-09-19 10:23:51.349000,419.8825271066288,96
2024-09-19 10:23:51.486000,419.896475000981,96
2024-09-19 10:23:51.563000,419.94583383250745,13
2024-09-19 10:23:51.658000,419.9008342033078,998
2024-09-19 10:23:51.663000,419.8825210950285,15
2024-09-19 10:23:51.663000,419.8725752706061,98
2024-09-19 10:23:51.813000,419.8839487065764,14
2024-09-19 10:23:51.821000,419.894456779472,99
2024-09-19 10:23:51.825000,419.9044943424724,104
2024-09-19 10:23:51.826000,419.8744847801577,1005
2024-09-19 10:23:51.870000,419.90754775169785,95
2024-09-19 10:23:51.887000,419.9603159743335,98
2024-09-19 10:23:51.965000,419.8696353865796,1000
2024-09-19 10:23:51.975000,419.9758210271853,1003
2024-09-19 10:23:51.981000,419.9013236267381,97
2024-09-19 10:23:51.998000,419.877555789094,15
2024-09-19 10:23:52.029000,419.8965045311227,96
2024-09-19 10:23:52.048000,419.87887154692464,1002
2024-09-19 10:23:52.150000,419.90861618385753,9
2024-09-19 10:23:52.278000,419.9169921534998,5
2024-09-19 10:23:52.517000,419.86790945726005,999
2024-09-19 10:23:52.586000,419.917866784903,14
2024-09-19 10:23:52.597000,419.85962535749366,103
2024-09-19 10:23:52.623000,419.9308479436637,15
2024-09-19 10:23:52.691000,419.8785842637326,995
2024-09-19 10:23:52.713000,419.86952024602107,9
2024-09-19 10:23:52.716000,419.87187618348776,8
2024-09-19 10:23:52.737000,419.8459759861128,103
2024-09-19 10:23:52.758000,419.8757422956911,1000
2024-09-19 10:23:52.902000,419.8732758028198,1001
2024-09-19 10:23:52.911000,419.8580707817526,99
2024-09-19 10:23:53.155000,419.8652154551962,1003
2024-09-19 10:23:53.156000,419.89218927991766,103
2024-09-19 10:23:53.163000,419.89870069475086,11
2024-09-19 10:23:53.164000,419.9206068525483,97
2024-09-19 10:23:53.188000,419.8890505735703,105
2024-09-19 10:23:53.262000,419.9233138065247,1004
2024-09-19 10:23:53.287000,419.91937481686006,1001
2024-09-19 10:23:53.321000,419.8816877868678,99
2024-09-19 10:23:53.364000,419.863265521098,995
2024-09-19 10:23:53.481000,419.9229593702101,5
2024-09-19 10:23:53.528000,419.91106678578,14
2024-09-19 10:23:53.532000,419.8824844616706,10
2024-09-19 10:23:53.566000,419.8967795844941,97
2024-09-19 10:23:53.588000,419.8816155133677,5
2024-09-19 10:23:53.618000,419.9254330666507,6
2024-09-19 10:23:53.620000,419.8732150094682,98
2024-09-19 10:23:53.752000,419.8944668608898,1003
2024-09-19 10:23:53.828000,419.916661948368,100
2024-09-19 10:23:53.840000,419.8754924324111,13
2024-09-19 10:23:53.864000,419.89315963078775,9
2024-09-19 10:23:53.910000,419.8801916353437,995
2024-09-19 10:23:53.919000,419.87145585036495,95
2024-09-19 10:23:54.072000,419.92120865791793,15
2024-09-19 10:23:54.093000,419.9025548479079,997
2024-09-19 10:23:54.109000,419.897921372152,96
2024-09-19 10:23:54.178000,419.9225323867356,95
2024-09-19 10:23:54.299000,419.88057969824064,1004
2024-09-19 10:23:54.301000,419.86926213338114,95
2024-09-19 10:23:54.480000,419.8848018355537,101
2024-09-19 10:23:54.489000,419.8594971360152,995
2024-09-19 10:23:54.506000,419.9183266307333,1002
2024-09-19 10:23:54.610000,419.8635842341485,105
2024-09-19 10:23:54.667000,419.8921568560822,999
2024-09-19 10:23:54.709000,419.88433551056096,10
2024-09-19 10:23:54.732000,419.9259426890848,14
2024-09-19 10:23:54.804000,419.8658118883585,105
2024-09-19 10:23:54.881000,419.9041823759576,97
2024-09-19 10:23:54.898000,419.8953695910172,9
2024-09-19 10:23:54.913000,419.8956605803918,8
2024-09-19 10:23:55.099000,419.8744277050404,1004
2024-09-19 10:23:56.044000,419.89085559545634,996
2024-09-19 10:23:56.111000,419.8824643350369,7
2024-09-19 10:23:56.173000,419.8964221804932,1005
2024-09-19 10:23:56.232000,419.8934353357796,999
2024-09-19 10:23:56.425000,419.884428738807,995
2024-09-19 10:23:56.443000,419.90735379791454,96
2024-09-19 10:23:56.477000,419.8974746806842,8
2024-09-19 10:23:56.546000,419.8626687264455,97
2024-09-19 10:23:56.576000,419.8834758301917,1005
2024-09-19 10:23:56.707000,419.8734392287528,101
2024-09-19 10:23:56.726000,419.9057639868586,97
2024-09-19 10:23:56.739000,419.8610791066267,95
2024-09-19 10:23:56.758000,419.8663725217364,96
2024-09-19 10:23:56.820000,419.8929897479649,1004
2024-09-19 10:23:57.003000,419.8448058775234,105
2024-09-19 10:23:57.036000,419.8391678308416,1003
2024-09-19 10:23:57.132000,419.84629521684514,100
2024-09-19 10:23:57.234000,419.82944277562393,1001
2024-09-19 10:23:57.244000,419.8311044343396,1001
2024-09-19 10:23:57.264000,419.8419219439597,11
2024-09-19 10:23:57.284000,419.8479538171601,100
2024-09-19 10:23:57.304000,419.84617667121256,9
2024-09-19 10:23:57.356000,419.8573499226909,1005
2024-09-19 10:23:57.358000,419.8470611723676,11
2024-09-19 10:23:57.377000,419.84394013560944,9
2024-09-19 10:23:57.399000,419.82277900067504,104
2024-09-19 10:23:57.435000,419.83724466971466,10
2024-09-19 10:23:57.456000,419.8152657808851,14
2024-09-19 10:23:57.492000,419.8259265068052,11
2024-09-19 10:23:57.547000,419.8466097858864,998
2024-09-19 10:23:57.662000,419.85210386271865,7
2024-09-19 10:23:57.706000,419.8225699022976,98
2024-09-19 10:23:57.732000,419.82885152425945,9
2024-09-19 10:23:57.823000,419.8273992471384,12
2024-09-19 10:23:57.845000,419.8802943305944,95
2024-09-19 10:23:57.889000,419.8314657368791,7
2024-09-19 10:23:57.904000,419.8404013865871,999
2024-09-19 10:23:57.915000,419.8486272692032,5
2024-09-19 10:23:57.944000,419.8701488240784,12
2024-09-19 10:23:57.994000,419.8791845684141,103
2024-09-19 10:23:58.019000,419.8412681966289,104
2024-09-19 10:23:58.073000,419.8547736988204,1000
2024-09-19 10:23:58.111000,419.8410436451225,104
2024-09-19 10:23:58.117000,419.8478157615367,1005
2024-09-19 10:23:58.119000,419.8680146614143,12
2024-09-19 10:23:58.161000,419.8430995998975,95
2024-09-19 10:23:58.289000,419.85984126432,104
2024-09-19 10:23:58.313000,419.8487285162668,104
2024-09-19 10:23:58.320000,419.8640048609381,1000
2024-09-19 10:23:58.343000,419.831347757684,99
2024-09-19 10:23:58.352000,419.8433335301741,9
2024-09-19 10:23:58.364000,419.8425733170256,995
2024-09-19 10:23:58.380000,419.84306467461766,6
2024-09-19 10:23:58.461000,419.8545064078988,7
2024-09-19 10:23:58.547000,419.83306311445233,1005
2024-09-19 10:23:58.652000,419.8682003112585,997
2024-09-19 10:23:58.703000,419.84422821879576,1000
2024-09-19 10:23:58.726000,419.8487037600082,8
2024-09-19 10:23:58.773000,419.8522849443089,995
2024-09-19 10:23:58.775000,419.8938406957545,998
2024-09-19 10:23:58.839000,419.8304265549645,996
2024-09-19 10:23:58.841000,419.8990194550085,13
2024-09-19 10:23:58.860000,419.87378385474113,996
2024-09-19 10:23:58.897000,419.8641076847608,12
2024-09-19 10:23:58.930000,419.8378786849963,97
2024-09-19 10:23:58.949000,419.88427327175685,99
2024-09-19 10:23:58.975000,419.87566086150656,7
2024-09-19 10:23:58.987000,419.8354217865773,7
2024-09-19 10:23:59.064000,419.7406110899968,15
2024-09-19 10:23:59.090000,419.72616077187087,10
2024-09-19 10:23:59.102000,419.7318836132894,103
2024-09-19 10:23:59.154000,419.7594529693976,99
2024-09-19 10:23:59.183000,419.7295299308799,6
2024-09-19 10:23:59.191000,419.7702457731773,96
2024-09-19 10:23:59.484000,419.7332005025566,1000
2024-09-19 10:23:59.548000,419.74198190842674,5
2024-09-19 10:23:59.571000,419.7476182053412,11
2024-09-19 10:23:59.591000,419.8545637856764,15
2024-09-19 10:23:59.719000,419.8468225044907,101
2024-09-19 10:23:59.752000,419.7516204460752,1000
2024-09-19 10:23:59.775000,419.7477393754892,103
2024-09-19 10:23:59.800000,419.8196653972012,998
2024-09-19 10:23:59.801000,419.7420494280727,98
2024-09-19 10:23:59.862000,419.782846211473,8
2024-09-19 10:23:59.864000,419.7773551758103,996
2024-09-19 10:23:59.877000,419.7120475969856,5
2024-09-19 10:23:59.937000,419.7593898528898,10
2024-09-19 10:23:59.976000,419.7151841852937,97
