Timestamp,Price,Size
2024-09-16 09:53:00.054000,418.8062695209323,5
2024-09-16 09:53:00.063000,418.8850502881895,995
2024-09-16 09:53:00.102000,418.8649833860128,7
2024-09-16 09:53:00.153000,418.8512564796732,6
2024-09-16 09:53:00.184000,418.7970529939013,97
2024-09-16 09:53:00.193000,418.9077947778253,11
2024-09-16 09:53:00.260000,418.8751295245672,1000
2024-09-16 09:53:00.262000,418.8166390613907,15
2024-09-16 09:53:00.322000,418.7857480775422,100
2024-09-16 09:53:00.370000,418.8393305963131,101
2024-09-16 09:53:00.395000,418.8217610449402,996
2024-09-16 09:53:00.457000,418.909312578859,99
2024-09-16 09:53:00.515000,418.894551014693,1005
2024-09-16 09:53:00.598000,418.834737524548,99
2024-09-16 09:53:00.622000,418.82480767560577,1000
2024-09-16 09:53:00.659000,418.82882149459135,95
2024-09-16 09:53:00.667000,418.78577857148696,995
2024-09-16 09:53:00.669000,418.8498156357188,1001
2024-09-16 09:53:00.773000,418.90891578156857,98
2024-09-16 09:53:00.782000,418.8070718141536,1003
2024-09-16 09:53:00.877000,418.8307770142478,105
2024-09-16 09:53:00.885000,418.7968398360256,997
2024-09-16 09:53:00.897000,418.8392537123681,15
2024-09-16 09:53:00.911000,418.9250108954264,99
2024-09-16 09:53:00.913000,418.8044916215037,98
2024-09-16 09:53:00.939000,418.9047323087542,105
2024-09-16 09:53:00.947000,418.8034697230379,11
2024-09-16 09:53:00.959000,418.78939093935264,995
2024-09-16 09:53:01,418.75310352621375,998
2024-09-16 09:53:01.035000,418.8252808653993,102
2024-09-16 09:53:01.087000,418.7775541088271,998
2024-09-16 09:53:01.138000,418.8124200597665,95
2024-09-16 09:53:01.375000,418.7866244763742,100
2024-09-16 09:53:01.381000,418.7814964612019,104
2024-09-16 09:53:01.391000,418.8169393163581,100
2024-09-16 09:53:01.408000,418.7756537271248,998
2024-09-16 09:53:01.418000,418.7915668845513,1000
2024-09-16 09:53:01.471000,418.79377226142685,6
2024-09-16 09:53:01.481000,418.80757833404783,102
2024-09-16 09:53:01.568000,418.8084115257592,997
2024-09-16 09:53:01.674000,418.7837500744973,99
2024-09-16 09:53:01.703000,418.82859500341016,95
2024-09-16 09:53:01.776000,418.8006721512931,96
2024-09-16 09:53:01.901000,418.7821828214424,104
2024-09-16 09:53:02.124000,418.7395869647683,1002
2024-09-16 09:53:02.631000,418.71154523408177,9
2024-09-16 09:53:02.776000,418.7443915349557,104
2024-09-16 09:53:02.971000,418.71954680026647,99
2024-09-16 09:53:03.127000,418.7775065068993,103
2024-09-16 09:53:03.158000,418.7075206403408,10
2024-09-16 09:53:03.158000,418.7794463825941,7
2024-09-16 09:53:03.206000,418.7104135362224,101
2024-09-16 09:53:03.217000,418.7123542852964,1004
2024-09-16 09:53:03.254000,418.7882835782782,102
2024-09-16 09:53:03.287000,418.68339463807945,1002
2024-09-16 09:53:03.359000,418.7900072487309,9
2024-09-16 09:53:03.361000,418.72776845241225,95
2024-09-16 09:53:03.458000,418.78939206426026,96
2024-09-16 09:53:03.471000,418.7213321185077,15
2024-09-16 09:53:03.492000,418.780072824416,998
2024-09-16 09:53:03.540000,418.70912284773743,998
2024-09-16 09:53:03.631000,418.7675948178375,15
2024-09-16 09:53:03.643000,418.7849236229256,1001
2024-09-16 09:53:03.647000,418.77981421533485,999
2024-09-16 09:53:03.668000,418.7713898388984,1005
2024-09-16 09:53:03.713000,418.7899981847919,1001
2024-09-16 09:53:03.754000,418.7523942118089,100
2024-09-16 09:53:03.766000,418.766895768597,996
2024-09-16 09:53:03.773000,418.7586871642008,96
2024-09-16 09:53:03.813000,418.6907308569622,100
2024-09-16 09:53:03.832000,418.79244745106246,997
2024-09-16 09:53:03.844000,418.7084928908853,1004
2024-09-16 09:53:03.860000,418.7839887266274,13
2024-09-16 09:53:03.871000,418.7669988632992,1000
2024-09-16 09:53:03.871000,418.7246821851576,995
2024-09-16 09:53:03.886000,418.7402101046566,1000
2024-09-16 09:53:03.911000,418.7936030526113,8
2024-09-16 09:53:04.023000,418.7928587674063,12
2024-09-16 09:53:04.036000,418.79831335049226,13
2024-09-16 09:53:04.078000,418.7847502928525,1001
2024-09-16 09:53:04.109000,418.7788355891431,5
2024-09-16 09:53:04.127000,418.80622884873713,98
2024-09-16 09:53:04.138000,418.788477316896,9
2024-09-16 09:53:04.139000,418.7826732908585,103
2024-09-16 09:53:04.170000,418.79580430141976,1000
2024-09-16 09:53:04.175000,418.81410567353134,1004
2024-09-16 09:53:04.188000,418.7759267349307,995
2024-09-16 09:53:04.213000,418.781106766367,15
2024-09-16 09:53:04.220000,418.781490679593,100
2024-09-16 09:53:04.293000,418.80945095265554,7
2024-09-16 09:53:04.351000,418.7775984361876,15
2024-09-16 09:53:04.364000,418.8241691879185,101
2024-09-16 09:53:04.409000,418.80455370843873,996
2024-09-16 09:53:04.413000,418.7861903964503,1002
2024-09-16 09:53:04.456000,418.80040178318,14
2024-09-16 09:53:04.584000,418.7744042687968,14
2024-09-16 09:53:04.598000,418.7819813077711,997
2024-09-16 09:53:04.619000,418.76916012497617,99
2024-09-16 09:53:04.718000,418.8055966907366,997
2024-09-16 09:53:04.732000,418.7764146583543,1003
2024-09-16 09:53:04.849000,418.7824081727669,1001
2024-09-16 09:53:04.874000,418.796073847076,5
2024-09-16 09:53:04.919000,418.7792578864354,995
2024-09-16 09:53:04.996000,418.8042665963464,998
2024-09-16 09:53:05.104000,418.77674482847647,1000
2024-09-16 09:53:05.152000,418.7686684988676,100
2024-09-16 09:53:05.265000,418.7465759727896,15
2024-09-16 09:53:05.373000,418.75371900285273,99
2024-09-16 09:53:05.436000,418.778518484522,10
2024-09-16 09:53:05.474000,418.7638460571562,12
2024-09-16 09:53:05.656000,418.78531130228265,11
2024-09-16 09:53:05.728000,418.7784075085269,13
2024-09-16 09:53:05.780000,418.766124950313,97
2024-09-16 09:53:05.781000,418.769045004127,12
2024-09-16 09:53:05.804000,418.7565524466861,10
2024-09-16 09:53:06.012000,418.724459514031,101
2024-09-16 09:53:06.019000,418.7284339658717,1002
2024-09-16 09:53:06.072000,418.73117475585553,96
2024-09-16 09:53:06.123000,418.7317416249701,6
2024-09-16 09:53:06.206000,418.7600084986637,13
2024-09-16 09:53:06.260000,418.740933204424,14
2024-09-16 09:53:06.373000,418.7332009278517,14
2024-09-16 09:53:06.378000,418.7930454178503,11
2024-09-16 09:53:06.422000,418.7749751054114,998
2024-09-16 09:53:06.435000,418.7422799528864,995
2024-09-16 09:53:06.460000,418.7523267303888,1000
2024-09-16 09:53:06.611000,418.7410066171536,5
2024-09-16 09:53:06.626000,418.74437786428655,1005
2024-09-16 09:53:06.902000,418.7425633398501,103
2024-09-16 09:53:06.909000,418.73575632543424,100
2024-09-16 09:53:06.999000,418.7207801412388,999
2024-09-16 09:53:07.018000,418.8094150169868,6
2024-09-16 09:53:07.031000,418.8058805655818,1005
2024-09-16 09:53:07.073000,418.8304323018699,995
2024-09-16 09:53:07.191000,418.795241123817,8
2024-09-16 09:53:07.265000,418.82064006524126,7
2024-09-16 09:53:07.461000,418.8147685560874,1001
2024-09-16 09:53:07.528000,418.8036324395425,1003
2024-09-16 09:53:07.536000,418.8248773200953,995
2024-09-16 09:53:07.621000,418.82593173720704,7
2024-09-16 09:53:07.709000,418.8142198951296,997
2024-09-16 09:53:07.788000,418.7949547329571,9
2024-09-16 09:53:07.883000,418.8174474894479,14
2024-09-16 09:53:08.092000,418.801472971113,97
2024-09-16 09:53:08.213000,418.8144930288663,100
2024-09-16 09:53:08.238000,418.8309524983872,1004
2024-09-16 09:53:08.257000,418.8313796120744,105
2024-09-16 09:53:08.267000,418.8409589347168,1001
2024-09-16 09:53:08.331000,418.85037454359576,13
2024-09-16 09:53:08.333000,418.8221256753149,103
2024-09-16 09:53:08.500000,418.8032829842893,12
2024-09-16 09:53:08.555000,418.7858946741466,1004
2024-09-16 09:53:08.576000,418.8560121744706,7
2024-09-16 09:53:08.579000,418.8363403330931,105
2024-09-16 09:53:08.604000,418.802463102123,7
2024-09-16 09:53:08.626000,418.796748716765,11
2024-09-16 09:53:08.737000,418.81307827938105,100
2024-09-16 09:53:08.753000,418.84116796597226,14
2024-09-16 09:53:08.784000,418.8490626183318,99
2024-09-16 09:53:08.881000,418.8095803593264,99
2024-09-16 09:53:08.954000,418.82033373748897,999
2024-09-16 09:53:09.106000,418.8541494090412,98
2024-09-16 09:53:09.180000,418.8423010992431,97
2024-09-16 09:53:09.234000,418.8942595650658,97
2024-09-16 09:53:09.239000,418.8471437052711,1003
2024-09-16 09:53:09.261000,418.90280367286,97
2024-09-16 09:53:09.307000,418.8893830858856,1005
2024-09-16 09:53:09.317000,418.9006096647609,7
2024-09-16 09:53:09.356000,418.8827447761743,5
2024-09-16 09:53:09.384000,418.8710783017999,999
2024-09-16 09:53:09.402000,418.85759214796286,12
2024-09-16 09:53:09.416000,418.88562861799534,7
2024-09-16 09:53:09.454000,418.8928833137717,6
2024-09-16 09:53:09.528000,418.9046718560485,99
2024-09-16 09:53:09.563000,418.8753950983802,105
2024-09-16 09:53:09.570000,418.84662151810494,95
2024-09-16 09:53:09.607000,418.8995817583744,9
2024-09-16 09:53:09.633000,418.8525849654124,1004
2024-09-16 09:53:09.731000,418.8847395188642,995
2024-09-16 09:53:09.831000,418.869198260293,101
2024-09-16 09:53:09.837000,418.8790859869029,11
2024-09-16 09:53:09.860000,418.8633007377624,998
2024-09-16 09:53:09.953000,418.8741196244002,101
2024-09-16 09:53:09.993000,418.90067465144045,1004
2024-09-16 09:53:10.021000,418.8521351707627,96
2024-09-16 09:53:10.045000,418.8366102865865,1004
2024-09-16 09:53:10.051000,418.8254205791317,15
2024-09-16 09:53:10.457000,418.83256706122745,15
2024-09-16 09:53:10.467000,418.8376302194537,999
2024-09-16 09:53:10.477000,418.854104533936,105
2024-09-16 09:53:10.836000,418.8433112584488,98
2024-09-16 09:53:10.897000,418.8407642429197,14
2024-09-16 09:53:10.957000,418.8473881798382,9
2024-09-16 09:53:10.988000,418.82614976104327,1001
2024-09-16 09:53:11.035000,418.8340446001389,99
2024-09-16 09:53:11.098000,418.8445306345008,1004
2024-09-16 09:53:11.180000,418.8312056662036,105
2024-09-16 09:53:11.434000,418.8345853596005,12
2024-09-16 09:53:11.465000,418.8287740981402,998
2024-09-16 09:53:11.684000,418.8426152169584,1000
2024-09-16 09:53:11.756000,418.82306839423,8
2024-09-16 09:53:11.892000,418.8492046496176,6
2024-09-16 09:53:12.529000,418.8520724932874,97
2024-09-16 09:53:13.040000,418.8097802507218,996
2024-09-16 09:53:13.216000,418.8248619331517,1004
2024-09-16 09:53:13.312000,418.8269606007251,5
2024-09-16 09:53:13.383000,418.80053531896135,96
2024-09-16 09:53:13.429000,418.8505853129093,97
2024-09-16 09:53:13.523000,418.8343474744629,97
2024-09-16 09:53:13.625000,418.8336607603754,998
2024-09-16 09:53:13.628000,418.8382580547151,14
2024-09-16 09:53:13.888000,418.825859403848,15
2024-09-16 09:53:13.995000,418.8194443255056,6
2024-09-16 09:53:14.502000,418.85059665937337,999
2024-09-16 09:53:15.123000,418.8668464014053,97
2024-09-16 09:53:15.623000,418.8844388796494,999
2024-09-16 09:53:17.061000,418.8786416253226,996
2024-09-16 09:53:17.063000,418.8754906312127,13
2024-09-16 09:53:17.121000,418.8425112820648,1004
2024-09-16 09:53:17.147000,418.8566593474701,998
2024-09-16 09:53:17.608000,418.8581577744165,995
2024-09-16 09:53:17.649000,418.8672325612354,102
2024-09-16 09:53:17.714000,418.8691044725605,15
2024-09-16 09:53:18.023000,418.86820992880735,1003
2024-09-16 09:53:18.216000,418.85231863989975,13
2024-09-16 09:53:18.286000,418.943314686387,1001
2024-09-16 09:53:18.373000,418.9349844555713,999
2024-09-16 09:53:18.416000,418.8756953791057,8
2024-09-16 09:53:18.417000,418.88599822676105,998
2024-09-16 09:53:18.522000,418.9413280691127,12
2024-09-16 09:53:18.649000,418.9244337032316,11
2024-09-16 09:53:18.662000,418.94207909506446,96
2024-09-16 09:53:18.713000,418.86713118035095,10
2024-09-16 09:53:18.718000,418.8881568766888,998
2024-09-16 09:53:18.752000,418.9300352005324,997
2024-09-16 09:53:18.766000,418.9420144205504,103
2024-09-16 09:53:18.772000,418.9269814932785,1004
2024-09-16 09:53:18.808000,418.8684843405457,13
2024-09-16 09:53:18.846000,418.91281498172833,1001
2024-09-16 09:53:18.855000,418.89977691882046,105
2024-09-16 09:53:18.981000,418.92671960238647,104
2024-09-16 09:53:18.999000,418.8822091160292,15
2024-09-16 09:53:19,418.91933567048073,1003
2024-09-16 09:53:19.003000,418.92703141235165,11
2024-09-16 09:53:19.010000,418.9112598252422,95
2024-09-16 09:53:19.073000,418.9309517063141,997
2024-09-16 09:53:19.099000,418.9166587806705,996
2024-09-16 09:53:19.143000,418.9075617031079,1002
2024-09-16 09:53:19.232000,418.9114992178911,1000
2024-09-16 09:53:19.284000,418.9259045003941,99
2024-09-16 09:53:19.318000,418.91736601035154,5
2024-09-16 09:53:19.335000,418.9096532796539,10
2024-09-16 09:53:19.373000,418.90070285519135,13
2024-09-16 09:53:19.423000,418.908148155568,12
2024-09-16 09:53:19.446000,418.9235755795884,7
2024-09-16 09:53:19.455000,418.9299496682287,1004
2024-09-16 09:53:19.477000,418.89924387373566,97
2024-09-16 09:53:19.538000,418.91176244175256,5
2024-09-16 09:53:19.539000,418.9170595189655,7
2024-09-16 09:53:19.562000,418.9330019682924,97
2024-09-16 09:53:19.644000,418.9142536483048,11
2024-09-16 09:53:19.661000,418.9142532149423,12
2024-09-16 09:53:19.736000,418.9308737898394,1000
2024-09-16 09:53:19.885000,418.9373861026981,8
2024-09-16 09:53:19.895000,418.90650081761584,6
2024-09-16 09:53:19.896000,418.898853714003,1002
2024-09-16 09:53:19.981000,418.9083147914531,1004
2024-09-16 09:53:19.994000,418.9302309748484,1004
2024-09-16 09:53:20.044000,418.8904659535018,1002
2024-09-16 09:53:20.081000,418.9203024814134,105
2024-09-16 09:53:20.104000,418.91930841457656,1001
2024-09-16 09:53:20.109000,418.900302858852,1002
2024-09-16 09:53:20.122000,418.93924920030105,6
2024-09-16 09:53:20.197000,418.9532821998637,105
2024-09-16 09:53:20.219000,418.9007540521834,11
2024-09-16 09:53:20.247000,418.9485486736928,104
2024-09-16 09:53:20.268000,418.90314434266486,8
2024-09-16 09:53:20.281000,418.90236747335007,13
2024-09-16 09:53:20.315000,418.8948992188591,10
2024-09-16 09:53:20.355000,418.8972316099794,104
2024-09-16 09:53:20.381000,418.9200187434534,7
2024-09-16 09:53:20.450000,418.90033837539744,1004
2024-09-16 09:53:20.488000,418.9520383246838,1004
2024-09-16 09:53:20.530000,418.89345895374765,1000
2024-09-16 09:53:20.567000,418.9156020695543,105
2024-09-16 09:53:20.641000,418.9026375074506,97
2024-09-16 09:53:20.654000,418.9287499471927,1005
2024-09-16 09:53:20.700000,418.9248354457236,99
2024-09-16 09:53:20.722000,418.8942097632233,15
2024-09-16 09:53:20.722000,418.906794046702,1001
2024-09-16 09:53:20.804000,418.9290792159978,995
2024-09-16 09:53:20.832000,418.9322510361531,96
2024-09-16 09:53:20.840000,418.8888143654608,1005
2024-09-16 09:53:20.873000,418.9520760766106,104
2024-09-16 09:53:20.880000,418.90317911066217,11
2024-09-16 09:53:20.915000,418.89848308348456,103
2024-09-16 09:53:21.002000,418.89964543048046,15
2024-09-16 09:53:21.184000,418.9086007121307,8
2024-09-16 09:53:21.214000,418.8629451417031,5
2024-09-16 09:53:21.327000,418.86446683483456,102
2024-09-16 09:53:21.667000,418.85825070561,12
2024-09-16 09:53:21.760000,418.8709778070907,6
2024-09-16 09:53:21.812000,418.8843807873444,96
2024-09-16 09:53:22.097000,418.82212733502433,11
2024-09-16 09:53:22.280000,418.8367959975869,104
2024-09-16 09:53:22.288000,418.8671720042436,7
2024-09-16 09:53:22.374000,418.8390459912828,7
2024-09-16 09:53:22.746000,418.7869407656288,1003
2024-09-16 09:53:22.829000,418.8250971389353,998
2024-09-16 09:53:22.832000,418.78714567629015,102
2024-09-16 09:53:22.865000,418.84297128726297,104
2024-09-16 09:53:22.872000,418.81964382009375,12
2024-09-16 09:53:22.891000,418.79975867770185,95
2024-09-16 09:53:23.111000,418.8516522162312,999
2024-09-16 09:53:23.116000,418.7920467238581,15
2024-09-16 09:53:23.155000,418.8243618177341,104
2024-09-16 09:53:23.336000,418.8372011903264,103
2024-09-16 09:53:23.357000,418.86928411083454,995
2024-09-16 09:53:23.582000,418.7825233662184,14
2024-09-16 09:53:23.890000,418.8693396149872,13
2024-09-16 09:53:23.933000,418.80683093514784,1005
2024-09-16 09:53:24.029000,418.8561665866778,1001
2024-09-16 09:53:24.099000,418.8771137254687,96
2024-09-16 09:53:24.640000,418.8600158149606,97
2024-09-16 09:53:24.987000,418.8688840830383,99
2024-09-16 09:53:25.058000,418.89865351650735,11
2024-09-16 09:53:25.111000,418.88917219258616,97
2024-09-16 09:53:25.188000,418.9104527972561,10
2024-09-16 09:53:25.262000,418.8993881050564,1000
2024-09-16 09:53:25.273000,418.9171387596298,13
2024-09-16 09:53:25.326000,418.873980330086,10
2024-09-16 09:53:25.381000,418.9018423044906,103
2024-09-16 09:53:25.385000,418.867631730108,1002
2024-09-16 09:53:25.401000,418.86027238609387,104
2024-09-16 09:53:25.608000,418.8835760779164,1000
2024-09-16 09:53:25.748000,418.90330656654726,98
2024-09-16 09:53:25.945000,418.90175527702536,8
2024-09-16 09:53:26.012000,418.8446059965759,9
2024-09-16 09:53:26.027000,418.8776235976868,1002
2024-09-16 09:53:26.100000,418.8475865531717,7
2024-09-16 09:53:26.122000,418.84987662355024,14
2024-09-16 09:53:26.132000,418.84483642017375,997
2024-09-16 09:53:26.142000,418.8664891660098,999
2024-09-16 09:53:26.182000,418.8881194279829,103
2024-09-16 09:53:26.191000,418.8822030696441,1001
2024-09-16 09:53:26.202000,418.8487186948731,997
2024-09-16 09:53:26.220000,418.8409881393751,100
2024-09-16 09:53:26.229000,418.8760226434693,15
2024-09-16 09:53:26.234000,418.8641789107576,1004
2024-09-16 09:53:26.358000,418.8953553384608,101
2024-09-16 09:53:26.440000,418.86840167689405,7
2024-09-16 09:53:26.451000,418.860947254241,13
2024-09-16 09:53:26.478000,418.85127409793466,995
2024-09-16 09:53:26.594000,418.89690926586,9
2024-09-16 09:53:26.632000,418.8703380891114,8
2024-09-16 09:53:26.656000,418.8855037737123,1003
2024-09-16 09:53:26.707000,418.8737841588234,995
2024-09-16 09:53:26.708000,418.8868572048714,999
2024-09-16 09:53:26.728000,418.8550216239146,1004
2024-09-16 09:53:26.758000,418.8597391339946,5
2024-09-16 09:53:26.807000,418.85775748669226,1005
2024-09-16 09:53:26.829000,418.8612294318741,95
2024-09-16 09:53:26.971000,418.8515702890502,9
2024-09-16 09:53:26.996000,418.8449713492273,96
2024-09-16 09:53:27.019000,418.8667175620869,99
2024-09-16 09:53:27.035000,418.8679422295934,103
2024-09-16 09:53:27.111000,418.8941306838382,100
2024-09-16 09:53:27.121000,418.89945050318914,96
2024-09-16 09:53:27.134000,418.8847965722836,103
2024-09-16 09:53:27.169000,418.87816871231263,1003
2024-09-16 09:53:27.199000,418.8809622706605,12
2024-09-16 09:53:27.264000,418.8796753599954,995
2024-09-16 09:53:27.275000,418.8679863042324,13
2024-09-16 09:53:27.289000,418.87289950909945,1000
2024-09-16 09:53:27.541000,418.86939108787743,96
2024-09-16 09:53:27.566000,418.8851206926425,95
2024-09-16 09:53:27.578000,418.890449459192,103
2024-09-16 09:53:27.597000,418.8702797861884,97
2024-09-16 09:53:27.627000,418.9022849378027,5
2024-09-16 09:53:27.632000,418.84273759916255,100
2024-09-16 09:53:27.663000,418.89647817099615,15
2024-09-16 09:53:27.693000,418.862169951442,5
2024-09-16 09:53:27.707000,418.8839150692897,97
2024-09-16 09:53:27.712000,418.877381058342,14
2024-09-16 09:53:27.799000,418.871394139017,96
2024-09-16 09:53:27.833000,418.8769853545301,1000
2024-09-16 09:53:27.870000,418.897450748292,99
2024-09-16 09:53:27.877000,418.8861956080104,1004
2024-09-16 09:53:27.916000,418.848476714966,6
2024-09-16 09:53:27.922000,418.84838931054895,1001
2024-09-16 09:53:27.935000,418.8651229622761,96
2024-09-16 09:53:27.994000,418.8797259374584,997
2024-09-16 09:53:28.368000,418.8634543694259,11
2024-09-16 09:53:28.590000,418.87928878218713,7
2024-09-16 09:53:29.057000,418.883344050064,11
2024-09-16 09:53:29.200000,418.8596723613772,95
2024-09-16 09:53:29.208000,418.8461815814399,1005
2024-09-16 09:53:29.400000,418.8519367441351,96
2024-09-16 09:53:29.404000,418.8337442647884,5
2024-09-16 09:53:29.413000,418.8654389329157,12
2024-09-16 09:53:29.442000,418.8639406607648,9
2024-09-16 09:53:29.445000,418.88632848619886,999
2024-09-16 09:53:29.446000,418.8966281075569,105
2024-09-16 09:53:29.503000,418.8686289197152,15
2024-09-16 09:53:29.504000,418.8787814906649,1000
2024-09-16 09:53:29.523000,418.8611691439316,96
2024-09-16 09:53:29.529000,418.84926966587466,14
2024-09-16 09:53:29.579000,418.8718429930351,1005
2024-09-16 09:53:29.674000,418.8551825996603,96
2024-09-16 09:53:29.734000,418.852610608418,13
2024-09-16 09:53:29.741000,418.8698746492128,95
2024-09-16 09:53:29.756000,418.8840007774952,96
2024-09-16 09:53:29.784000,418.85270576180943,99
2024-09-16 09:53:29.957000,418.8761958972602,9
2024-09-16 09:53:30.600000,418.8118795710741,10
2024-09-16 09:53:30.972000,418.78888196742975,105
2024-09-16 09:53:30.976000,418.8228453542176,1005
2024-09-16 09:53:31.014000,418.7976405439817,998
2024-09-16 09:53:31.151000,418.777446757244,101
2024-09-16 09:53:31.251000,418.8001350417705,98
2024-09-16 09:53:31.340000,418.7728071657078,1003
2024-09-16 09:53:32.057000,418.8583885965296,996
2024-09-16 09:53:32.091000,418.78931738220064,1003
2024-09-16 09:53:32.091000,418.8084929073663,5
2024-09-16 09:53:32.099000,418.8254562773426,98
2024-09-16 09:53:32.181000,418.8637625876568,1003
2024-09-16 09:53:32.216000,418.7954553623233,98
2024-09-16 09:53:32.286000,418.825222159531,995
2024-09-16 09:53:32.365000,418.78917158249646,9
2024-09-16 09:53:32.394000,418.915272904645,1005
2024-09-16 09:53:32.445000,418.84796441898567,105
2024-09-16 09:53:32.508000,418.8565830191452,6
2024-09-16 09:53:32.525000,418.7980153682694,10
2024-09-16 09:53:32.587000,418.8056577700058,104
2024-09-16 09:53:32.679000,418.8539218452225,101
2024-09-16 09:53:32.686000,418.7881723709605,1000
2024-09-16 09:53:32.699000,418.86797433973726,1003
2024-09-16 09:53:32.860000,418.8846666266418,12
2024-09-16 09:53:32.975000,418.8395473733431,5
2024-09-16 09:53:33.068000,418.9434185455613,104
2024-09-16 09:53:33.073000,418.9098683515008,1004
2024-09-16 09:53:33.120000,418.9684033769464,95
2024-09-16 09:53:33.144000,418.9453004710474,101
2024-09-16 09:53:33.153000,418.909984987316,7
2024-09-16 09:53:33.153000,418.9531182834914,12
2024-09-16 09:53:33.285000,418.9313365992631,997
2024-09-16 09:53:33.292000,418.9229049967711,11
2024-09-16 09:53:33.324000,418.9428309341063,97
2024-09-16 09:53:33.351000,418.9355621878228,98
2024-09-16 09:53:33.418000,418.9358328649829,96
2024-09-16 09:53:33.460000,418.9324679819448,1004
2024-09-16 09:53:33.502000,418.9390565662149,996
2024-09-16 09:53:33.648000,418.9406005109629,1005
2024-09-16 09:53:33.733000,418.9478145150596,98
2024-09-16 09:53:33.755000,418.9124397348813,1000
2024-09-16 09:53:33.770000,418.9276331730084,14
2024-09-16 09:53:33.794000,418.9236618424544,997
2024-09-16 09:53:33.820000,418.93494835120345,99
2024-09-16 09:53:33.847000,418.9412442293301,12
2024-09-16 09:53:33.880000,418.95665789548417,15
2024-09-16 09:53:33.916000,418.9468655258865,1000
2024-09-16 09:53:33.925000,418.9661420282724,1002
2024-09-16 09:53:33.992000,418.9374451120856,1005
2024-09-16 09:53:34.041000,418.9878777928519,103
2024-09-16 09:53:34.106000,418.9734328628212,1005
2024-09-16 09:53:34.115000,418.93817921657865,98
2024-09-16 09:53:34.216000,418.9857916125137,101
2024-09-16 09:53:34.517000,418.9286071997088,13
2024-09-16 09:53:34.538000,419.01430127053584,1001
2024-09-16 09:53:34.550000,418.9612481008924,12
2024-09-16 09:53:34.617000,418.9684129042592,5
2024-09-16 09:53:34.629000,418.9503570591902,105
2024-09-16 09:53:34.670000,418.9505015593928,8
2024-09-16 09:53:34.817000,418.9988382611073,96
2024-09-16 09:53:34.955000,418.9570637882193,1000
2024-09-16 09:53:35.014000,418.94271401531984,13
2024-09-16 09:53:35.058000,418.93058687555975,995
2024-09-16 09:53:35.082000,418.94052784274186,98
2024-09-16 09:53:35.082000,418.9708899838564,12
2024-09-16 09:53:35.098000,418.9272697567026,103
2024-09-16 09:53:35.107000,418.9437334586741,105
2024-09-16 09:53:35.114000,418.9226149633466,14
2024-09-16 09:53:35.160000,418.94523761300985,1002
2024-09-16 09:53:35.241000,418.9334460521613,15
2024-09-16 09:53:35.269000,418.93782122650015,15
2024-09-16 09:53:35.320000,418.9530045411925,102
2024-09-16 09:53:35.379000,418.93035829651086,1004
2024-09-16 09:53:35.441000,418.9183266557107,11
2024-09-16 09:53:35.448000,418.9379604688232,103
2024-09-16 09:53:35.613000,418.9330103567941,995
2024-09-16 09:53:35.661000,418.9563524805197,98
2024-09-16 09:53:35.680000,418.9566597067245,1002
2024-09-16 09:53:35.701000,418.9334436543574,996
2024-09-16 09:53:35.799000,418.9372151771517,13
2024-09-16 09:53:35.808000,418.934555105002,6
2024-09-16 09:53:35.825000,418.9418209019035,95
2024-09-16 09:53:35.848000,418.94052170296527,12
2024-09-16 09:53:35.897000,418.9503559181284,96
2024-09-16 09:53:35.945000,418.94485330164224,7
2024-09-16 09:53:35.946000,418.9450029985591,13
2024-09-16 09:53:36.006000,418.9093551897304,1005
2024-09-16 09:53:36.065000,418.9509160091408,101
2024-09-16 09:53:36.071000,418.9626190550941,15
2024-09-16 09:53:36.074000,418.9082576939568,105
2024-09-16 09:53:36.088000,418.9187197478354,12
2024-09-16 09:53:36.162000,418.9035098631057,1001
2024-09-16 09:53:36.189000,418.9189259058252,998
2024-09-16 09:53:36.240000,418.8920573479727,99
2024-09-16 09:53:36.246000,418.9123588807542,1001
2024-09-16 09:53:36.278000,418.9193910180225,99
2024-09-16 09:53:36.284000,418.9099522007903,1000
2024-09-16 09:53:36.316000,418.9010749792249,6
2024-09-16 09:53:36.325000,418.9109477914008,1002
2024-09-16 09:53:36.387000,418.91010811452816,102
2024-09-16 09:53:36.483000,418.9553875863991,6
2024-09-16 09:53:36.506000,418.9402201314312,15
2024-09-16 09:53:36.514000,418.9152451326036,9
2024-09-16 09:53:36.530000,418.9125180942108,1005
2024-09-16 09:53:36.662000,418.9418683009698,99
2024-09-16 09:53:36.719000,418.9226570527916,11
2024-09-16 09:53:36.761000,418.9120086150632,1002
2024-09-16 09:53:36.803000,418.9431025569471,14
2024-09-16 09:53:36.820000,418.92274508463146,8
2024-09-16 09:53:36.864000,418.93037221222016,996
2024-09-16 09:53:36.890000,418.93136077740405,5
2024-09-16 09:53:36.906000,418.9297437205354,12
2024-09-16 09:53:37.216000,418.8923711739633,103
2024-09-16 09:53:37.546000,418.90169862427024,12
2024-09-16 09:53:37.881000,418.9089499189637,97
2024-09-16 09:53:38.062000,418.7917083222569,997
2024-09-16 09:53:38.109000,418.9104370314286,9
2024-09-16 09:53:38.166000,418.9031659850443,9
2024-09-16 09:53:38.266000,418.8330858860611,104
2024-09-16 09:53:38.286000,418.7483353660045,103
2024-09-16 09:53:38.359000,418.7942124372345,999
2024-09-16 09:53:38.374000,418.7743023189116,101
2024-09-16 09:53:38.383000,418.8557441358666,104
2024-09-16 09:53:38.425000,418.8371716199518,100
2024-09-16 09:53:38.426000,418.8467233155528,95
2024-09-16 09:53:38.453000,418.9109079390781,996
2024-09-16 09:53:38.453000,418.7611711368158,6
2024-09-16 09:53:38.477000,418.7648351673104,1002
2024-09-16 09:53:38.497000,418.8822633184101,1003
2024-09-16 09:53:38.579000,418.8604451876196,6
2024-09-16 09:53:38.599000,418.8321869303721,998
2024-09-16 09:53:38.717000,418.8107994177924,1000
2024-09-16 09:53:38.748000,418.8580644714463,7
2024-09-16 09:53:38.783000,418.8327685005849,1005
2024-09-16 09:53:38.828000,418.9175048071916,5
2024-09-16 09:53:38.888000,418.8402510554505,95
2024-09-16 09:53:38.908000,418.8948432694664,10
2024-09-16 09:53:38.967000,418.7832665470585,1003
2024-09-16 09:53:38.994000,418.8830693254205,997
2024-09-16 09:53:39.133000,418.7709287432532,995
2024-09-16 09:53:39.279000,418.7553527282584,95
2024-09-16 09:53:39.468000,418.7780649712276,1003
2024-09-16 09:53:39.511000,418.76684566575,11
2024-09-16 09:53:39.685000,418.7678526123462,995
2024-09-16 09:53:39.694000,418.7708320012545,99
2024-09-16 09:53:39.846000,418.7413692372537,1001
2024-09-16 09:53:39.849000,418.7873381692009,95
2024-09-16 09:53:39.896000,418.7796821388448,98
2024-09-16 09:53:39.927000,418.7667654676436,99
2024-09-16 09:53:39.933000,418.7768252105284,104
2024-09-16 09:53:39.951000,418.77190965656337,997
2024-09-16 09:53:40.033000,418.7996837061418,1001
2024-09-16 09:53:40.065000,418.7955814639348,95
2024-09-16 09:53:40.171000,418.8038251489581,105
2024-09-16 09:53:40.532000,418.813264752615,996
2024-09-16 09:53:40.651000,418.8105766450438,11
2024-09-16 09:53:40.853000,418.7992331775857,101
2024-09-16 09:53:40.863000,418.81174296078166,99
2024-09-16 09:53:40.878000,418.8112235674028,9
2024-09-16 09:53:40.970000,418.806565156069,103
2024-09-16 09:53:41.005000,418.780322626671,101
2024-09-16 09:53:41.046000,418.8753155454911,103
2024-09-16 09:53:41.049000,418.8237843940706,9
2024-09-16 09:53:41.087000,418.8497125399763,98
2024-09-16 09:53:41.115000,418.8239171298079,103
2024-09-16 09:53:41.154000,418.8617018159943,104
2024-09-16 09:53:41.239000,418.88137419340507,999
2024-09-16 09:53:41.251000,418.8570986437828,6
2024-09-16 09:53:41.269000,418.83402322666586,8
2024-09-16 09:53:41.355000,418.838414129578,11
2024-09-16 09:53:41.518000,418.874001563574,999
2024-09-16 09:53:41.518000,418.8246036239967,997
2024-09-16 09:53:41.549000,418.861055470827,10
2024-09-16 09:53:41.587000,418.8316907260492,95
2024-09-16 09:53:41.612000,418.8210362497423,995
2024-09-16 09:53:41.643000,418.804536261925,105
2024-09-16 09:53:41.679000,418.8315088708688,102
2024-09-16 09:53:41.709000,418.7902684653932,1004
2024-09-16 09:53:41.716000,418.8336635254623,97
2024-09-16 09:53:41.733000,418.8464008548541,1000
2024-09-16 09:53:41.738000,418.8661424536278,6
2024-09-16 09:53:41.779000,418.7868564912287,10
2024-09-16 09:53:41.789000,418.86440503417424,1001
2024-09-16 09:53:41.840000,418.8606489766414,999
2024-09-16 09:53:42.031000,418.8465829772287,105
2024-09-16 09:53:42.086000,418.88579707881513,15
2024-09-16 09:53:42.189000,418.9167373399743,102
2024-09-16 09:53:42.193000,418.87458374314383,100
2024-09-16 09:53:42.208000,418.8569327020756,7
2024-09-16 09:53:42.257000,418.9080905321703,96
2024-09-16 09:53:42.260000,418.8792140871605,100
2024-09-16 09:53:42.458000,418.84111354370987,98
2024-09-16 09:53:42.474000,418.9198818768928,8
2024-09-16 09:53:42.633000,418.8706422840594,12
2024-09-16 09:53:42.677000,418.8934162108495,9
2024-09-16 09:53:42.765000,418.91292203280494,100
2024-09-16 09:53:42.807000,418.8765648055278,14
2024-09-16 09:53:42.807000,418.9170655419449,9
2024-09-16 09:53:42.836000,418.85868219865216,102
2024-09-16 09:53:42.967000,418.9094481690076,998
2024-09-16 09:53:42.991000,418.8766134615869,101
2024-09-16 09:53:43.231000,418.9475671579119,95
2024-09-16 09:53:43.405000,418.9514641006328,15
2024-09-16 09:53:43.433000,418.9500671007902,101
2024-09-16 09:53:43.503000,418.9232053547409,99
2024-09-16 09:53:43.504000,418.9194706670122,1003
2024-09-16 09:53:43.582000,418.9345342950964,1000
2024-09-16 09:53:43.902000,418.94377024541086,1005
2024-09-16 09:53:44.237000,418.9202853200718,101
2024-09-16 09:53:44.364000,418.9108793419451,13
2024-09-16 09:53:44.418000,418.9176304989825,102
2024-09-16 09:53:44.494000,418.9170061740996,100
2024-09-16 09:53:44.584000,418.92176875496574,103
2024-09-16 09:53:44.762000,418.916821453082,7
2024-09-16 09:53:44.892000,418.9168188838909,1003
2024-09-16 09:53:45.023000,418.9121342175013,14
2024-09-16 09:53:45.163000,418.9204115201305,105
2024-09-16 09:53:45.209000,418.9388228899775,8
2024-09-16 09:53:45.357000,418.9205298004204,1002
2024-09-16 09:53:45.618000,418.9355029180273,8
2024-09-16 09:53:45.820000,418.9131017461077,996
2024-09-16 09:53:46.230000,418.9351020608575,99
2024-09-16 09:53:46.311000,418.9259171025717,15
2024-09-16 09:53:46.462000,418.92347382271976,996
2024-09-16 09:53:46.554000,418.93999039478166,1002
2024-09-16 09:53:46.600000,418.9348584130924,101
2024-09-16 09:53:46.853000,418.9181675567191,9
2024-09-16 09:53:46.921000,418.9278517565699,101
2024-09-16 09:53:47.149000,418.9701963333634,15
2024-09-16 09:53:47.301000,418.9685630012446,1003
2024-09-16 09:53:47.472000,418.9492732449216,9
2024-09-16 09:53:47.594000,418.9560703962415,1000
2024-09-16 09:53:47.600000,418.9758734536742,1003
2024-09-16 09:53:47.600000,418.9492918906881,96
2024-09-16 09:53:47.759000,418.9511933911453,104
2024-09-16 09:53:47.774000,418.9640199435142,1005
2024-09-16 09:53:47.807000,418.9558650036439,1005
2024-09-16 09:53:47.808000,418.97785618905823,1001
2024-09-16 09:53:47.875000,418.94726297349007,1000
2024-09-16 09:53:47.919000,418.9514050533412,98
2024-09-16 09:53:47.933000,418.9657140478516,998
2024-09-16 09:53:48.022000,418.9819304807278,1000
2024-09-16 09:53:48.030000,418.9173481194663,6
2024-09-16 09:53:48.255000,418.909344670694,100
2024-09-16 09:53:48.280000,418.93053312759054,14
2024-09-16 09:53:48.327000,418.95351088537257,98
2024-09-16 09:53:48.339000,418.9662233733429,998
2024-09-16 09:53:48.357000,418.9370293099923,1000
2024-09-16 09:53:48.394000,418.9628825057979,1002
2024-09-16 09:53:48.394000,418.9372867368577,98
2024-09-16 09:53:48.457000,418.8914162972338,996
2024-09-16 09:53:48.510000,418.96263462089246,97
2024-09-16 09:53:48.595000,418.9810235224984,1000
2024-09-16 09:53:48.646000,418.9631914615129,14
2024-09-16 09:53:48.740000,418.9150859856522,95
2024-09-16 09:53:48.810000,418.93554723055854,104
2024-09-16 09:53:48.921000,418.89409000604377,10
2024-09-16 09:53:48.929000,418.96620703604106,1001
2024-09-16 09:53:48.938000,418.96874054253976,104
2024-09-16 09:53:49.008000,418.869719996578,1003
2024-09-16 09:53:49.021000,418.809699942911,99
2024-09-16 09:53:49.093000,418.83888557553325,101
2024-09-16 09:53:49.104000,418.85954847749497,105
2024-09-16 09:53:49.124000,418.8547218825885,6
2024-09-16 09:53:49.172000,418.84794239222646,1002
2024-09-16 09:53:49.185000,418.8252056088071,1003
2024-09-16 09:53:49.189000,418.8571563738784,97
2024-09-16 09:53:49.275000,418.8630773602557,101
2024-09-16 09:53:49.326000,418.8805190317276,1002
2024-09-16 09:53:49.358000,418.8377166057788,995
2024-09-16 09:53:49.363000,418.7945848504991,105
2024-09-16 09:53:49.367000,418.8341628743852,102
2024-09-16 09:53:49.444000,418.8536404872906,96
2024-09-16 09:53:49.483000,418.8600843771032,15
2024-09-16 09:53:49.532000,418.8156788957483,13
2024-09-16 09:53:49.575000,418.8418972090368,997
2024-09-16 09:53:49.591000,418.8499728662059,99
2024-09-16 09:53:49.615000,418.830625201097,9
2024-09-16 09:53:49.640000,418.8636833776961,1004
2024-09-16 09:53:49.721000,418.8012556893702,102
2024-09-16 09:53:49.801000,418.8227345803932,997
2024-09-16 09:53:49.802000,418.8549995014794,999
2024-09-16 09:53:49.821000,418.845818987327,15
2024-09-16 09:53:49.846000,418.8620956519719,96
2024-09-16 09:53:49.866000,418.8510262934349,104
2024-09-16 09:53:49.980000,418.85170767469657,102
2024-09-16 09:53:49.992000,418.8831706789544,8
2024-09-16 09:53:50.254000,418.77650815726025,1000
2024-09-16 09:53:50.345000,418.81683969989007,105
2024-09-16 09:53:50.548000,418.8031097048675,12
2024-09-16 09:53:50.715000,418.793870507179,12
2024-09-16 09:53:52.076000,418.829650613566,11
2024-09-16 09:53:52.129000,418.7990553343124,5
2024-09-16 09:53:52.305000,418.820606931417,1003
2024-09-16 09:53:52.379000,418.8079753568289,10
2024-09-16 09:53:52.380000,418.83171992818336,96
2024-09-16 09:53:52.431000,418.79486867092805,9
2024-09-16 09:53:52.481000,418.8203256910631,102
2024-09-16 09:53:52.517000,418.8191918701892,103
2024-09-16 09:53:52.610000,418.8019964869869,10
2024-09-16 09:53:52.615000,418.8074203050377,999
2024-09-16 09:53:52.633000,418.82401956050006,9
2024-09-16 09:53:52.655000,418.816481724466,997
2024-09-16 09:53:52.661000,418.83569919129377,1005
2024-09-16 09:53:52.700000,418.8275282158583,11
2024-09-16 09:53:52.740000,418.7979857999171,11
2024-09-16 09:53:52.746000,418.7807103192097,14
2024-09-16 09:53:52.790000,418.8266744831026,13
2024-09-16 09:53:52.803000,418.8310712168748,100
2024-09-16 09:53:52.906000,418.8312071946365,1004
2024-09-16 09:53:52.957000,418.8361080835367,6
2024-09-16 09:53:52.980000,418.8081063064664,103
2024-09-16 09:53:52.995000,418.79033654474745,97
2024-09-16 09:53:53.073000,418.8350611342537,1004
2024-09-16 09:53:53.086000,418.8408029212648,12
2024-09-16 09:53:53.104000,418.8456073263288,99
2024-09-16 09:53:53.195000,418.8539996718848,95
2024-09-16 09:53:53.215000,418.8601816587418,996
2024-09-16 09:53:53.239000,418.8373323815051,100
2024-09-16 09:53:53.253000,418.8454383854842,6
2024-09-16 09:53:53.311000,418.8524464838322,15
2024-09-16 09:53:53.313000,418.8525926692372,14
2024-09-16 09:53:53.333000,418.872748267121,995
2024-09-16 09:53:53.387000,418.8657171278283,11
2024-09-16 09:53:53.448000,418.8598051707375,102
2024-09-16 09:53:53.459000,418.8576099840873,101
2024-09-16 09:53:53.493000,418.8545541671529,998
2024-09-16 09:53:53.551000,418.8508862953278,1004
2024-09-16 09:53:53.553000,418.8447621519135,11
2024-09-16 09:53:53.640000,418.8678504895472,1003
2024-09-16 09:53:53.683000,418.8380324075794,102
2024-09-16 09:53:53.684000,418.83659505849903,97
2024-09-16 09:53:53.714000,418.84910159328206,97
2024-09-16 09:53:53.754000,418.8428381620719,1001
2024-09-16 09:53:53.767000,418.8665245421168,15
2024-09-16 09:53:53.795000,418.85398812924416,13
2024-09-16 09:53:53.861000,418.8457909517552,1001
2024-09-16 09:53:53.902000,418.82086569322814,999
2024-09-16 09:53:53.940000,418.85781800266176,13
2024-09-16 09:53:54.135000,418.7601032936962,15
2024-09-16 09:53:54.236000,418.7420924136847,95
2024-09-16 09:53:54.242000,418.7577370402759,9
2024-09-16 09:53:54.289000,418.8284251418938,6
2024-09-16 09:53:54.631000,418.79492090480807,6
2024-09-16 09:53:54.641000,418.8314261657368,8
2024-09-16 09:53:54.681000,418.7525256227992,1003
2024-09-16 09:53:54.726000,418.8348536305547,103
2024-09-16 09:53:54.779000,418.7686223799878,8
2024-09-16 09:53:54.783000,418.7240943162561,10
2024-09-16 09:53:54.818000,418.7950944012994,995
2024-09-16 09:53:54.823000,418.7586966946813,1003
2024-09-16 09:53:54.843000,418.7468303033304,10
2024-09-16 09:53:54.885000,418.8134710844759,97
2024-09-16 09:53:56.079000,418.7350387075925,1004
2024-09-16 09:53:56.133000,418.7512447284481,103
2024-09-16 09:53:56.138000,418.73997900631673,102
2024-09-16 09:53:56.144000,418.7531345960852,95
2024-09-16 09:53:56.157000,418.73295368751616,8
2024-09-16 09:53:56.349000,418.7364578645629,99
2024-09-16 09:53:56.432000,418.7198706833506,1000
2024-09-16 09:53:56.462000,418.7453784185688,995
2024-09-16 09:53:56.464000,418.75859946383457,99
2024-09-16 09:53:56.517000,418.7319006669643,1002
2024-09-16 09:53:56.520000,418.7425060299633,10
2024-09-16 09:53:56.529000,418.7489255070583,8
2024-09-16 09:53:56.584000,418.7436882846386,103
2024-09-16 09:53:56.598000,418.7548897757548,8
2024-09-16 09:53:56.603000,418.7588837823922,102
2024-09-16 09:53:56.625000,418.7395501502908,1003
2024-09-16 09:53:56.641000,418.75338307582695,96
2024-09-16 09:53:56.772000,418.77474010786375,997
2024-09-16 09:53:56.776000,418.7724875722736,97
2024-09-16 09:53:56.829000,418.74713838777967,997
2024-09-16 09:53:56.843000,418.7511438031752,99
2024-09-16 09:53:56.905000,418.74245639663,11
2024-09-16 09:53:56.921000,418.7693659159567,1003
2024-09-16 09:53:56.957000,418.7303493153773,6
2024-09-16 09:53:57.127000,418.7805028270869,996
2024-09-16 09:53:57.165000,418.8081159685193,997
2024-09-16 09:53:57.245000,418.8115340199286,1001
2024-09-16 09:53:57.294000,418.7485464515239,8
2024-09-16 09:53:57.370000,418.76851320966193,1002
2024-09-16 09:53:57.397000,418.8241169218379,1003
2024-09-16 09:53:57.466000,418.79572758158906,1001
2024-09-16 09:53:57.491000,418.7870735505391,96
2024-09-16 09:53:57.558000,418.7464502594949,995
2024-09-16 09:53:57.695000,418.8059781570756,8
2024-09-16 09:53:57.707000,418.7831718033995,10
2024-09-16 09:53:57.765000,418.7869003816557,101
2024-09-16 09:53:57.773000,418.8020971760978,7
2024-09-16 09:53:57.826000,418.7866693263769,11
2024-09-16 09:53:57.829000,418.75498327953454,1001
2024-09-16 09:53:57.847000,418.8253371060226,13
2024-09-16 09:53:59.003000,418.85043393086863,15
2024-09-16 09:53:59.005000,418.85223260272096,103
2024-09-16 09:53:59.100000,418.8292596414615,103
2024-09-16 09:53:59.157000,418.89121382485314,998
2024-09-16 09:53:59.158000,418.826665621746,99
2024-09-16 09:53:59.196000,418.8252345447545,14
2024-09-16 09:53:59.447000,418.8803772012927,11
2024-09-16 09:53:59.618000,418.8448124838502,102
2024-09-16 09:53:59.656000,418.8176762532648,105
2024-09-16 09:53:59.671000,418.8205129303881,1005
2024-09-16 09:53:59.693000,418.8206088609135,1005
2024-09-16 09:53:59.842000,418.9055370578009,100
2024-09-16 09:53:59.886000,418.88873541558274,998
