Timestamp,Price,Size
2024-09-16 12:13:00.135000,417.2743799794448,15
2024-09-16 12:13:00.160000,417.2906989790882,99
2024-09-16 12:13:00.241000,417.3163853956361,12
2024-09-16 12:13:00.364000,417.30427141669713,14
2024-09-16 12:13:00.450000,417.2842388006462,104
2024-09-16 12:13:00.511000,417.2977870812011,12
2024-09-16 12:13:00.642000,417.27435277798935,8
2024-09-16 12:13:00.761000,417.24770964970526,1005
2024-09-16 12:13:00.897000,417.2821011424475,5
2024-09-16 12:13:01.090000,417.3188240964278,10
2024-09-16 12:13:01.125000,417.3167921548877,1002
2024-09-16 12:13:01.174000,417.3291800407064,996
2024-09-16 12:13:01.314000,417.3044587149602,1002
2024-09-16 12:13:01.428000,417.3111284343759,105
2024-09-16 12:13:01.481000,417.3228465173778,98
2024-09-16 12:13:01.594000,417.326966000405,996
2024-09-16 12:13:01.736000,417.32954574617577,97
2024-09-16 12:13:01.737000,417.3112171922026,10
2024-09-16 12:13:01.826000,417.3050819499045,1002
2024-09-16 12:13:01.966000,417.3450039243495,996
2024-09-16 12:13:02.023000,417.346102424605,12
2024-09-16 12:13:02.068000,417.3678447145169,1004
2024-09-16 12:13:02.099000,417.3072668689373,100
2024-09-16 12:13:02.177000,417.3611765233882,1000
2024-09-16 12:13:02.180000,417.3451980562684,998
2024-09-16 12:13:02.184000,417.32433213473,104
2024-09-16 12:13:02.315000,417.3756826725477,11
2024-09-16 12:13:02.332000,417.33491321442455,105
2024-09-16 12:13:02.359000,417.3543668432738,98
2024-09-16 12:13:02.416000,417.3545232739088,95
2024-09-16 12:13:02.429000,417.3712155511039,95
2024-09-16 12:13:02.460000,417.360660205774,99
2024-09-16 12:13:02.481000,417.3489209653175,1004
2024-09-16 12:13:02.493000,417.36894318820873,995
2024-09-16 12:13:02.516000,417.3016228582667,995
2024-09-16 12:13:02.527000,417.3178613227124,99
2024-09-16 12:13:02.529000,417.3084016739907,998
2024-09-16 12:13:02.539000,417.3164706274257,997
2024-09-16 12:13:02.612000,417.30904043254935,100
2024-09-16 12:13:02.613000,417.3492159330357,9
2024-09-16 12:13:02.660000,417.2925023688936,1003
2024-09-16 12:13:02.686000,417.3556128256812,97
2024-09-16 12:13:02.688000,417.3613103826022,97
2024-09-16 12:13:02.801000,417.3831314057184,12
2024-09-16 12:13:02.814000,417.3348842327039,1003
2024-09-16 12:13:02.902000,417.38559773725,9
2024-09-16 12:13:02.976000,417.3758599638454,8
2024-09-16 12:13:02.989000,417.3357315770498,98
2024-09-16 12:13:03.017000,417.3983269800472,1003
2024-09-16 12:13:03.109000,417.3968261416903,97
2024-09-16 12:13:03.136000,417.41252472060114,5
2024-09-16 12:13:03.176000,417.40848962039377,10
2024-09-16 12:13:03.253000,417.4098629825242,5
2024-09-16 12:13:03.365000,417.4014402207376,102
2024-09-16 12:13:03.411000,417.39300464336304,997
2024-09-16 12:13:03.538000,417.4084964647447,96
2024-09-16 12:13:03.595000,417.44465936293415,95
2024-09-16 12:13:03.846000,417.4239713039492,1002
2024-09-16 12:13:03.877000,417.40782354401256,1003
2024-09-16 12:13:03.949000,417.36433098513953,99
2024-09-16 12:13:03.956000,417.4237415714451,998
2024-09-16 12:13:04.054000,417.4702167130414,99
2024-09-16 12:13:04.177000,417.4654269568538,998
2024-09-16 12:13:04.374000,417.4567878551821,97
2024-09-16 12:13:04.449000,417.4432210137301,8
2024-09-16 12:13:04.495000,417.4409414974483,9
2024-09-16 12:13:04.510000,417.4639917833729,14
2024-09-16 12:13:04.531000,417.45899857639193,99
2024-09-16 12:13:04.655000,417.4424600820895,5
2024-09-16 12:13:04.777000,417.4308810680856,1004
2024-09-16 12:13:04.784000,417.47595302782696,15
2024-09-16 12:13:04.793000,417.4745745262204,7
2024-09-16 12:13:04.807000,417.4774214355191,97
2024-09-16 12:13:04.903000,417.455548612987,104
2024-09-16 12:13:04.973000,417.4342487561111,104
2024-09-16 12:13:05.046000,417.46671527706616,995
2024-09-16 12:13:05.139000,417.4571621189388,7
2024-09-16 12:13:05.144000,417.48558392220576,104
2024-09-16 12:13:05.274000,417.4836161373007,1000
2024-09-16 12:13:05.411000,417.4686847549841,997
2024-09-16 12:13:05.421000,417.475687026204,996
2024-09-16 12:13:05.426000,417.4617043381028,1004
2024-09-16 12:13:05.434000,417.4669402103298,96
2024-09-16 12:13:05.434000,417.46828992655486,12
2024-09-16 12:13:05.439000,417.4695146503193,8
2024-09-16 12:13:05.454000,417.4701793376036,1001
2024-09-16 12:13:05.514000,417.4749519521805,95
2024-09-16 12:13:05.559000,417.471418362932,100
2024-09-16 12:13:05.585000,417.4818935291512,999
2024-09-16 12:13:05.711000,417.470363587053,1003
2024-09-16 12:13:05.800000,417.4627589967692,15
2024-09-16 12:13:05.829000,417.4714145406277,995
2024-09-16 12:13:05.915000,417.4628061221729,1004
2024-09-16 12:13:05.948000,417.47645364639015,996
2024-09-16 12:13:05.974000,417.47358633012857,104
2024-09-16 12:13:06.015000,417.5018171226542,6
2024-09-16 12:13:06.044000,417.5074856405479,6
2024-09-16 12:13:06.183000,417.4953155345426,1004
2024-09-16 12:13:06.251000,417.4906466110834,1005
2024-09-16 12:13:06.295000,417.5054598863408,9
2024-09-16 12:13:06.375000,417.5076252356271,13
2024-09-16 12:13:06.398000,417.4842352363768,1004
2024-09-16 12:13:06.440000,417.4971058649378,998
2024-09-16 12:13:06.451000,417.5123458591476,11
2024-09-16 12:13:06.594000,417.4855028272048,15
2024-09-16 12:13:06.595000,417.49302968588336,1004
2024-09-16 12:13:06.741000,417.478263741205,9
2024-09-16 12:13:06.781000,417.5119030474481,99
2024-09-16 12:13:06.787000,417.4853513065388,11
2024-09-16 12:13:06.917000,417.51112564526034,98
2024-09-16 12:13:06.968000,417.4948308737703,100
2024-09-16 12:13:06.987000,417.5096733889771,100
2024-09-16 12:13:07.157000,417.5104787546245,99
2024-09-16 12:13:07.231000,417.5193668884238,997
2024-09-16 12:13:07.244000,417.5641758116767,95
2024-09-16 12:13:07.292000,417.5388676969988,8
2024-09-16 12:13:07.293000,417.5574779357694,101
2024-09-16 12:13:07.347000,417.5519295690518,14
2024-09-16 12:13:07.377000,417.5335332639893,99
2024-09-16 12:13:07.425000,417.5268661947699,13
2024-09-16 12:13:07.499000,417.5352299541922,97
2024-09-16 12:13:07.536000,417.5037503974809,13
2024-09-16 12:13:07.539000,417.5395288660727,999
2024-09-16 12:13:07.549000,417.5250903786402,15
2024-09-16 12:13:07.605000,417.55277718007903,104
2024-09-16 12:13:07.618000,417.507053437989,997
2024-09-16 12:13:07.625000,417.5574455020488,1005
2024-09-16 12:13:07.712000,417.5418149765773,100
2024-09-16 12:13:07.721000,417.5472225010257,1002
2024-09-16 12:13:07.796000,417.5370215162241,1002
2024-09-16 12:13:07.954000,417.5582589177464,8
2024-09-16 12:13:08.045000,417.512716802129,1001
2024-09-16 12:13:08.058000,417.5389622013963,15
2024-09-16 12:13:08.081000,417.572408662887,995
2024-09-16 12:13:08.106000,417.5306075937204,1002
2024-09-16 12:13:08.158000,417.5663471654645,7
2024-09-16 12:13:08.173000,417.5564041401277,102
2024-09-16 12:13:08.190000,417.4887423204264,996
2024-09-16 12:13:08.209000,417.54687653417454,99
2024-09-16 12:13:08.244000,417.5094349869055,1005
2024-09-16 12:13:08.315000,417.51841263977,12
2024-09-16 12:13:08.324000,417.55213382343055,98
2024-09-16 12:13:08.389000,417.4973862519516,14
2024-09-16 12:13:08.390000,417.48858248334585,1002
2024-09-16 12:13:08.639000,417.5076891190941,96
2024-09-16 12:13:08.695000,417.5393067241423,1005
2024-09-16 12:13:08.745000,417.5372260392966,7
2024-09-16 12:13:08.825000,417.5072548567651,997
2024-09-16 12:13:08.853000,417.48710276956535,1004
2024-09-16 12:13:08.864000,417.5583000663358,7
2024-09-16 12:13:08.867000,417.5126129036656,15
2024-09-16 12:13:08.993000,417.51927838397467,1003
2024-09-16 12:13:09.053000,417.5195542458728,104
2024-09-16 12:13:09.141000,417.53713193827,95
2024-09-16 12:13:09.178000,417.5142793760074,14
2024-09-16 12:13:09.249000,417.5298663344727,1002
2024-09-16 12:13:09.263000,417.5176785589224,998
2024-09-16 12:13:09.292000,417.5109080386841,7
2024-09-16 12:13:09.348000,417.5193429424889,103
2024-09-16 12:13:09.350000,417.5067288256026,105
2024-09-16 12:13:09.355000,417.50889444588034,10
2024-09-16 12:13:09.421000,417.5379544876371,1000
2024-09-16 12:13:09.467000,417.5479464260435,15
2024-09-16 12:13:09.572000,417.5323481797048,7
2024-09-16 12:13:09.592000,417.52127644621584,7
2024-09-16 12:13:09.649000,417.536527499212,15
2024-09-16 12:13:09.750000,417.5289642063269,9
2024-09-16 12:13:09.752000,417.528290707608,15
2024-09-16 12:13:09.848000,417.5128452207021,14
2024-09-16 12:13:09.869000,417.5461348493131,99
2024-09-16 12:13:09.907000,417.4980244745538,11
2024-09-16 12:13:09.930000,417.52178521438833,7
2024-09-16 12:13:10.054000,417.5381391643389,1001
2024-09-16 12:13:10.065000,417.5478156150628,996
2024-09-16 12:13:10.078000,417.5500079485392,1003
2024-09-16 12:13:10.124000,417.51555814992,998
2024-09-16 12:13:10.237000,417.54727102893474,11
2024-09-16 12:13:10.334000,417.514180109465,98
2024-09-16 12:13:10.372000,417.5233749871911,15
2024-09-16 12:13:10.391000,417.5285992559192,105
2024-09-16 12:13:10.645000,417.529836856838,102
2024-09-16 12:13:10.655000,417.5186359564625,102
2024-09-16 12:13:10.952000,417.5282014110792,1003
2024-09-16 12:13:11.014000,417.5553845779672,97
2024-09-16 12:13:11.021000,417.5483896055436,996
2024-09-16 12:13:11.043000,417.561914970413,7
2024-09-16 12:13:11.115000,417.5728698976183,995
2024-09-16 12:13:11.130000,417.5664180644746,12
2024-09-16 12:13:11.278000,417.5526909920941,1004
2024-09-16 12:13:11.300000,417.5799055985383,8
2024-09-16 12:13:11.321000,417.5857585956053,998
2024-09-16 12:13:11.336000,417.55890190041015,97
2024-09-16 12:13:11.649000,417.5462783659808,102
2024-09-16 12:13:11.677000,417.56433471414135,96
2024-09-16 12:13:11.732000,417.5478703470417,100
2024-09-16 12:13:11.821000,417.5354748751356,995
2024-09-16 12:13:11.827000,417.5696666397429,998
2024-09-16 12:13:11.926000,417.5637574910799,6
2024-09-16 12:13:11.968000,417.585547236347,8
2024-09-16 12:13:11.971000,417.5420184282594,1004
2024-09-16 12:13:12.004000,417.6292940523265,995
2024-09-16 12:13:12.057000,417.561756619633,11
2024-09-16 12:13:12.076000,417.6273621922272,997
2024-09-16 12:13:12.087000,417.5579347228767,100
2024-09-16 12:13:12.111000,417.6080811595903,1005
2024-09-16 12:13:12.115000,417.6280854316605,10
2024-09-16 12:13:12.150000,417.6416301665389,104
2024-09-16 12:13:12.188000,417.5814835754359,999
2024-09-16 12:13:12.189000,417.5925955654406,98
2024-09-16 12:13:12.266000,417.5928679679725,9
2024-09-16 12:13:12.280000,417.5643939620503,997
2024-09-16 12:13:12.322000,417.5861443112398,96
2024-09-16 12:13:12.402000,417.6165982097867,1004
2024-09-16 12:13:12.415000,417.5852156162758,995
2024-09-16 12:13:12.506000,417.63415597207023,1005
2024-09-16 12:13:12.508000,417.5933654958505,104
2024-09-16 12:13:12.568000,417.6327896793636,996
2024-09-16 12:13:12.579000,417.6309671658952,1001
2024-09-16 12:13:12.642000,417.5847868316752,14
2024-09-16 12:13:12.664000,417.5809438438831,997
2024-09-16 12:13:12.685000,417.5860875239043,1001
2024-09-16 12:13:12.834000,417.5834622043087,103
2024-09-16 12:13:12.866000,417.63509077505273,995
2024-09-16 12:13:12.899000,417.6319355708028,8
2024-09-16 12:13:12.920000,417.59752084759566,13
2024-09-16 12:13:12.926000,417.6139159648006,998
2024-09-16 12:13:12.927000,417.6487607432816,97
2024-09-16 12:13:12.984000,417.5820464812472,1001
2024-09-16 12:13:13.076000,417.5452449645942,105
2024-09-16 12:13:13.200000,417.5438971334338,105
2024-09-16 12:13:13.458000,417.5456777620233,1000
2024-09-16 12:13:13.527000,417.54263429516215,13
2024-09-16 12:13:13.742000,417.53678267342514,103
2024-09-16 12:13:13.894000,417.5399148175634,9
2024-09-16 12:13:14.006000,417.551367981138,98
2024-09-16 12:13:14.090000,417.5167582206118,995
2024-09-16 12:13:14.141000,417.52446706103007,12
2024-09-16 12:13:14.158000,417.55233238159127,995
2024-09-16 12:13:14.239000,417.5207607109929,15
2024-09-16 12:13:14.269000,417.503451479328,1004
2024-09-16 12:13:14.342000,417.5126610899809,104
2024-09-16 12:13:14.384000,417.5141518333423,7
2024-09-16 12:13:14.450000,417.539254247686,103
2024-09-16 12:13:14.481000,417.5256115453919,100
2024-09-16 12:13:14.530000,417.5468505801072,97
2024-09-16 12:13:14.671000,417.5190671444928,8
2024-09-16 12:13:14.709000,417.5025962658251,1003
2024-09-16 12:13:14.772000,417.5383162105323,11
2024-09-16 12:13:14.776000,417.50774122312674,997
2024-09-16 12:13:14.803000,417.5395514737648,996
2024-09-16 12:13:14.805000,417.4930467825622,102
2024-09-16 12:13:14.860000,417.55681908551645,10
2024-09-16 12:13:14.895000,417.5123701283919,7
2024-09-16 12:13:15.001000,417.46424474640935,95
2024-09-16 12:13:15.061000,417.5358942479181,1003
2024-09-16 12:13:15.079000,417.4969081900731,997
2024-09-16 12:13:15.098000,417.4732967912229,10
2024-09-16 12:13:15.160000,417.5200238726939,104
2024-09-16 12:13:15.216000,417.532171461054,997
2024-09-16 12:13:15.220000,417.5224280494453,95
2024-09-16 12:13:15.296000,417.54112492802005,7
2024-09-16 12:13:15.356000,417.534419348487,10
2024-09-16 12:13:15.404000,417.5082103864245,97
2024-09-16 12:13:15.476000,417.48597430169366,7
2024-09-16 12:13:15.531000,417.5218624590516,101
2024-09-16 12:13:15.532000,417.5285730476199,100
2024-09-16 12:13:15.587000,417.5288133534929,98
2024-09-16 12:13:15.626000,417.4777438066149,1002
2024-09-16 12:13:15.698000,417.4971457652019,1000
2024-09-16 12:13:15.710000,417.4870821458178,12
2024-09-16 12:13:15.796000,417.4918758188936,9
2024-09-16 12:13:15.840000,417.47780732076245,997
2024-09-16 12:13:15.876000,417.49898986388433,1002
2024-09-16 12:13:15.925000,417.484321171004,96
2024-09-16 12:13:15.948000,417.4804980407346,10
2024-09-16 12:13:15.949000,417.50904511758847,997
2024-09-16 12:13:16.001000,417.5241358922431,6
2024-09-16 12:13:16.063000,417.5247105560353,95
2024-09-16 12:13:16.065000,417.5126459340841,1002
2024-09-16 12:13:16.069000,417.4980913304437,998
2024-09-16 12:13:16.168000,417.45381292955307,8
2024-09-16 12:13:16.224000,417.4885483582168,997
2024-09-16 12:13:16.253000,417.5123997262523,997
2024-09-16 12:13:16.435000,417.46804446933095,6
2024-09-16 12:13:16.561000,417.501654687683,1002
2024-09-16 12:13:16.569000,417.4930427556729,14
2024-09-16 12:13:16.628000,417.5134854865777,95
2024-09-16 12:13:16.658000,417.5300113201084,14
2024-09-16 12:13:16.660000,417.4766735086704,999
2024-09-16 12:13:16.707000,417.5225011786559,7
2024-09-16 12:13:16.811000,417.4615234629468,995
2024-09-16 12:13:16.852000,417.47053944062895,104
2024-09-16 12:13:16.856000,417.5064777532386,11
2024-09-16 12:13:16.862000,417.5357942256948,101
2024-09-16 12:13:16.882000,417.43674967667255,997
2024-09-16 12:13:16.924000,417.484095545864,5
2024-09-16 12:13:16.995000,417.5208857783866,7
2024-09-16 12:13:17.018000,417.4973858434316,102
2024-09-16 12:13:17.057000,417.490383130676,102
2024-09-16 12:13:17.177000,417.5003443648323,995
2024-09-16 12:13:17.206000,417.4955632185436,15
2024-09-16 12:13:17.525000,417.5048926449734,998
2024-09-16 12:13:17.707000,417.47895108250685,5
2024-09-16 12:13:18.188000,417.4265232098656,12
2024-09-16 12:13:18.289000,417.4266407342785,1002
2024-09-16 12:13:18.376000,417.4607827575675,10
2024-09-16 12:13:18.683000,417.50131177457314,12
2024-09-16 12:13:18.720000,417.5030663454562,102
2024-09-16 12:13:18.799000,417.4499959616351,97
2024-09-16 12:13:20.032000,417.468692559316,105
2024-09-16 12:13:20.037000,417.4956057127699,998
2024-09-16 12:13:20.077000,417.4636282041161,103
2024-09-16 12:13:20.091000,417.5051358733848,998
2024-09-16 12:13:20.142000,417.50778869793305,995
2024-09-16 12:13:20.304000,417.43083529944295,996
2024-09-16 12:13:20.336000,417.41605213813887,997
2024-09-16 12:13:20.351000,417.4803383092142,5
2024-09-16 12:13:20.361000,417.41238565834345,1003
2024-09-16 12:13:20.367000,417.45585040473065,997
2024-09-16 12:13:20.470000,417.45141660000735,7
2024-09-16 12:13:20.529000,417.5027282685612,101
2024-09-16 12:13:20.565000,417.5150933889576,10
2024-09-16 12:13:20.651000,417.4345459746522,100
2024-09-16 12:13:20.691000,417.4571080038844,97
2024-09-16 12:13:20.718000,417.4230903454333,1000
2024-09-16 12:13:20.763000,417.49482357302446,5
2024-09-16 12:13:20.785000,417.4917316806473,12
2024-09-16 12:13:20.884000,417.4255202452644,100
2024-09-16 12:13:20.926000,417.42357825362336,104
2024-09-16 12:13:20.948000,417.4966588846024,101
2024-09-16 12:13:20.961000,417.4851719597747,9
2024-09-16 12:13:20.963000,417.47390250921296,999
2024-09-16 12:13:20.996000,417.4699914303795,996
2024-09-16 12:13:21.098000,417.4574474410357,103
2024-09-16 12:13:21.397000,417.475614704345,13
2024-09-16 12:13:21.407000,417.4814159667971,99
2024-09-16 12:13:21.495000,417.4556237228516,101
2024-09-16 12:13:21.686000,417.46959545931,8
2024-09-16 12:13:22.084000,417.5085149542053,998
2024-09-16 12:13:22.218000,417.5034624879494,997
2024-09-16 12:13:22.286000,417.4816272697621,100
2024-09-16 12:13:22.640000,417.4901836731362,15
2024-09-16 12:13:22.699000,417.483895559045,102
2024-09-16 12:13:23.017000,417.5118790756677,1003
2024-09-16 12:13:23.026000,417.5544959022012,5
2024-09-16 12:13:23.049000,417.498357325174,102
2024-09-16 12:13:23.062000,417.5435529564864,14
2024-09-16 12:13:23.102000,417.4803957381824,995
2024-09-16 12:13:23.113000,417.509191328276,14
2024-09-16 12:13:23.244000,417.4982681791247,102
2024-09-16 12:13:23.250000,417.4995832965769,100
2024-09-16 12:13:23.313000,417.54604345120254,995
2024-09-16 12:13:23.326000,417.50617929574105,8
2024-09-16 12:13:23.328000,417.5987737170834,104
2024-09-16 12:13:23.354000,417.5338632895088,96
2024-09-16 12:13:23.359000,417.6148672420436,998
2024-09-16 12:13:23.373000,417.5578921481479,100
2024-09-16 12:13:23.388000,417.49762159490695,97
2024-09-16 12:13:23.514000,417.57216128336376,15
2024-09-16 12:13:23.591000,417.57828371665977,14
2024-09-16 12:13:23.785000,417.5149470597476,8
2024-09-16 12:13:23.786000,417.55552352781257,98
2024-09-16 12:13:23.866000,417.5470963041389,11
2024-09-16 12:13:23.893000,417.5546796665208,95
2024-09-16 12:13:24.028000,417.6616402308575,997
2024-09-16 12:13:24.029000,417.7293851400831,103
2024-09-16 12:13:24.136000,417.6619195535072,9
2024-09-16 12:13:24.197000,417.7532541184788,12
2024-09-16 12:13:24.220000,417.6432524384323,1003
2024-09-16 12:13:24.308000,417.64426969878025,101
2024-09-16 12:13:24.316000,417.7628008580685,105
2024-09-16 12:13:24.346000,417.6673960655712,1002
2024-09-16 12:13:24.398000,417.7291010232772,15
2024-09-16 12:13:24.451000,417.7236329457987,7
2024-09-16 12:13:24.452000,417.6971420272567,9
2024-09-16 12:13:24.473000,417.64052990701686,1001
2024-09-16 12:13:24.481000,417.7431803547024,1005
2024-09-16 12:13:24.494000,417.639451591892,103
2024-09-16 12:13:24.495000,417.7382988238232,7
2024-09-16 12:13:24.528000,417.64794386997016,9
2024-09-16 12:13:24.574000,417.71361181597945,11
2024-09-16 12:13:24.677000,417.6574129230502,102
2024-09-16 12:13:24.701000,417.6689873514839,6
2024-09-16 12:13:24.790000,417.7284777070111,105
2024-09-16 12:13:24.800000,417.7409338385682,5
2024-09-16 12:13:24.817000,417.7304764447721,10
2024-09-16 12:13:24.846000,417.6479784692938,1000
2024-09-16 12:13:24.861000,417.6650128169732,995
2024-09-16 12:13:24.865000,417.69526390110536,997
2024-09-16 12:13:24.935000,417.727258498962,11
2024-09-16 12:13:24.983000,417.6305903251624,101
2024-09-16 12:13:25.005000,417.802799428251,1004
2024-09-16 12:13:25.108000,417.7661218617757,95
2024-09-16 12:13:25.126000,417.74765359386055,96
2024-09-16 12:13:25.252000,417.7676329492563,96
2024-09-16 12:13:25.396000,417.7705641089052,1004
2024-09-16 12:13:25.419000,417.76426729635074,998
2024-09-16 12:13:25.505000,417.7761730997382,97
2024-09-16 12:13:25.549000,417.7661177838612,1000
2024-09-16 12:13:25.551000,417.7517830460681,11
2024-09-16 12:13:25.733000,417.7631361499896,995
2024-09-16 12:13:26.012000,417.6375134153951,997
2024-09-16 12:13:26.128000,417.6713205182213,7
2024-09-16 12:13:26.154000,417.6380467238105,5
2024-09-16 12:13:26.180000,417.6954204598424,100
2024-09-16 12:13:26.189000,417.6984340492376,10
2024-09-16 12:13:26.252000,417.7110011757002,13
2024-09-16 12:13:26.288000,417.6370800838802,998
2024-09-16 12:13:26.407000,417.7103788731998,11
2024-09-16 12:13:26.419000,417.7647031303897,95
2024-09-16 12:13:26.517000,417.636865276929,995
2024-09-16 12:13:26.533000,417.6885440847314,95
2024-09-16 12:13:26.612000,417.6407544039571,98
2024-09-16 12:13:26.707000,417.71759145514727,1001
2024-09-16 12:13:26.751000,417.72981267802567,12
2024-09-16 12:13:26.774000,417.625877666708,5
2024-09-16 12:13:26.792000,417.7484227483893,995
2024-09-16 12:13:26.805000,417.6387709264801,15
2024-09-16 12:13:26.835000,417.64243504081054,9
2024-09-16 12:13:26.856000,417.6886479877917,98
2024-09-16 12:13:26.945000,417.7282341564601,13
2024-09-16 12:13:26.977000,417.7839662119039,105
2024-09-16 12:13:27.012000,417.60509654070216,99
2024-09-16 12:13:27.083000,417.59287571763866,11
2024-09-16 12:13:27.122000,417.5775948567745,101
2024-09-16 12:13:27.372000,417.5987910926557,98
2024-09-16 12:13:27.397000,417.5885772726041,15
2024-09-16 12:13:27.426000,417.6243442702809,9
2024-09-16 12:13:27.487000,417.5964770695407,105
2024-09-16 12:13:27.733000,417.6044034291053,998
2024-09-16 12:13:27.769000,417.61790246138025,100
2024-09-16 12:13:27.822000,417.5985143752284,12
2024-09-16 12:13:27.861000,417.6068923751226,103
2024-09-16 12:13:28.021000,417.6208027202964,95
2024-09-16 12:13:28.103000,417.6338869552504,998
2024-09-16 12:13:28.182000,417.626859429389,1004
2024-09-16 12:13:28.228000,417.60023450134514,15
2024-09-16 12:13:28.410000,417.59819130699367,99
2024-09-16 12:13:28.774000,417.6123565462493,995
2024-09-16 12:13:28.823000,417.6300006535387,1004
2024-09-16 12:13:28.893000,417.6040543186338,997
2024-09-16 12:13:28.948000,417.594688113989,999
2024-09-16 12:13:29.050000,417.51283480088,103
2024-09-16 12:13:29.062000,417.4878299980241,101
2024-09-16 12:13:29.124000,417.5453774422532,11
2024-09-16 12:13:29.164000,417.57190895536814,100
2024-09-16 12:13:29.170000,417.5499331801928,102
2024-09-16 12:13:29.181000,417.56193814730943,7
2024-09-16 12:13:29.204000,417.5280305841717,998
2024-09-16 12:13:29.231000,417.6291063761312,1003
2024-09-16 12:13:29.301000,417.5164685813057,1004
2024-09-16 12:13:29.335000,417.59976613653896,104
2024-09-16 12:13:29.366000,417.4727285585971,100
2024-09-16 12:13:29.438000,417.5335971597183,96
2024-09-16 12:13:29.442000,417.5463978080296,8
2024-09-16 12:13:29.482000,417.4730866804659,104
2024-09-16 12:13:29.690000,417.5417770893191,999
2024-09-16 12:13:29.692000,417.5423090550767,997
2024-09-16 12:13:29.746000,417.61662819780383,13
2024-09-16 12:13:29.761000,417.46512290449823,10
2024-09-16 12:13:29.816000,417.4441717442116,96
2024-09-16 12:13:29.916000,417.5265567602891,101
2024-09-16 12:13:29.945000,417.4497675659193,998
2024-09-16 12:13:29.979000,417.550291499503,1005
2024-09-16 12:13:30.014000,417.3855369929146,1001
2024-09-16 12:13:30.015000,417.3948065195444,1003
2024-09-16 12:13:30.050000,417.3104005527341,1000
2024-09-16 12:13:30.089000,417.3010990669002,97
2024-09-16 12:13:30.092000,417.4088713013171,97
2024-09-16 12:13:30.107000,417.3329241389221,995
2024-09-16 12:13:30.216000,417.27290756634926,997
2024-09-16 12:13:30.277000,417.3050945120138,995
2024-09-16 12:13:30.285000,417.2942977826707,1003
2024-09-16 12:13:30.390000,417.28492177994576,102
2024-09-16 12:13:30.448000,417.386312426091,97
2024-09-16 12:13:30.498000,417.29593982755,11
2024-09-16 12:13:30.594000,417.29310305778296,105
2024-09-16 12:13:30.631000,417.4335353183412,15
2024-09-16 12:13:30.640000,417.372068375626,1005
2024-09-16 12:13:30.644000,417.3186202952815,96
2024-09-16 12:13:30.670000,417.31128516129473,995
2024-09-16 12:13:30.673000,417.3842052009888,1005
2024-09-16 12:13:30.679000,417.2748754543125,9
2024-09-16 12:13:30.687000,417.3822591820927,97
2024-09-16 12:13:30.811000,417.3211524304729,9
2024-09-16 12:13:30.820000,417.3563745605487,96
2024-09-16 12:13:30.849000,417.37563536206255,14
2024-09-16 12:13:30.855000,417.37625034604906,8
2024-09-16 12:13:30.864000,417.3093362782517,103
2024-09-16 12:13:30.913000,417.4316487345448,105
2024-09-16 12:13:30.924000,417.38484123655473,101
2024-09-16 12:13:31.033000,417.2873900891629,6
2024-09-16 12:13:31.092000,417.2378837208614,12
2024-09-16 12:13:31.129000,417.284562591549,6
2024-09-16 12:13:31.134000,417.2561988574729,1003
2024-09-16 12:13:31.171000,417.264441545932,100
2024-09-16 12:13:31.178000,417.2161036338604,15
2024-09-16 12:13:31.279000,417.2901028412546,95
2024-09-16 12:13:31.317000,417.2576999788282,9
2024-09-16 12:13:31.366000,417.28203417010633,96
2024-09-16 12:13:31.401000,417.25714561936064,13
2024-09-16 12:13:31.432000,417.24614455884193,1001
2024-09-16 12:13:31.443000,417.2801929344617,11
2024-09-16 12:13:31.476000,417.21700198661927,15
2024-09-16 12:13:31.476000,417.27358121537816,15
2024-09-16 12:13:31.506000,417.2702652647666,1001
2024-09-16 12:13:31.613000,417.2407445056254,101
2024-09-16 12:13:31.621000,417.28263879826943,9
2024-09-16 12:13:31.670000,417.2958695106966,100
2024-09-16 12:13:31.676000,417.25970993874654,995
2024-09-16 12:13:31.737000,417.2366058139282,15
2024-09-16 12:13:31.809000,417.2010128777092,98
2024-09-16 12:13:31.885000,417.2598539251608,6
2024-09-16 12:13:31.887000,417.23452036486697,1005
2024-09-16 12:13:31.905000,417.2711748344361,998
2024-09-16 12:13:31.982000,417.2211685675904,1003
2024-09-16 12:13:32.567000,417.2146685870017,998
2024-09-16 12:13:32.569000,417.2136115003585,9
2024-09-16 12:13:32.747000,417.2186358490351,105
2024-09-16 12:13:32.778000,417.2197465271436,8
2024-09-16 12:13:32.883000,417.2083244200972,7
2024-09-16 12:13:33.077000,417.17183990452327,12
2024-09-16 12:13:33.131000,417.1818367891544,997
2024-09-16 12:13:33.366000,417.13551101871394,14
2024-09-16 12:13:33.512000,417.1533159673391,100
2024-09-16 12:13:33.586000,417.1495415498956,96
2024-09-16 12:13:33.588000,417.129182081943,997
2024-09-16 12:13:33.641000,417.1782988916124,998
2024-09-16 12:13:33.661000,417.1913314944797,1001
2024-09-16 12:13:33.672000,417.1790107503908,1002
2024-09-16 12:13:33.750000,417.1655351768294,99
2024-09-16 12:13:33.754000,417.153675574076,1005
2024-09-16 12:13:33.759000,417.1591380322212,103
2024-09-16 12:13:33.850000,417.1750961380967,1002
2024-09-16 12:13:33.852000,417.14726944895233,6
2024-09-16 12:13:33.864000,417.1726952714112,14
2024-09-16 12:13:33.954000,417.1372167059927,100
2024-09-16 12:13:34.168000,417.2145166611709,1002
2024-09-16 12:13:34.184000,417.1885215024553,9
2024-09-16 12:13:34.185000,417.2269448984948,15
2024-09-16 12:13:34.291000,417.2151749010365,101
2024-09-16 12:13:34.485000,417.2468626883498,1000
2024-09-16 12:13:34.551000,417.2154482674285,1005
2024-09-16 12:13:34.554000,417.1739092143998,1004
2024-09-16 12:13:34.565000,417.23467004775785,7
2024-09-16 12:13:34.660000,417.25238630201983,96
2024-09-16 12:13:34.700000,417.2414606270002,99
2024-09-16 12:13:34.769000,417.18345146883576,101
2024-09-16 12:13:34.802000,417.2267670867807,103
2024-09-16 12:13:34.813000,417.1741654041671,998
2024-09-16 12:13:34.814000,417.1886325506605,102
2024-09-16 12:13:34.911000,417.2534813470028,1001
2024-09-16 12:13:34.948000,417.206790168116,998
2024-09-16 12:13:34.966000,417.2364452167924,5
2024-09-16 12:13:35.019000,417.21281500121535,9
2024-09-16 12:13:35.064000,417.197182081626,102
2024-09-16 12:13:35.113000,417.2164141690368,97
2024-09-16 12:13:35.189000,417.18215194814536,6
2024-09-16 12:13:35.222000,417.1862376167301,102
2024-09-16 12:13:35.355000,417.24229644545073,96
2024-09-16 12:13:35.411000,417.2117049406091,105
2024-09-16 12:13:35.478000,417.217866974949,101
2024-09-16 12:13:35.526000,417.2148153353359,97
2024-09-16 12:13:35.586000,417.1790534357848,100
2024-09-16 12:13:35.723000,417.2199682231352,6
2024-09-16 12:13:35.729000,417.19078654120153,100
2024-09-16 12:13:35.823000,417.2166141142053,1004
2024-09-16 12:13:35.832000,417.1885605134957,1002
2024-09-16 12:13:35.859000,417.2187112359291,999
2024-09-16 12:13:35.979000,417.2047515912509,1002
2024-09-16 12:13:35.986000,417.2364163202623,7
2024-09-16 12:13:36.187000,417.20711850757215,105
2024-09-16 12:13:36.240000,417.20499238036285,105
2024-09-16 12:13:36.656000,417.1950500656434,1000
2024-09-16 12:13:36.770000,417.2025549553144,1000
2024-09-16 12:13:37.036000,417.1645337201689,997
2024-09-16 12:13:37.057000,417.11238654287394,995
2024-09-16 12:13:37.068000,417.1168830268917,95
2024-09-16 12:13:37.162000,417.1087071738127,105
2024-09-16 12:13:37.183000,417.1703318210819,11
2024-09-16 12:13:37.273000,417.1005287421251,1004
2024-09-16 12:13:37.306000,417.1094156082415,102
2024-09-16 12:13:37.348000,417.09736715009615,995
2024-09-16 12:13:37.395000,417.11352485353376,11
2024-09-16 12:13:37.409000,417.1115460748947,103
2024-09-16 12:13:37.438000,417.1002928886969,1000
2024-09-16 12:13:37.443000,417.1096995547069,13
2024-09-16 12:13:37.682000,417.11158170137423,99
2024-09-16 12:13:37.701000,417.0986904510441,105
2024-09-16 12:13:37.721000,417.1114760544278,95
2024-09-16 12:13:37.731000,417.1033366666816,95
2024-09-16 12:13:37.731000,417.1184624716485,99
2024-09-16 12:13:37.844000,417.13341910251904,96
2024-09-16 12:13:37.878000,417.09719171347655,995
2024-09-16 12:13:37.886000,417.1056777707184,15
2024-09-16 12:13:37.939000,417.1091160376908,10
2024-09-16 12:13:37.940000,417.17789328374056,96
2024-09-16 12:13:38.033000,417.13845253129375,995
2024-09-16 12:13:38.053000,417.1790253453207,8
2024-09-16 12:13:38.158000,417.1601012847453,97
2024-09-16 12:13:38.228000,417.1284926858582,1001
2024-09-16 12:13:38.248000,417.13812013429896,6
2024-09-16 12:13:38.286000,417.1342511591893,1005
2024-09-16 12:13:38.323000,417.12325484337896,1000
2024-09-16 12:13:38.347000,417.1415761123268,97
2024-09-16 12:13:38.361000,417.1297357173191,996
2024-09-16 12:13:38.560000,417.1611907065989,998
2024-09-16 12:13:38.581000,417.1326022111209,11
2024-09-16 12:13:38.606000,417.17126719732414,15
2024-09-16 12:13:38.619000,417.1761702512365,1002
2024-09-16 12:13:38.675000,417.1633248532052,995
2024-09-16 12:13:38.807000,417.16928785266856,8
2024-09-16 12:13:38.848000,417.16104135935126,5
2024-09-16 12:13:38.981000,417.16965642212426,99
2024-09-16 12:13:39.117000,417.16768349413854,104
2024-09-16 12:13:39.147000,417.1414131270809,102
2024-09-16 12:13:39.175000,417.17893039717217,95
2024-09-16 12:13:39.184000,417.18793434117794,100
2024-09-16 12:13:39.309000,417.1641763489517,1001
2024-09-16 12:13:39.352000,417.1610266171749,1005
2024-09-16 12:13:39.861000,417.15442676977057,14
2024-09-16 12:13:39.875000,417.1395374287949,98
2024-09-16 12:13:39.886000,417.1649921913794,100
2024-09-16 12:13:40.036000,417.1173230712946,12
2024-09-16 12:13:40.117000,417.107571082353,11
2024-09-16 12:13:40.177000,417.11998890195446,1003
2024-09-16 12:13:40.182000,417.1354608697831,104
2024-09-16 12:13:40.187000,417.0952349673465,11
2024-09-16 12:13:40.202000,417.0854316978456,95
2024-09-16 12:13:40.313000,417.10534570579375,997
2024-09-16 12:13:40.334000,417.06356807450686,995
2024-09-16 12:13:40.361000,417.1261805377233,98
2024-09-16 12:13:40.396000,417.08281275774686,13
2024-09-16 12:13:40.407000,417.1268403783824,11
2024-09-16 12:13:40.494000,417.0883768877336,1001
2024-09-16 12:13:40.507000,417.1279954397778,101
2024-09-16 12:13:40.557000,417.0841046424527,96
2024-09-16 12:13:40.557000,417.0832086772178,102
2024-09-16 12:13:40.602000,417.1220498514022,1001
2024-09-16 12:13:40.609000,417.085662731956,98
2024-09-16 12:13:40.663000,417.14375436362144,105
2024-09-16 12:13:40.677000,417.0863983030037,8
2024-09-16 12:13:40.745000,417.0712959625592,1000
2024-09-16 12:13:40.837000,417.12154497178864,5
2024-09-16 12:13:40.861000,417.1401043824482,11
2024-09-16 12:13:40.985000,417.1219124326599,102
2024-09-16 12:13:41.208000,417.0914066021632,998
2024-09-16 12:13:41.276000,417.09679134080704,14
2024-09-16 12:13:41.278000,417.1384430025971,11
2024-09-16 12:13:41.335000,417.1386828058848,996
2024-09-16 12:13:41.384000,417.1263947763152,12
2024-09-16 12:13:41.635000,417.1065831220311,1003
2024-09-16 12:13:41.882000,417.110882402221,11
2024-09-16 12:13:42.032000,417.1588526319123,11
2024-09-16 12:13:42.048000,417.1474585550517,15
2024-09-16 12:13:42.072000,417.1839581253186,998
2024-09-16 12:13:42.117000,417.1546957437632,13
2024-09-16 12:13:42.130000,417.1725799991333,105
2024-09-16 12:13:42.163000,417.1792503619457,999
2024-09-16 12:13:42.191000,417.1735582423967,13
2024-09-16 12:13:42.287000,417.1608037816522,105
2024-09-16 12:13:42.351000,417.1743200002059,101
2024-09-16 12:13:42.395000,417.1607918674357,101
2024-09-16 12:13:42.429000,417.149220494558,998
2024-09-16 12:13:42.492000,417.1583318246399,6
2024-09-16 12:13:42.550000,417.1543656700164,95
2024-09-16 12:13:42.553000,417.1702990999084,8
2024-09-16 12:13:42.718000,417.1596795314368,103
2024-09-16 12:13:42.730000,417.1764415481487,1004
2024-09-16 12:13:42.747000,417.1597371100312,97
2024-09-16 12:13:42.787000,417.1606797559451,997
2024-09-16 12:13:42.818000,417.16099587312266,97
2024-09-16 12:13:42.924000,417.17864721681946,997
2024-09-16 12:13:43.036000,417.2778853466029,996
2024-09-16 12:13:43.054000,417.1957952960681,100
2024-09-16 12:13:43.067000,417.1634595732718,9
2024-09-16 12:13:43.117000,417.1632439355594,98
2024-09-16 12:13:43.157000,417.2967912125515,1005
2024-09-16 12:13:43.164000,417.2643625231073,6
2024-09-16 12:13:43.263000,417.1636143101794,103
2024-09-16 12:13:43.274000,417.2081955532508,14
2024-09-16 12:13:43.301000,417.1718395875116,14
2024-09-16 12:13:43.313000,417.2741482395407,1004
2024-09-16 12:13:43.339000,417.28472339245855,1003
2024-09-16 12:13:43.353000,417.2545792452075,14
2024-09-16 12:13:43.415000,417.206575812987,10
2024-09-16 12:13:43.440000,417.1807948924902,1000
2024-09-16 12:13:43.487000,417.1882435488753,996
2024-09-16 12:13:43.499000,417.1745211473434,999
2024-09-16 12:13:43.505000,417.234241569127,100
2024-09-16 12:13:43.647000,417.262117212353,997
2024-09-16 12:13:43.651000,417.2646022397618,97
2024-09-16 12:13:43.697000,417.1647234118646,1000
2024-09-16 12:13:43.857000,417.2408924352896,1000
2024-09-16 12:13:43.889000,417.26930104447695,10
2024-09-16 12:13:43.892000,417.2740984828801,997
2024-09-16 12:13:44.057000,417.27545189223713,5
2024-09-16 12:13:44.533000,417.28939650658543,105
2024-09-16 12:13:44.748000,417.2628522333961,97
2024-09-16 12:13:44.855000,417.2760464039539,995
2024-09-16 12:13:44.861000,417.2559637066802,11
2024-09-16 12:13:45.065000,417.2402597128927,995
2024-09-16 12:13:45.107000,417.2034057094072,8
2024-09-16 12:13:45.209000,417.2219760839336,998
2024-09-16 12:13:45.249000,417.2149233268417,5
2024-09-16 12:13:45.415000,417.2222473178015,1000
2024-09-16 12:13:45.447000,417.2294901898453,1002
2024-09-16 12:13:45.461000,417.2710841807185,97
2024-09-16 12:13:45.472000,417.2263626093053,96
2024-09-16 12:13:45.570000,417.2333138903976,997
2024-09-16 12:13:45.589000,417.2263703121727,14
2024-09-16 12:13:45.618000,417.2183987705559,11
2024-09-16 12:13:45.728000,417.2247789490172,104
2024-09-16 12:13:45.743000,417.2142853502685,98
2024-09-16 12:13:45.753000,417.2118037638984,1002
2024-09-16 12:13:45.757000,417.2131584563291,12
2024-09-16 12:13:45.819000,417.2415938439968,5
2024-09-16 12:13:45.880000,417.245518055751,99
2024-09-16 12:13:45.918000,417.24063062345,12
2024-09-16 12:13:45.931000,417.234533298544,10
2024-09-16 12:13:45.955000,417.2102648908259,105
2024-09-16 12:13:46.003000,417.1848356953121,13
2024-09-16 12:13:46.005000,417.18971191016175,7
2024-09-16 12:13:46.009000,417.1399521644439,999
2024-09-16 12:13:46.064000,417.18929048897405,12
2024-09-16 12:13:46.112000,417.1959079822937,6
2024-09-16 12:13:46.120000,417.1652185043186,12
2024-09-16 12:13:46.136000,417.2010051849901,14
2024-09-16 12:13:46.169000,417.2021016835852,1002
2024-09-16 12:13:46.218000,417.1530859224041,98
2024-09-16 12:13:46.263000,417.1788039996751,5
2024-09-16 12:13:46.283000,417.2234599855022,1002
2024-09-16 12:13:46.320000,417.1622793774717,1001
2024-09-16 12:13:46.494000,417.21343986794784,999
2024-09-16 12:13:46.494000,417.20642130347824,5
2024-09-16 12:13:46.727000,417.1606600001613,96
2024-09-16 12:13:46.782000,417.1502429420444,1005
2024-09-16 12:13:46.794000,417.1972293362397,1002
2024-09-16 12:13:46.813000,417.1429583051533,997
2024-09-16 12:13:46.816000,417.229714614537,95
2024-09-16 12:13:46.876000,417.1942506527265,104
2024-09-16 12:13:46.887000,417.18108109902016,6
2024-09-16 12:13:46.930000,417.1618208891302,1005
2024-09-16 12:13:47.032000,417.1079483218968,101
2024-09-16 12:13:47.037000,417.12573739568137,104
2024-09-16 12:13:47.102000,417.16849133545753,104
2024-09-16 12:13:47.128000,417.14203227638507,1000
2024-09-16 12:13:47.157000,417.1645637303253,9
2024-09-16 12:13:47.180000,417.1197065827568,1004
2024-09-16 12:13:47.227000,417.1666245404345,6
2024-09-16 12:13:47.265000,417.1508193084659,11
2024-09-16 12:13:47.278000,417.1427690548781,9
2024-09-16 12:13:47.297000,417.1510342625172,999
2024-09-16 12:13:47.300000,417.12883371663696,104
2024-09-16 12:13:47.379000,417.1609179898901,1003
2024-09-16 12:13:47.403000,417.1758072175337,998
2024-09-16 12:13:47.417000,417.14861530643145,997
2024-09-16 12:13:47.447000,417.1550833508391,12
2024-09-16 12:13:47.485000,417.1198228390572,6
2024-09-16 12:13:47.612000,417.1698213953615,1005
2024-09-16 12:13:47.624000,417.1228991471456,8
2024-09-16 12:13:47.656000,417.1273024199279,1005
2024-09-16 12:13:47.704000,417.110989314346,1005
2024-09-16 12:13:47.721000,417.13936709542975,104
2024-09-16 12:13:47.787000,417.1627902955212,12
2024-09-16 12:13:47.809000,417.1604309414104,8
2024-09-16 12:13:47.914000,417.1622103325686,995
2024-09-16 12:13:47.947000,417.1423128693414,7
2024-09-16 12:13:47.955000,417.121358592657,100
2024-09-16 12:13:47.992000,417.11584701706215,996
2024-09-16 12:13:48.309000,417.1120526936281,103
2024-09-16 12:13:48.338000,417.12129289610334,99
2024-09-16 12:13:48.486000,417.10310509024544,97
2024-09-16 12:13:48.551000,417.11031519341367,103
2024-09-16 12:13:48.797000,417.1091265595919,11
2024-09-16 12:13:48.909000,417.10917595351975,1003
2024-09-16 12:13:49.026000,417.0891796278478,1000
2024-09-16 12:13:49.026000,417.07321430656594,15
2024-09-16 12:13:49.032000,417.0796454525362,101
2024-09-16 12:13:49.075000,417.09127855588935,102
2024-09-16 12:13:49.135000,417.07888941362114,9
2024-09-16 12:13:49.159000,417.0692630112772,96
2024-09-16 12:13:49.209000,417.107705566526,8
2024-09-16 12:13:49.299000,417.0872144346205,1002
2024-09-16 12:13:49.311000,417.0825426202283,15
2024-09-16 12:13:49.334000,417.0735910539922,97
2024-09-16 12:13:49.559000,417.0627352973988,1003
2024-09-16 12:13:49.564000,417.0805053280429,7
2024-09-16 12:13:49.587000,417.0890949500277,96
2024-09-16 12:13:49.621000,417.0767353014413,15
2024-09-16 12:13:49.710000,417.1087211785661,6
2024-09-16 12:13:49.786000,417.072813459367,998
2024-09-16 12:13:49.792000,417.0864917504647,11
2024-09-16 12:13:49.911000,417.0594576443751,10
2024-09-16 12:13:49.916000,417.10216655431833,97
2024-09-16 12:13:49.937000,417.0810806288529,97
2024-09-16 12:13:49.945000,417.0850666059204,1003
2024-09-16 12:13:51,417.26645562933817,1003
2024-09-16 12:13:51.073000,417.1406542180868,100
2024-09-16 12:13:51.101000,417.2780333978798,6
2024-09-16 12:13:51.139000,417.27103682481845,5
2024-09-16 12:13:51.161000,417.1042437485704,97
2024-09-16 12:13:51.188000,417.1684985592415,995
2024-09-16 12:13:51.198000,417.2206516579325,103
2024-09-16 12:13:51.217000,417.1800095480144,96
2024-09-16 12:13:51.313000,417.2517889110188,1002
2024-09-16 12:13:51.334000,417.148241644258,1004
2024-09-16 12:13:51.353000,417.2538939931042,995
2024-09-16 12:13:51.443000,417.24026891302526,8
2024-09-16 12:13:51.460000,417.2354314005341,1001
2024-09-16 12:13:51.478000,417.2134217924251,998
2024-09-16 12:13:51.486000,417.2489083726567,99
2024-09-16 12:13:51.499000,417.2276406721896,998
2024-09-16 12:13:51.509000,417.14675614379615,99
2024-09-16 12:13:51.607000,417.12667094708496,6
2024-09-16 12:13:51.711000,417.12330777254414,104
2024-09-16 12:13:51.751000,417.1847015778747,98
2024-09-16 12:13:51.897000,417.27971495565214,15
2024-09-16 12:13:51.913000,417.2584848763485,11
2024-09-16 12:13:51.952000,417.15106308152247,104
2024-09-16 12:13:52.059000,417.2924607468526,1001
2024-09-16 12:13:52.060000,417.3168483663032,15
2024-09-16 12:13:52.091000,417.2810548847225,6
2024-09-16 12:13:52.121000,417.3137586141684,105
2024-09-16 12:13:52.167000,417.3023770795557,1000
2024-09-16 12:13:52.435000,417.2885860704472,13
2024-09-16 12:13:52.531000,417.2826723632869,10
2024-09-16 12:13:52.533000,417.28464751563286,11
2024-09-16 12:13:52.635000,417.2725604487144,97
2024-09-16 12:13:52.661000,417.2975005254633,995
2024-09-16 12:13:52.710000,417.2926446004092,7
2024-09-16 12:13:52.758000,417.2952093132049,96
2024-09-16 12:13:52.797000,417.29695528110153,11
2024-09-16 12:13:52.820000,417.2655505074598,1005
2024-09-16 12:13:52.878000,417.2872839174674,101
2024-09-16 12:13:52.919000,417.2939615355321,103
2024-09-16 12:13:52.987000,417.2961871404633,7
2024-09-16 12:13:53.072000,417.25601230996017,104
2024-09-16 12:13:53.085000,417.2175481254773,98
2024-09-16 12:13:53.132000,417.2263195081467,13
2024-09-16 12:13:53.134000,417.24408863516976,1003
2024-09-16 12:13:53.150000,417.2142594821892,101
2024-09-16 12:13:53.274000,417.24648046984015,96
2024-09-16 12:13:53.306000,417.237458879584,98
2024-09-16 12:13:53.429000,417.2486244440354,97
2024-09-16 12:13:53.506000,417.2391549305474,103
2024-09-16 12:13:53.521000,417.22909410650686,1005
2024-09-16 12:13:53.557000,417.2306496668737,12
2024-09-16 12:13:53.614000,417.2147977200953,996
2024-09-16 12:13:53.615000,417.2255196823309,998
2024-09-16 12:13:53.626000,417.2684459330121,9
2024-09-16 12:13:53.631000,417.2269251492334,102
2024-09-16 12:13:53.654000,417.2339243605901,1002
2024-09-16 12:13:53.739000,417.2380455297188,999
2024-09-16 12:13:53.761000,417.23301480601066,998
2024-09-16 12:13:53.811000,417.216356528943,100
2024-09-16 12:13:53.874000,417.2116203024685,1000
2024-09-16 12:13:53.923000,417.25801378914497,10
2024-09-16 12:13:53.929000,417.241397487016,1001
2024-09-16 12:13:53.989000,417.26220040573867,104
2024-09-16 12:13:54.006000,417.1312674779132,97
2024-09-16 12:13:54.018000,417.1251217099775,12
2024-09-16 12:13:54.204000,417.207128123901,1003
2024-09-16 12:13:54.244000,417.1357312952355,998
2024-09-16 12:13:54.260000,417.230333453248,10
2024-09-16 12:13:54.296000,417.1542060693837,1000
2024-09-16 12:13:54.324000,417.1154103813872,1000
2024-09-16 12:13:54.347000,417.143701011906,6
2024-09-16 12:13:54.354000,417.2085772525522,1003
2024-09-16 12:13:54.391000,417.1749495120628,101
2024-09-16 12:13:54.408000,417.1981490179702,1001
2024-09-16 12:13:54.416000,417.1863634734619,95
2024-09-16 12:13:54.418000,417.1901460479645,8
2024-09-16 12:13:54.421000,417.1219069185796,1005
2024-09-16 12:13:54.428000,417.1879973267217,5
2024-09-16 12:13:54.556000,417.2067379481102,103
2024-09-16 12:13:54.562000,417.17246992007296,1004
2024-09-16 12:13:54.577000,417.2062773239543,998
2024-09-16 12:13:54.615000,417.2054440157547,95
2024-09-16 12:13:54.641000,417.20043184391153,102
2024-09-16 12:13:54.718000,417.20901568064096,101
2024-09-16 12:13:54.739000,417.1608644594142,7
2024-09-16 12:13:54.751000,417.2114138962062,995
2024-09-16 12:13:54.767000,417.1606965371098,1002
2024-09-16 12:13:54.862000,417.1221161371235,102
2024-09-16 12:13:54.907000,417.1628795615732,100
2024-09-16 12:13:54.988000,417.2299745468845,1004
2024-09-16 12:13:55.012000,417.27388383866753,102
2024-09-16 12:13:55.126000,417.29167175193663,1002
2024-09-16 12:13:55.219000,417.25479705995457,995
2024-09-16 12:13:55.288000,417.2619421350369,1003
2024-09-16 12:13:55.320000,417.268544323572,99
2024-09-16 12:13:55.356000,417.3009476894287,9
2024-09-16 12:13:55.374000,417.2956335559594,996
2024-09-16 12:13:55.414000,417.28135555006224,98
2024-09-16 12:13:55.418000,417.2611759063456,98
2024-09-16 12:13:55.433000,417.3115829098614,105
2024-09-16 12:13:55.464000,417.28236607357513,9
2024-09-16 12:13:55.509000,417.28195622226383,103
2024-09-16 12:13:55.553000,417.2585492801358,8
2024-09-16 12:13:55.555000,417.2473873261819,13
2024-09-16 12:13:55.603000,417.2980372816857,15
2024-09-16 12:13:55.630000,417.3041488076076,101
2024-09-16 12:13:55.633000,417.2294215505453,96
2024-09-16 12:13:55.689000,417.24502941739416,1005
2024-09-16 12:13:55.707000,417.26243616541575,7
2024-09-16 12:13:55.742000,417.2467881293323,98
2024-09-16 12:13:55.778000,417.2669410754932,13
2024-09-16 12:13:55.929000,417.2866060971693,1004
2024-09-16 12:13:55.968000,417.281150415561,102
2024-09-16 12:13:55.999000,417.2619026183088,12
2024-09-16 12:13:56.008000,417.3025124587218,97
2024-09-16 12:13:56.035000,417.2984114227158,9
2024-09-16 12:13:56.167000,417.2951847009269,95
2024-09-16 12:13:56.276000,417.2851172147031,995
2024-09-16 12:13:56.293000,417.2869676494111,1003
2024-09-16 12:13:56.495000,417.29439895770497,999
2024-09-16 12:13:56.524000,417.2586819633958,8
2024-09-16 12:13:56.737000,417.2719979569665,998
2024-09-16 12:13:56.754000,417.2802175861378,99
2024-09-16 12:13:56.803000,417.267815350554,1002
2024-09-16 12:13:56.849000,417.2573931882315,1000
2024-09-16 12:13:56.894000,417.26574456493694,101
2024-09-16 12:13:56.904000,417.29699046263113,102
2024-09-16 12:13:56.931000,417.2622717663343,96
2024-09-16 12:13:56.957000,417.2991756187792,15
2024-09-16 12:13:56.958000,417.265885338765,6
2024-09-16 12:13:56.985000,417.2708506294204,8
2024-09-16 12:13:57.034000,417.1898836920855,998
2024-09-16 12:13:57.060000,417.2216107467785,995
2024-09-16 12:13:57.135000,417.18387732011337,996
2024-09-16 12:13:57.280000,417.2110110214949,1002
2024-09-16 12:13:57.301000,417.1844269121766,7
2024-09-16 12:13:57.447000,417.24504378626585,1003
2024-09-16 12:13:57.678000,417.2213985239109,998
2024-09-16 12:13:57.699000,417.19428598293104,999
2024-09-16 12:13:57.947000,417.2198849686821,999
2024-09-16 12:13:57.953000,417.2030185092691,95
2024-09-16 12:13:57.996000,417.2084358978239,9
2024-09-16 12:13:58.014000,417.1967037522194,14
2024-09-16 12:13:58.083000,417.1973261334902,1001
2024-09-16 12:13:58.168000,417.2014938516063,105
2024-09-16 12:13:58.180000,417.1864940041554,103
2024-09-16 12:13:58.226000,417.1951645398215,95
2024-09-16 12:13:58.346000,417.1699490578261,8
2024-09-16 12:13:58.351000,417.18946896693257,10
2024-09-16 12:13:58.524000,417.2042440569281,12
2024-09-16 12:13:58.572000,417.17626287279336,996
2024-09-16 12:13:58.618000,417.17441017504007,101
2024-09-16 12:13:58.620000,417.1870575057504,101
2024-09-16 12:13:58.732000,417.18531799980735,997
2024-09-16 12:13:58.805000,417.1869190011836,95
2024-09-16 12:13:58.950000,417.23576700018646,13
2024-09-16 12:13:58.994000,417.19176848390407,103
2024-09-16 12:13:59.172000,417.2130868496709,11
2024-09-16 12:13:59.414000,417.18651853446113,1003
2024-09-16 12:13:59.580000,417.2082856494914,105
2024-09-16 12:13:59.623000,417.224130401021,97
2024-09-16 12:13:59.694000,417.19581282249015,8
2024-09-16 12:13:59.889000,417.21823327005023,1002
2024-09-16 12:13:59.907000,417.1927444323419,5
2024-09-16 12:13:59.914000,417.2326928035384,15
