Timestamp,Price,Size
2024-09-18 10:10:00.006000,409.0153811015509,100
2024-09-18 10:10:00.248000,409.0165761955034,15
2024-09-18 10:10:00.409000,409.0533614548182,96
2024-09-18 10:10:00.424000,408.9890430554093,96
2024-09-18 10:10:00.464000,409.0240002778755,14
2024-09-18 10:10:00.534000,409.0399072771646,11
2024-09-18 10:10:00.537000,409.0029107853329,99
2024-09-18 10:10:00.620000,409.004212801298,15
2024-09-18 10:10:00.657000,409.0538179128094,15
2024-09-18 10:10:00.730000,409.018081352316,96
2024-09-18 10:10:00.782000,408.9929952478041,1005
2024-09-18 10:10:00.785000,408.9972586905207,7
2024-09-18 10:10:01.538000,409.0222335297275,98
2024-09-18 10:10:01.585000,409.0051317391753,104
2024-09-18 10:10:01.964000,409.0115195852798,96
2024-09-18 10:10:02.190000,408.9902827013368,96
2024-09-18 10:10:02.199000,408.9916748766234,995
2024-09-18 10:10:02.249000,408.9539520665078,1005
2024-09-18 10:10:02.345000,408.9716329368868,7
2024-09-18 10:10:02.519000,408.9808740522788,1004
2024-09-18 10:10:02.566000,409.0189204619166,998
2024-09-18 10:10:02.670000,408.9630743114546,105
2024-09-18 10:10:02.673000,408.99031926506296,99
2024-09-18 10:10:02.732000,408.9991998755114,12
2024-09-18 10:10:02.761000,409.0220029371347,9
2024-09-18 10:10:02.768000,408.9684390120374,1002
2024-09-18 10:10:02.771000,409.00529378720535,15
2024-09-18 10:10:02.829000,408.9671276620174,9
2024-09-18 10:10:02.921000,409.0237914591982,1000
2024-09-18 10:10:02.973000,409.01032641412553,12
2024-09-18 10:10:02.978000,409.0174312599177,8
2024-09-18 10:10:02.988000,408.9593614711595,98
2024-09-18 10:10:03.142000,408.9918481358691,1000
2024-09-18 10:10:03.369000,409.0069610644306,105
2024-09-18 10:10:03.547000,408.9772948224986,10
2024-09-18 10:10:03.597000,408.9994268241378,99
2024-09-18 10:10:03.880000,408.9800185146336,1005
2024-09-18 10:10:04.004000,409.0576968947622,996
2024-09-18 10:10:04.014000,408.99822269978966,97
2024-09-18 10:10:04.080000,409.0639578429894,15
2024-09-18 10:10:04.106000,409.0627002811497,101
2024-09-18 10:10:04.226000,409.0373944553359,95
2024-09-18 10:10:04.268000,409.0236264593661,105
2024-09-18 10:10:04.295000,409.0639130854933,1003
2024-09-18 10:10:04.301000,408.99781032508,105
2024-09-18 10:10:04.417000,409.0040589310494,10
2024-09-18 10:10:04.433000,409.0595840120452,10
2024-09-18 10:10:04.494000,409.0331584748053,14
2024-09-18 10:10:04.544000,408.977834103824,14
2024-09-18 10:10:04.587000,409.0233009510839,6
2024-09-18 10:10:04.621000,409.0157682538797,99
2024-09-18 10:10:04.669000,409.0346952670984,1000
2024-09-18 10:10:04.690000,409.0576662396109,12
2024-09-18 10:10:04.718000,409.06590154013793,102
2024-09-18 10:10:04.809000,409.03462783714497,13
2024-09-18 10:10:04.836000,409.0476145485407,5
2024-09-18 10:10:04.839000,409.0510085027041,9
2024-09-18 10:10:04.893000,409.00558052189626,1005
2024-09-18 10:10:04.897000,408.9936127870354,9
2024-09-18 10:10:04.910000,409.03990078382986,1003
2024-09-18 10:10:04.915000,409.0441645259512,13
2024-09-18 10:10:04.928000,408.98259935868646,9
2024-09-18 10:10:04.940000,409.0520802958243,99
2024-09-18 10:10:04.978000,409.0030950476628,6
2024-09-18 10:10:05.124000,409.0174361319797,6
2024-09-18 10:10:05.393000,408.9517251251348,1002
2024-09-18 10:10:05.618000,408.98475107687136,96
2024-09-18 10:10:05.810000,408.9728719994651,95
2024-09-18 10:10:06.610000,408.9311239686522,6
2024-09-18 10:10:06.626000,408.94512242626143,13
2024-09-18 10:10:07.036000,408.9824274355263,998
2024-09-18 10:10:07.125000,408.9959375515701,1004
2024-09-18 10:10:07.184000,408.9946741804248,105
2024-09-18 10:10:07.194000,408.9785500855045,999
2024-09-18 10:10:07.203000,408.9667000412465,14
2024-09-18 10:10:07.213000,408.9676710335328,103
2024-09-18 10:10:07.224000,408.9820488469045,1000
2024-09-18 10:10:07.263000,408.9604007837062,1001
2024-09-18 10:10:07.317000,408.9841192536141,997
2024-09-18 10:10:07.434000,408.99455372879606,105
2024-09-18 10:10:07.438000,408.9433945084616,95
2024-09-18 10:10:07.452000,408.9943854920887,105
2024-09-18 10:10:07.569000,408.991284695336,14
2024-09-18 10:10:07.574000,408.96579198322286,13
2024-09-18 10:10:07.731000,408.9808530672749,1002
2024-09-18 10:10:07.763000,408.99505152525694,1000
2024-09-18 10:10:07.863000,408.97927282674425,1003
2024-09-18 10:10:07.878000,408.98687156421306,6
2024-09-18 10:10:07.998000,408.9788345621063,5
2024-09-18 10:10:08.303000,409.02458969211006,102
2024-09-18 10:10:08.340000,408.9883208812832,15
2024-09-18 10:10:09.151000,409.03283975612425,98
2024-09-18 10:10:09.541000,409.0508145631247,10
2024-09-18 10:10:10.064000,409.0582627080448,95
2024-09-18 10:10:10.074000,409.0435791725676,995
2024-09-18 10:10:10.105000,409.0543178534866,102
2024-09-18 10:10:10.209000,409.07878981681216,1002
2024-09-18 10:10:10.253000,409.0581049106312,1004
2024-09-18 10:10:10.376000,409.0545716678237,996
2024-09-18 10:10:10.469000,409.0635046813731,11
2024-09-18 10:10:10.517000,409.0735695638081,103
2024-09-18 10:10:10.542000,409.0686264871301,10
2024-09-18 10:10:10.546000,409.0631478160786,100
2024-09-18 10:10:10.670000,409.0349581641357,1005
2024-09-18 10:10:10.736000,409.05256690892656,95
2024-09-18 10:10:10.789000,409.06742208747625,999
2024-09-18 10:10:10.800000,409.0441715559565,995
2024-09-18 10:10:10.822000,409.0680901334101,9
2024-09-18 10:10:10.857000,409.0578752848001,1002
2024-09-18 10:10:10.926000,409.0370047311181,996
2024-09-18 10:10:10.963000,409.0640153183205,1002
2024-09-18 10:10:10.982000,409.0432205114677,7
2024-09-18 10:10:11.285000,409.059165007507,96
2024-09-18 10:10:12.004000,409.0611721740519,12
2024-09-18 10:10:12.006000,409.0761274794127,11
2024-09-18 10:10:12.044000,409.0512856031432,1002
2024-09-18 10:10:12.221000,409.064789220728,7
2024-09-18 10:10:12.247000,409.0447854063866,6
2024-09-18 10:10:12.266000,409.07354820011545,15
2024-09-18 10:10:12.356000,409.0617337527484,999
2024-09-18 10:10:12.609000,409.0724374829292,1002
2024-09-18 10:10:12.639000,409.0750080143633,11
2024-09-18 10:10:12.668000,409.0716349965681,100
2024-09-18 10:10:12.703000,409.05810822856927,96
2024-09-18 10:10:12.708000,409.0539592998558,102
2024-09-18 10:10:12.718000,409.061666475835,7
2024-09-18 10:10:12.761000,409.0697919267208,1000
2024-09-18 10:10:12.874000,409.045515847832,8
2024-09-18 10:10:12.925000,409.0518079607321,998
2024-09-18 10:10:12.944000,409.0679863043901,96
2024-09-18 10:10:12.984000,409.06993529355145,102
2024-09-18 10:10:13.039000,409.0668255762502,1005
2024-09-18 10:10:13.050000,409.05498866520816,98
2024-09-18 10:10:13.254000,409.09017701199537,99
2024-09-18 10:10:13.264000,409.0280311685517,104
2024-09-18 10:10:13.298000,409.074556076238,1000
2024-09-18 10:10:13.311000,409.0584926283614,12
2024-09-18 10:10:13.316000,409.1085617571882,101
2024-09-18 10:10:13.408000,409.0871305991918,7
2024-09-18 10:10:13.429000,409.064567373846,96
2024-09-18 10:10:13.438000,409.0438651440189,105
2024-09-18 10:10:13.467000,409.0529699808792,7
2024-09-18 10:10:13.556000,409.0059468874642,999
2024-09-18 10:10:13.564000,409.0576942426415,1002
2024-09-18 10:10:13.644000,409.08892153735206,1003
2024-09-18 10:10:13.685000,409.0215820859328,95
2024-09-18 10:10:13.764000,409.0551597298988,96
2024-09-18 10:10:13.853000,409.0642934998829,98
2024-09-18 10:10:13.866000,409.0711181955611,998
2024-09-18 10:10:13.869000,409.0566552562647,15
2024-09-18 10:10:13.875000,409.1046893461072,105
2024-09-18 10:10:13.906000,409.09489646821135,999
2024-09-18 10:10:13.921000,409.0977120034343,1005
2024-09-18 10:10:13.922000,409.0766956192834,8
2024-09-18 10:10:13.979000,409.0704817003601,10
2024-09-18 10:10:13.983000,409.0400977217769,14
2024-09-18 10:10:14.004000,409.0104610018066,7
2024-09-18 10:10:14.014000,409.0115432408966,12
2024-09-18 10:10:14.143000,409.03001106379423,104
2024-09-18 10:10:14.186000,409.0814845431887,97
2024-09-18 10:10:14.208000,409.0429030567179,5
2024-09-18 10:10:14.218000,409.0622126692117,7
2024-09-18 10:10:14.220000,408.99073169715393,1003
2024-09-18 10:10:14.267000,409.0478382617754,95
2024-09-18 10:10:14.381000,408.98971408190016,13
2024-09-18 10:10:14.426000,409.0545645190023,103
2024-09-18 10:10:14.441000,409.02898549127656,100
2024-09-18 10:10:14.441000,409.03382849053406,98
2024-09-18 10:10:14.523000,409.0429610673316,1000
2024-09-18 10:10:14.556000,409.088741916101,12
2024-09-18 10:10:14.619000,409.01201122016926,1005
2024-09-18 10:10:14.670000,409.0768693568161,5
2024-09-18 10:10:14.693000,409.06691751518656,9
2024-09-18 10:10:14.702000,409.09427709110696,9
2024-09-18 10:10:14.782000,409.0696034374517,997
2024-09-18 10:10:14.786000,409.0290180775847,96
2024-09-18 10:10:14.839000,409.0184452661032,1005
2024-09-18 10:10:14.894000,409.0787072649984,101
2024-09-18 10:10:14.950000,409.0641669804109,998
2024-09-18 10:10:14.975000,409.0652935946883,995
2024-09-18 10:10:15.060000,408.9726370666527,97
2024-09-18 10:10:15.061000,408.98756320681,10
2024-09-18 10:10:15.078000,408.9815737658462,105
2024-09-18 10:10:15.084000,408.9784809623407,11
2024-09-18 10:10:15.190000,409.0196733440457,103
2024-09-18 10:10:15.260000,409.0402885374672,998
2024-09-18 10:10:15.279000,408.9856697114149,11
2024-09-18 10:10:15.297000,408.9860035016859,99
2024-09-18 10:10:15.347000,408.9978152653576,13
2024-09-18 10:10:15.635000,408.9672147867427,1000
2024-09-18 10:10:15.664000,408.9809355016737,8
2024-09-18 10:10:15.790000,408.98531203862086,13
2024-09-18 10:10:15.794000,408.98937247577487,99
2024-09-18 10:10:15.811000,409.0228860181551,99
2024-09-18 10:10:15.909000,408.9890542266712,96
2024-09-18 10:10:15.948000,409.0032470056974,12
2024-09-18 10:10:16.040000,408.98573894515937,1005
2024-09-18 10:10:16.057000,408.95783974204056,9
2024-09-18 10:10:16.196000,408.9218484335443,99
2024-09-18 10:10:16.199000,408.9453812782591,102
2024-09-18 10:10:16.211000,408.95559864363054,6
2024-09-18 10:10:16.226000,408.9493493898714,995
2024-09-18 10:10:16.297000,408.95075151252513,99
2024-09-18 10:10:16.305000,408.96294965417934,102
2024-09-18 10:10:16.394000,408.95119929295663,12
2024-09-18 10:10:16.425000,408.9404149723149,1004
2024-09-18 10:10:16.517000,408.9343051254323,101
2024-09-18 10:10:16.525000,408.9714793329574,9
2024-09-18 10:10:16.545000,408.9598858973474,13
2024-09-18 10:10:16.552000,408.9754130779024,1001
2024-09-18 10:10:16.565000,408.9328179890308,12
2024-09-18 10:10:16.566000,408.951016066513,100
2024-09-18 10:10:16.578000,408.9380985612788,104
2024-09-18 10:10:16.620000,408.9608926773856,1005
2024-09-18 10:10:16.708000,408.9604429602536,13
2024-09-18 10:10:16.718000,408.96418932778585,1005
2024-09-18 10:10:16.740000,408.9866887251497,10
2024-09-18 10:10:16.746000,408.9478388553623,1003
2024-09-18 10:10:16.783000,408.9337458145175,998
2024-09-18 10:10:16.788000,408.9302947942552,10
2024-09-18 10:10:16.800000,408.9456575660295,99
2024-09-18 10:10:16.820000,408.9575782519532,6
2024-09-18 10:10:16.880000,408.9538406244911,996
2024-09-18 10:10:16.946000,408.9381663926231,15
2024-09-18 10:10:16.964000,408.9565017047613,12
2024-09-18 10:10:17.024000,408.9548947517313,105
2024-09-18 10:10:17.168000,408.92714054497947,104
2024-09-18 10:10:17.168000,408.9872412093964,102
2024-09-18 10:10:17.176000,408.91661448260993,102
2024-09-18 10:10:17.227000,408.9535019823908,12
2024-09-18 10:10:17.592000,408.9279957309785,12
2024-09-18 10:10:17.915000,408.964564502821,8
2024-09-18 10:10:17.990000,408.9511370724493,100
2024-09-18 10:10:18.157000,408.99425465646857,1000
2024-09-18 10:10:18.166000,409.018687519555,999
2024-09-18 10:10:18.174000,409.0148443543594,103
2024-09-18 10:10:18.185000,408.9696490217271,1000
2024-09-18 10:10:18.225000,409.0100249465736,1001
2024-09-18 10:10:18.245000,409.00120963348274,998
2024-09-18 10:10:18.250000,408.9986133842235,9
2024-09-18 10:10:18.265000,408.9669905671782,95
2024-09-18 10:10:18.378000,408.99294994755405,1000
2024-09-18 10:10:18.395000,408.9995909706451,11
2024-09-18 10:10:18.414000,409.0095374309509,104
2024-09-18 10:10:18.416000,408.9904467640226,13
2024-09-18 10:10:18.451000,408.9644991022889,95
2024-09-18 10:10:18.464000,408.9970823515166,10
2024-09-18 10:10:18.482000,408.9804825850157,11
2024-09-18 10:10:18.538000,408.9894976800537,5
2024-09-18 10:10:18.611000,409.0003435341849,13
2024-09-18 10:10:18.731000,408.97401904123046,10
2024-09-18 10:10:18.786000,408.98551832018507,104
2024-09-18 10:10:18.854000,409.02030067976426,12
2024-09-18 10:10:18.892000,409.0114108391835,97
2024-09-18 10:10:18.935000,409.0134958011244,96
2024-09-18 10:10:19.012000,409.0384635499584,1005
2024-09-18 10:10:19.092000,409.02142381101805,997
2024-09-18 10:10:19.119000,409.04498842487686,99
2024-09-18 10:10:19.193000,409.0141357972856,95
2024-09-18 10:10:19.284000,409.0526501390904,1005
2024-09-18 10:10:19.306000,409.0699218957737,103
2024-09-18 10:10:19.320000,409.02637100502113,1004
2024-09-18 10:10:19.431000,409.063616460497,8
2024-09-18 10:10:19.501000,409.02467553669953,104
2024-09-18 10:10:19.585000,409.0137008502636,97
2024-09-18 10:10:19.623000,409.0386483225266,997
2024-09-18 10:10:19.624000,409.0142847635866,1003
2024-09-18 10:10:19.633000,409.01982423866735,14
2024-09-18 10:10:19.721000,409.04849033271495,104
2024-09-18 10:10:19.831000,409.0275772327906,100
2024-09-18 10:10:19.865000,409.01460424887256,1000
2024-09-18 10:10:19.900000,409.0515458207156,7
2024-09-18 10:10:19.946000,409.0194652912247,105
2024-09-18 10:10:19.965000,409.040584764858,1000
2024-09-18 10:10:19.984000,409.0333260694004,997
2024-09-18 10:10:19.996000,408.9981863497259,101
2024-09-18 10:10:20.075000,409.13339354894174,103
2024-09-18 10:10:20.119000,409.0699383310263,1005
2024-09-18 10:10:20.173000,409.1352798023333,1004
2024-09-18 10:10:20.188000,409.0830730759096,1000
2024-09-18 10:10:20.225000,409.1019223643539,98
2024-09-18 10:10:20.377000,409.1287364249752,14
2024-09-18 10:10:20.550000,409.1143340894327,101
2024-09-18 10:10:20.651000,409.0983733475204,995
2024-09-18 10:10:20.700000,409.1276457376732,15
2024-09-18 10:10:20.791000,409.11566302399257,999
2024-09-18 10:10:20.798000,409.0803259352599,997
2024-09-18 10:10:20.812000,409.08826146916056,8
2024-09-18 10:10:20.892000,409.1077377751216,999
2024-09-18 10:10:20.923000,409.06400702802136,8
2024-09-18 10:10:20.930000,409.13242206916107,12
2024-09-18 10:10:20.943000,409.0754479602,1003
2024-09-18 10:10:20.959000,409.0943894211344,11
2024-09-18 10:10:20.961000,409.0574287938741,98
2024-09-18 10:10:20.993000,409.0628667057673,13
2024-09-18 10:10:21.090000,409.06491801462727,6
2024-09-18 10:10:21.153000,409.0078857300261,6
2024-09-18 10:10:21.194000,408.9975358445507,14
2024-09-18 10:10:21.211000,409.0090223825788,5
2024-09-18 10:10:21.276000,408.9539665506069,102
2024-09-18 10:10:21.276000,408.9678789792013,10
2024-09-18 10:10:21.288000,409.0324801620274,101
2024-09-18 10:10:21.293000,408.96506957281656,97
2024-09-18 10:10:21.321000,408.9569983959107,1002
2024-09-18 10:10:21.402000,408.974154821649,1002
2024-09-18 10:10:21.426000,408.9902954450873,98
2024-09-18 10:10:21.488000,409.0032287647812,996
2024-09-18 10:10:21.609000,408.9829600611647,97
2024-09-18 10:10:21.638000,409.00083042045264,14
2024-09-18 10:10:21.639000,409.0954763628142,9
2024-09-18 10:10:21.697000,409.0494763657799,997
2024-09-18 10:10:21.705000,409.0037298459448,99
2024-09-18 10:10:21.712000,408.9901247360587,101
2024-09-18 10:10:21.714000,409.0424851520134,7
2024-09-18 10:10:21.736000,409.0882848788172,999
2024-09-18 10:10:21.753000,409.0186086035383,15
2024-09-18 10:10:21.760000,409.0096822105356,104
2024-09-18 10:10:21.800000,409.06182692458754,1005
2024-09-18 10:10:21.811000,409.0140435257368,12
2024-09-18 10:10:21.830000,408.9800270615364,12
2024-09-18 10:10:21.919000,409.0510156642269,999
2024-09-18 10:10:21.923000,409.0951844359271,995
2024-09-18 10:10:21.934000,408.990012303507,14
2024-09-18 10:10:22.196000,409.0230452334798,97
2024-09-18 10:10:22.366000,409.0106715081386,13
2024-09-18 10:10:22.420000,408.9922574357513,996
2024-09-18 10:10:22.435000,409.0086317112589,1000
2024-09-18 10:10:22.694000,409.0161144481261,7
2024-09-18 10:10:22.988000,409.0058607856761,12
2024-09-18 10:10:23.041000,408.959730611555,6
2024-09-18 10:10:23.082000,408.950005329978,12
2024-09-18 10:10:23.107000,408.9847228329174,1002
2024-09-18 10:10:23.144000,408.9480513317008,8
2024-09-18 10:10:23.211000,408.9630918761444,103
2024-09-18 10:10:23.243000,408.9461324362368,96
2024-09-18 10:10:23.274000,409.0139602102993,97
2024-09-18 10:10:23.280000,408.9965791823291,103
2024-09-18 10:10:23.360000,408.9584855902134,11
2024-09-18 10:10:23.376000,409.0342852897804,101
2024-09-18 10:10:23.403000,408.9737040122988,9
2024-09-18 10:10:23.407000,409.0345076966221,12
2024-09-18 10:10:23.434000,409.0244047546012,102
2024-09-18 10:10:23.463000,408.9751305977129,100
2024-09-18 10:10:23.499000,408.9949393352149,101
2024-09-18 10:10:23.542000,408.9726913782979,96
2024-09-18 10:10:23.559000,409.06855197825104,1000
2024-09-18 10:10:23.664000,409.0075896084181,6
2024-09-18 10:10:23.731000,408.9522456558007,1004
2024-09-18 10:10:23.772000,408.9559716217455,1001
2024-09-18 10:10:23.782000,408.9656347365332,6
2024-09-18 10:10:23.862000,408.94779232566543,10
2024-09-18 10:10:23.897000,408.9960985705755,100
2024-09-18 10:10:23.922000,409.01569790963686,996
2024-09-18 10:10:23.982000,408.97831818441625,102
2024-09-18 10:10:24.021000,409.0336545870079,100
2024-09-18 10:10:24.169000,409.122178552254,14
2024-09-18 10:10:24.199000,409.1106524653246,997
2024-09-18 10:10:24.247000,409.1073215115367,999
2024-09-18 10:10:24.266000,409.091625820866,13
2024-09-18 10:10:24.337000,409.0700555624524,997
2024-09-18 10:10:24.341000,409.0068229403343,7
2024-09-18 10:10:24.438000,409.031753105791,100
2024-09-18 10:10:24.456000,409.0966590657559,15
2024-09-18 10:10:24.509000,409.1272258655352,998
2024-09-18 10:10:24.535000,409.1017681354703,101
2024-09-18 10:10:24.547000,409.0902648909482,8
2024-09-18 10:10:24.610000,409.0720073887327,10
2024-09-18 10:10:24.715000,409.0907193251807,11
2024-09-18 10:10:24.774000,409.1170566315541,14
2024-09-18 10:10:24.789000,409.0263239065272,996
2024-09-18 10:10:24.833000,409.0525223618172,95
2024-09-18 10:10:24.874000,409.0575737318975,100
2024-09-18 10:10:24.987000,409.1072449813508,5
2024-09-18 10:10:25.003000,409.0480035517633,7
2024-09-18 10:10:25.029000,409.09588689980063,14
2024-09-18 10:10:25.060000,409.0299011866761,6
2024-09-18 10:10:25.111000,409.04866719879794,6
2024-09-18 10:10:25.139000,409.0316147539275,11
2024-09-18 10:10:25.249000,409.0906430996402,103
2024-09-18 10:10:25.314000,409.05208611526,5
2024-09-18 10:10:25.328000,409.0232479397991,1001
2024-09-18 10:10:25.368000,409.0728949024296,15
2024-09-18 10:10:25.385000,408.998411079492,11
2024-09-18 10:10:25.458000,409.0586546345359,1005
2024-09-18 10:10:25.470000,409.02714324116937,12
2024-09-18 10:10:25.582000,409.0839618008143,999
2024-09-18 10:10:25.585000,408.9967304220736,100
2024-09-18 10:10:25.628000,409.0599557598553,14
2024-09-18 10:10:25.667000,409.03123027003727,999
2024-09-18 10:10:25.712000,409.0195976593845,1002
2024-09-18 10:10:25.739000,409.0352592318722,97
2024-09-18 10:10:25.768000,409.06593198646567,100
2024-09-18 10:10:25.771000,409.0936489821354,12
2024-09-18 10:10:25.938000,409.0708493519569,97
2024-09-18 10:10:25.950000,409.0261445988894,98
2024-09-18 10:10:25.956000,409.0819294397591,998
2024-09-18 10:10:25.968000,408.9908110881965,102
2024-09-18 10:10:26.026000,409.08208527253765,999
2024-09-18 10:10:26.030000,409.0681474394447,1001
2024-09-18 10:10:26.085000,409.0573352683884,98
2024-09-18 10:10:26.129000,409.0710675140616,995
2024-09-18 10:10:26.133000,409.0862822446457,998
2024-09-18 10:10:26.174000,409.0546219022076,101
2024-09-18 10:10:26.184000,409.07016530088725,99
2024-09-18 10:10:26.188000,409.07230748586784,996
2024-09-18 10:10:26.264000,409.07045221390433,6
2024-09-18 10:10:26.304000,409.067518928836,103
2024-09-18 10:10:26.410000,409.07741586108455,102
2024-09-18 10:10:26.529000,409.0622348264105,97
2024-09-18 10:10:26.683000,409.0631117919748,1001
2024-09-18 10:10:26.709000,409.0723438186031,1002
2024-09-18 10:10:26.780000,409.09189408403904,101
2024-09-18 10:10:26.786000,409.07062957724617,97
2024-09-18 10:10:26.812000,409.080620239308,999
2024-09-18 10:10:26.826000,409.0674135340619,12
2024-09-18 10:10:26.884000,409.0597703627549,7
2024-09-18 10:10:26.927000,409.0883810364414,98
2024-09-18 10:10:26.977000,409.0700542330376,100
2024-09-18 10:10:27.012000,409.0143387232712,9
2024-09-18 10:10:27.035000,409.0199662219736,1003
2024-09-18 10:10:27.059000,408.9841324625219,6
2024-09-18 10:10:27.068000,409.0245994129714,13
2024-09-18 10:10:27.164000,409.0062779208573,1002
2024-09-18 10:10:27.169000,409.0594193613708,102
2024-09-18 10:10:27.182000,409.0167318487202,1004
2024-09-18 10:10:27.204000,409.0323294955358,105
2024-09-18 10:10:27.287000,409.0571060212941,1004
2024-09-18 10:10:27.374000,409.0246492967684,1004
2024-09-18 10:10:27.381000,409.019218344197,999
2024-09-18 10:10:27.401000,409.0072026405159,12
2024-09-18 10:10:27.415000,409.0239175718978,1003
2024-09-18 10:10:27.466000,408.9942677751192,98
2024-09-18 10:10:27.557000,408.9735528513384,97
2024-09-18 10:10:27.566000,409.0069801798528,5
2024-09-18 10:10:27.585000,409.027068466958,15
2024-09-18 10:10:27.617000,409.00769883921686,11
2024-09-18 10:10:27.656000,409.0257535295912,12
2024-09-18 10:10:27.662000,409.0559386750228,1000
2024-09-18 10:10:27.699000,409.05684657632,999
2024-09-18 10:10:27.773000,409.0525922207318,5
2024-09-18 10:10:27.815000,408.998626561772,100
2024-09-18 10:10:27.902000,409.0326731494344,1000
2024-09-18 10:10:27.902000,409.02236545488455,999
2024-09-18 10:10:27.906000,409.0266582010781,100
2024-09-18 10:10:27.907000,408.99612414826106,98
2024-09-18 10:10:27.937000,408.9930576003613,103
2024-09-18 10:10:28.006000,409.09456137609214,15
2024-09-18 10:10:28.020000,409.0412314203154,14
2024-09-18 10:10:28.114000,409.1003323086103,1004
2024-09-18 10:10:28.119000,409.0440621393846,999
2024-09-18 10:10:28.136000,409.0545017114003,5
2024-09-18 10:10:28.142000,409.04674331370313,997
2024-09-18 10:10:28.148000,409.020855039164,1005
2024-09-18 10:10:28.168000,409.0493896573039,1005
2024-09-18 10:10:28.184000,409.0197961519726,998
2024-09-18 10:10:28.204000,409.0458785062232,7
2024-09-18 10:10:28.283000,409.0115748603584,101
2024-09-18 10:10:28.292000,409.0366157614537,1001
2024-09-18 10:10:28.354000,409.022771585671,13
2024-09-18 10:10:28.384000,409.0315133396495,6
2024-09-18 10:10:28.407000,409.0784987305129,10
2024-09-18 10:10:28.412000,409.03170082844366,104
2024-09-18 10:10:28.424000,409.0329998642239,10
2024-09-18 10:10:28.426000,409.0482603315568,999
2024-09-18 10:10:28.436000,409.0557535411873,96
2024-09-18 10:10:28.450000,409.0474270800647,10
2024-09-18 10:10:28.489000,409.042337429496,103
2024-09-18 10:10:28.585000,409.035465590094,1003
2024-09-18 10:10:28.779000,409.0184632133135,996
2024-09-18 10:10:28.792000,409.045089606368,1000
2024-09-18 10:10:28.843000,409.0413799194167,7
2024-09-18 10:10:28.929000,409.0476774437995,995
2024-09-18 10:10:28.987000,409.0181627079441,7
2024-09-18 10:10:29.252000,409.10206072082406,8
2024-09-18 10:10:29.274000,409.1480048879243,97
2024-09-18 10:10:29.399000,409.0968338314909,96
2024-09-18 10:10:29.415000,409.1148372283917,11
2024-09-18 10:10:29.427000,409.084977208335,1000
2024-09-18 10:10:29.428000,409.1205527362072,11
2024-09-18 10:10:29.442000,409.1286696703265,104
2024-09-18 10:10:29.549000,409.1154079750327,95
2024-09-18 10:10:29.625000,409.11323453663897,104
2024-09-18 10:10:29.628000,409.1402541973468,103
2024-09-18 10:10:29.631000,409.10740050038265,11
2024-09-18 10:10:29.649000,409.0997169575324,102
2024-09-18 10:10:29.949000,409.1143096985772,96
2024-09-18 10:10:30.032000,409.15794818281614,1001
2024-09-18 10:10:30.215000,409.1450316892904,95
2024-09-18 10:10:30.310000,409.1546775103338,102
2024-09-18 10:10:30.476000,409.1953382728239,11
2024-09-18 10:10:30.649000,409.1690378203628,13
2024-09-18 10:10:30.744000,409.1811792918601,5
2024-09-18 10:10:30.922000,409.2077298780379,6
2024-09-18 10:10:30.986000,409.1460228075708,1004
2024-09-18 10:10:31.008000,409.2062839486467,9
2024-09-18 10:10:31.064000,409.1934622587477,101
2024-09-18 10:10:31.074000,409.20118480657214,995
2024-09-18 10:10:31.086000,409.1940680596487,10
2024-09-18 10:10:31.146000,409.226435688281,102
2024-09-18 10:10:31.182000,409.2018279717118,99
2024-09-18 10:10:31.349000,409.2092616562981,14
2024-09-18 10:10:31.361000,409.2050025106354,11
2024-09-18 10:10:31.372000,409.19903432936513,100
2024-09-18 10:10:31.434000,409.2066615762996,101
2024-09-18 10:10:31.573000,409.221562902006,13
2024-09-18 10:10:31.582000,409.2019821497457,6
2024-09-18 10:10:31.710000,409.1848690071048,6
2024-09-18 10:10:31.793000,409.1836037043902,14
2024-09-18 10:10:31.818000,409.17766158510574,1000
2024-09-18 10:10:31.873000,409.2111006407234,102
2024-09-18 10:10:31.885000,409.18638962228295,13
2024-09-18 10:10:31.990000,409.2130780332638,7
2024-09-18 10:10:32.089000,409.1905335597416,1001
2024-09-18 10:10:32.127000,409.22037934919183,15
2024-09-18 10:10:32.131000,409.1956083522972,12
2024-09-18 10:10:32.145000,409.1881806028669,104
2024-09-18 10:10:32.154000,409.20467795381234,98
2024-09-18 10:10:32.177000,409.184636652789,998
2024-09-18 10:10:32.208000,409.1634081526004,1002
2024-09-18 10:10:32.223000,409.1552081553426,11
2024-09-18 10:10:32.307000,409.182398500432,1002
2024-09-18 10:10:32.314000,409.1951773676889,997
2024-09-18 10:10:32.377000,409.1763250744999,1001
2024-09-18 10:10:32.387000,409.1833454533378,1004
2024-09-18 10:10:32.417000,409.23472168231024,5
2024-09-18 10:10:32.420000,409.1609063542231,13
2024-09-18 10:10:32.437000,409.21706885935606,999
2024-09-18 10:10:32.452000,409.1558162964295,7
2024-09-18 10:10:32.490000,409.2038231356996,996
2024-09-18 10:10:32.522000,409.18131450089817,997
2024-09-18 10:10:32.522000,409.20310615219336,96
2024-09-18 10:10:32.529000,409.2343255359394,95
2024-09-18 10:10:32.594000,409.158693483493,105
2024-09-18 10:10:32.603000,409.1985712117786,1005
2024-09-18 10:10:32.616000,409.18296000287006,101
2024-09-18 10:10:32.738000,409.2049453811422,104
2024-09-18 10:10:32.747000,409.2052216233613,6
2024-09-18 10:10:32.755000,409.1609958799238,1001
2024-09-18 10:10:32.761000,409.1785836920745,996
2024-09-18 10:10:32.777000,409.1839514454317,96
2024-09-18 10:10:32.942000,409.21267057283904,15
2024-09-18 10:10:32.985000,409.2164850514949,15
2024-09-18 10:10:33.021000,409.20474194356126,96
2024-09-18 10:10:33.071000,409.2213462029536,1004
2024-09-18 10:10:33.103000,409.1996687490527,101
2024-09-18 10:10:33.297000,409.1920041349263,1005
2024-09-18 10:10:33.363000,409.2243402339972,95
2024-09-18 10:10:33.370000,409.1838944542679,14
2024-09-18 10:10:33.374000,409.1749064288013,999
2024-09-18 10:10:33.424000,409.1792309957317,10
2024-09-18 10:10:33.495000,409.1813670703686,98
2024-09-18 10:10:33.504000,409.206852008127,103
2024-09-18 10:10:33.685000,409.1818689457111,1003
2024-09-18 10:10:33.764000,409.1734285279946,5
2024-09-18 10:10:33.838000,409.1599992495916,97
2024-09-18 10:10:33.864000,409.203780086477,997
2024-09-18 10:10:33.961000,409.2212712072304,98
2024-09-18 10:10:34.402000,409.1961246864962,14
2024-09-18 10:10:34.465000,409.2006469573,1002
2024-09-18 10:10:34.540000,409.2106087470711,6
2024-09-18 10:10:34.795000,409.2095111070837,101
2024-09-18 10:10:34.935000,409.202768190034,999
2024-09-18 10:10:35.033000,409.1996901575746,1000
2024-09-18 10:10:35.115000,409.16882934379856,15
2024-09-18 10:10:35.127000,409.1698687098585,1001
2024-09-18 10:10:35.178000,409.2004681926921,13
2024-09-18 10:10:35.203000,409.1756839386801,1002
2024-09-18 10:10:35.249000,409.1233186681836,95
2024-09-18 10:10:35.266000,409.18314156213154,103
2024-09-18 10:10:35.268000,409.1343771358213,13
2024-09-18 10:10:35.342000,409.1927740716405,15
2024-09-18 10:10:35.353000,409.1553340630367,97
2024-09-18 10:10:35.549000,409.1721940323257,999
2024-09-18 10:10:35.787000,409.1450750313857,11
2024-09-18 10:10:35.803000,409.1894026352122,103
2024-09-18 10:10:35.896000,409.16945928799487,1001
2024-09-18 10:10:35.977000,409.1993907719166,7
2024-09-18 10:10:36.124000,409.1234021799229,5
2024-09-18 10:10:36.347000,409.1096393008709,1003
2024-09-18 10:10:36.548000,409.1012019215702,998
2024-09-18 10:10:36.586000,409.1259537184439,1000
2024-09-18 10:10:36.593000,409.1237852963824,7
2024-09-18 10:10:37.008000,409.1567033074681,103
2024-09-18 10:10:37.059000,409.1499477511371,11
2024-09-18 10:10:37.095000,409.1312657684165,8
2024-09-18 10:10:37.135000,409.1027421696213,9
2024-09-18 10:10:37.173000,409.1594243558967,102
2024-09-18 10:10:37.232000,409.1185902845909,102
2024-09-18 10:10:37.301000,409.1437344809413,96
2024-09-18 10:10:37.417000,409.1449731880972,999
2024-09-18 10:10:37.479000,409.1319407027923,100
2024-09-18 10:10:37.525000,409.1475107759143,14
2024-09-18 10:10:37.588000,409.1104304075266,12
2024-09-18 10:10:37.595000,409.1077757675172,101
2024-09-18 10:10:37.673000,409.12186242451526,11
2024-09-18 10:10:37.694000,409.153195276078,1004
2024-09-18 10:10:37.697000,409.1475032336176,7
2024-09-18 10:10:37.735000,409.15264980791824,9
2024-09-18 10:10:37.752000,409.12156194109,1000
2024-09-18 10:10:37.876000,409.1411770979119,96
2024-09-18 10:10:37.916000,409.1335973126631,10
2024-09-18 10:10:37.971000,409.1251647802617,1003
2024-09-18 10:10:38.002000,409.1318138995693,96
2024-09-18 10:10:38.071000,409.1449298194176,9
2024-09-18 10:10:38.072000,409.1759025948638,1004
2024-09-18 10:10:38.123000,409.1077979729055,10
2024-09-18 10:10:38.218000,409.1695957484144,9
2024-09-18 10:10:38.222000,409.15297630346606,104
2024-09-18 10:10:38.230000,409.1514156223743,6
2024-09-18 10:10:38.252000,409.1622408372783,10
2024-09-18 10:10:38.368000,409.1561267234303,5
2024-09-18 10:10:38.382000,409.15527686654434,13
2024-09-18 10:10:38.437000,409.11300670145727,103
2024-09-18 10:10:38.488000,409.0936907096079,15
2024-09-18 10:10:38.537000,409.1635939407566,11
2024-09-18 10:10:38.618000,409.1111542800172,105
2024-09-18 10:10:38.775000,409.1519044255428,1002
2024-09-18 10:10:38.946000,409.09027884344295,995
2024-09-18 10:10:38.959000,409.1480709622694,9
2024-09-18 10:10:39.085000,409.1642926965552,97
2024-09-18 10:10:39.155000,409.12178557133984,6
2024-09-18 10:10:39.178000,409.16901331745913,995
2024-09-18 10:10:39.257000,409.17712527818,96
2024-09-18 10:10:39.273000,409.1366917229242,15
2024-09-18 10:10:39.312000,409.1592626843735,104
2024-09-18 10:10:39.365000,409.14930379482166,96
2024-09-18 10:10:39.377000,409.1567473238826,8
2024-09-18 10:10:39.385000,409.16993668586525,1001
2024-09-18 10:10:39.416000,409.1679663754243,103
2024-09-18 10:10:39.451000,409.1666268141573,97
2024-09-18 10:10:39.495000,409.1940263428064,14
2024-09-18 10:10:39.531000,409.1682545814877,1001
2024-09-18 10:10:39.570000,409.1496778995472,1000
2024-09-18 10:10:39.571000,409.19133480568365,7
2024-09-18 10:10:39.588000,409.1550649058665,995
2024-09-18 10:10:39.636000,409.1594372894005,1005
2024-09-18 10:10:39.638000,409.1363725244024,100
2024-09-18 10:10:39.727000,409.1595518552808,9
2024-09-18 10:10:39.776000,409.1536535408824,97
2024-09-18 10:10:39.824000,409.1311776620512,7
2024-09-18 10:10:39.900000,409.16235456052016,6
2024-09-18 10:10:39.940000,409.1855182014168,99
2024-09-18 10:10:39.979000,409.19500703013193,102
2024-09-18 10:10:39.992000,409.1893175459256,105
2024-09-18 10:10:39.992000,409.2101252431083,9
2024-09-18 10:10:39.992000,409.1359802942686,96
2024-09-18 10:10:40.069000,409.17459718227633,103
2024-09-18 10:10:40.265000,409.1537393677113,8
2024-09-18 10:10:40.471000,409.16495768840167,996
2024-09-18 10:10:40.503000,409.17233061297605,14
2024-09-18 10:10:40.613000,409.1580606979934,15
2024-09-18 10:10:40.635000,409.1790246155925,98
2024-09-18 10:10:40.780000,409.16781442347406,999
2024-09-18 10:10:40.822000,409.1778679250406,10
2024-09-18 10:10:41.046000,409.1973775626,101
2024-09-18 10:10:41.218000,409.18872516962847,7
2024-09-18 10:10:41.354000,409.1838823208739,8
2024-09-18 10:10:41.425000,409.1918340911621,1002
2024-09-18 10:10:41.443000,409.1761144585704,15
2024-09-18 10:10:41.653000,409.1872869554432,102
2024-09-18 10:10:41.753000,409.1828865905889,1002
2024-09-18 10:10:41.822000,409.20152470334017,99
2024-09-18 10:10:42.026000,409.1342220696913,14
2024-09-18 10:10:42.231000,409.11248034148167,1000
2024-09-18 10:10:42.286000,409.1206855988943,99
2024-09-18 10:10:42.363000,409.1200365848597,101
2024-09-18 10:10:42.465000,409.1490880847195,104
2024-09-18 10:10:42.624000,409.1394115751072,11
2024-09-18 10:10:42.625000,409.1518185682088,95
2024-09-18 10:10:42.964000,409.1346923826099,98
2024-09-18 10:10:43.018000,409.1152680780971,7
2024-09-18 10:10:43.026000,409.2132090624551,95
2024-09-18 10:10:43.046000,409.2189688068101,96
2024-09-18 10:10:43.050000,409.11973699170056,995
2024-09-18 10:10:43.080000,409.2084337122765,10
2024-09-18 10:10:43.088000,409.2314923145311,103
2024-09-18 10:10:43.096000,409.2131450515004,997
2024-09-18 10:10:43.134000,409.23476267148095,95
2024-09-18 10:10:43.136000,409.12493281899606,103
2024-09-18 10:10:43.150000,409.176244930138,97
2024-09-18 10:10:43.201000,409.1313250086212,103
2024-09-18 10:10:43.229000,409.1959053397664,10
2024-09-18 10:10:43.249000,409.1065271609136,13
2024-09-18 10:10:43.292000,409.1140638902304,6
2024-09-18 10:10:43.298000,409.1652400625894,14
2024-09-18 10:10:43.311000,409.1795490799032,98
2024-09-18 10:10:43.337000,409.1797666582594,8
2024-09-18 10:10:43.344000,409.1228921127733,1004
2024-09-18 10:10:43.398000,409.2167925086143,102
2024-09-18 10:10:43.602000,409.1866670288736,100
2024-09-18 10:10:43.694000,409.1796977402806,98
2024-09-18 10:10:43.715000,409.1216794010406,12
2024-09-18 10:10:43.722000,409.1205807835059,105
2024-09-18 10:10:43.734000,409.1702481846263,105
2024-09-18 10:10:43.763000,409.1989073022086,12
2024-09-18 10:10:43.777000,409.2098181860868,997
2024-09-18 10:10:43.855000,409.14162428938977,1005
2024-09-18 10:10:43.936000,409.23144273500657,995
2024-09-18 10:10:43.994000,409.1957752973332,102
2024-09-18 10:10:44.012000,409.1618093817548,999
2024-09-18 10:10:44.025000,409.2026784983123,100
2024-09-18 10:10:44.096000,409.1456391999816,105
2024-09-18 10:10:44.128000,409.1933870073014,1005
2024-09-18 10:10:44.188000,409.1297294057688,996
2024-09-18 10:10:44.201000,409.1413178870576,1000
2024-09-18 10:10:44.206000,409.14673646042297,997
2024-09-18 10:10:44.207000,409.1724939858796,15
2024-09-18 10:10:44.241000,409.1890661148255,101
2024-09-18 10:10:44.251000,409.1501468640665,999
2024-09-18 10:10:44.252000,409.15301143249263,15
2024-09-18 10:10:44.270000,409.1407613586274,97
2024-09-18 10:10:44.444000,409.2323703306736,9
2024-09-18 10:10:44.458000,409.13966278989983,99
2024-09-18 10:10:44.520000,409.2245200959066,6
2024-09-18 10:10:44.545000,409.159027360095,12
2024-09-18 10:10:44.577000,409.14539534730864,102
2024-09-18 10:10:44.675000,409.1815889380489,14
2024-09-18 10:10:44.770000,409.1406008211964,105
2024-09-18 10:10:44.844000,409.1508490215857,995
2024-09-18 10:10:44.922000,409.1882424924284,100
2024-09-18 10:10:45.086000,409.1699545139918,99
2024-09-18 10:10:45.098000,409.26466934137096,12
2024-09-18 10:10:45.106000,409.2920291549267,97
2024-09-18 10:10:45.142000,409.2874607494824,8
2024-09-18 10:10:45.180000,409.2872716350092,7
2024-09-18 10:10:45.237000,409.1706941838974,102
2024-09-18 10:10:45.291000,409.2430796765108,13
2024-09-18 10:10:45.322000,409.1851018673671,105
2024-09-18 10:10:45.340000,409.2705989238119,999
2024-09-18 10:10:45.352000,409.2992572163043,98
2024-09-18 10:10:45.383000,409.27196168699714,98
2024-09-18 10:10:45.454000,409.2159668480692,996
2024-09-18 10:10:45.542000,409.2694810962984,95
2024-09-18 10:10:45.591000,409.22139077653526,99
2024-09-18 10:10:45.677000,409.29001733364186,1002
2024-09-18 10:10:45.683000,409.22641419299066,103
2024-09-18 10:10:45.715000,409.2915652286303,15
2024-09-18 10:10:45.721000,409.1770013252472,15
2024-09-18 10:10:45.821000,409.1695085342301,1005
2024-09-18 10:10:45.891000,409.1982515436474,997
2024-09-18 10:10:45.923000,409.2165924548682,1001
2024-09-18 10:10:45.929000,409.1979784420576,8
2024-09-18 10:10:45.964000,409.2794007759868,13
2024-09-18 10:10:45.965000,409.2863743165988,104
2024-09-18 10:10:45.983000,409.1734380496518,15
2024-09-18 10:10:45.993000,409.26855001353175,1000
2024-09-18 10:10:46.042000,409.2021846909368,101
2024-09-18 10:10:46.087000,409.23990005958296,1005
2024-09-18 10:10:46.108000,409.2415771973982,995
2024-09-18 10:10:46.180000,409.2630022726908,1003
2024-09-18 10:10:46.233000,409.2076615021005,1004
2024-09-18 10:10:46.276000,409.2271749809217,98
2024-09-18 10:10:46.391000,409.2708833857536,996
2024-09-18 10:10:46.396000,409.1952869335748,96
2024-09-18 10:10:46.446000,409.2687503304842,11
2024-09-18 10:10:46.699000,409.265599821633,103
2024-09-18 10:10:46.869000,409.2643804339338,99
2024-09-18 10:10:46.940000,409.2377889481061,12
2024-09-18 10:10:46.962000,409.2669887941673,9
2024-09-18 10:10:46.991000,409.215189889305,995
2024-09-18 10:10:47.165000,409.1574397273988,5
2024-09-18 10:10:47.181000,409.17693074944606,995
2024-09-18 10:10:47.232000,409.19137658435466,995
2024-09-18 10:10:47.352000,409.15595241211946,102
2024-09-18 10:10:47.439000,409.1874891409202,103
2024-09-18 10:10:47.670000,409.1946721497334,104
2024-09-18 10:10:47.721000,409.1834057739444,995
2024-09-18 10:10:47.722000,409.2054421569859,1001
2024-09-18 10:10:47.777000,409.1893022912365,5
2024-09-18 10:10:47.899000,409.1704675215629,102
2024-09-18 10:10:48.006000,409.27032546397,1002
2024-09-18 10:10:48.061000,409.22437522574455,7
2024-09-18 10:10:48.124000,409.16952202949903,8
2024-09-18 10:10:48.154000,409.2788415098122,7
2024-09-18 10:10:48.259000,409.2408597614183,1001
2024-09-18 10:10:48.291000,409.15879922180335,101
2024-09-18 10:10:48.295000,409.2560546615782,104
2024-09-18 10:10:48.298000,409.2940406034035,6
2024-09-18 10:10:48.406000,409.2758339991607,1003
2024-09-18 10:10:48.433000,409.2457706911522,11
2024-09-18 10:10:48.445000,409.16796519748993,6
2024-09-18 10:10:48.460000,409.2563382476688,9
2024-09-18 10:10:48.592000,409.3038237174578,104
2024-09-18 10:10:48.602000,409.2696097079851,101
2024-09-18 10:10:48.738000,409.2495579922456,104
2024-09-18 10:10:48.755000,409.1889588122367,6
2024-09-18 10:10:48.791000,409.2271163141534,9
2024-09-18 10:10:48.811000,409.2810375961342,5
2024-09-18 10:10:48.837000,409.2037693326031,11
2024-09-18 10:10:48.868000,409.2611411422104,7
2024-09-18 10:10:48.873000,409.2764272073121,8
2024-09-18 10:10:48.881000,409.2586690701173,105
2024-09-18 10:10:48.913000,409.2085013966396,7
2024-09-18 10:10:48.934000,409.218740412662,1005
2024-09-18 10:10:48.941000,409.2670454460425,100
2024-09-18 10:10:48.949000,409.257683285099,12
2024-09-18 10:10:48.961000,409.2957239961278,15
2024-09-18 10:10:48.993000,409.23519867411625,9
2024-09-18 10:10:49.166000,409.2785447603004,98
2024-09-18 10:10:49.207000,409.3244824757843,14
2024-09-18 10:10:49.241000,409.3035866357769,1005
2024-09-18 10:10:49.382000,409.30149695971926,99
2024-09-18 10:10:49.658000,409.2915565976569,1005
2024-09-18 10:10:49.999000,409.3092810898565,96
2024-09-18 10:10:50.017000,409.30803343207424,98
2024-09-18 10:10:50.106000,409.270103272739,997
2024-09-18 10:10:50.125000,409.2757838178152,1000
2024-09-18 10:10:50.136000,409.2684306341324,103
2024-09-18 10:10:50.141000,409.2688331096935,998
2024-09-18 10:10:50.193000,409.2435767907437,11
2024-09-18 10:10:50.224000,409.2494876968258,8
2024-09-18 10:10:50.228000,409.2865916895899,7
2024-09-18 10:10:50.230000,409.2851688997531,7
2024-09-18 10:10:50.445000,409.27756991362855,102
2024-09-18 10:10:50.451000,409.2827057318967,9
2024-09-18 10:10:50.507000,409.2436119609764,11
2024-09-18 10:10:50.534000,409.2740921548073,100
2024-09-18 10:10:50.647000,409.2993716415319,95
2024-09-18 10:10:50.658000,409.24037094102704,998
2024-09-18 10:10:50.827000,409.24113171755823,10
2024-09-18 10:10:50.980000,409.2901635171564,105
2024-09-18 10:10:51.117000,409.2811189099928,95
2024-09-18 10:10:52.416000,409.3052525800174,1002
2024-09-18 10:10:53.114000,409.3093580477768,14
2024-09-18 10:10:53.145000,409.3072270683157,105
2024-09-18 10:10:53.153000,409.35634032840704,96
2024-09-18 10:10:53.168000,409.3179813381024,996
2024-09-18 10:10:53.188000,409.32924985221433,98
2024-09-18 10:10:53.204000,409.2887021347641,997
2024-09-18 10:10:53.296000,409.273732990864,999
2024-09-18 10:10:53.377000,409.3346182560106,997
2024-09-18 10:10:53.397000,409.2962881915308,1004
2024-09-18 10:10:53.511000,409.3737222508658,15
2024-09-18 10:10:53.535000,409.3728306472328,98
2024-09-18 10:10:53.541000,409.2912002460951,104
2024-09-18 10:10:53.568000,409.321276207572,5
2024-09-18 10:10:53.591000,409.3491373841691,15
2024-09-18 10:10:53.642000,409.3572382047493,102
2024-09-18 10:10:53.686000,409.3521288839929,97
2024-09-18 10:10:53.715000,409.3550840093473,15
2024-09-18 10:10:53.715000,409.3679194868595,1005
2024-09-18 10:10:53.747000,409.3287235087186,9
2024-09-18 10:10:53.789000,409.32291105748914,15
2024-09-18 10:10:53.808000,409.3194198463704,99
2024-09-18 10:10:53.841000,409.35715343981366,1000
2024-09-18 10:10:53.850000,409.3064983596578,101
2024-09-18 10:10:53.851000,409.3449487436069,1000
2024-09-18 10:10:53.870000,409.3388813676775,10
2024-09-18 10:10:54.052000,409.322431364168,998
2024-09-18 10:10:54.070000,409.3096795303855,12
2024-09-18 10:10:54.131000,409.30714129531646,95
2024-09-18 10:10:54.159000,409.3269650105434,12
2024-09-18 10:10:54.283000,409.3209090953218,998
2024-09-18 10:10:54.361000,409.2860855977695,5
2024-09-18 10:10:54.422000,409.3182967030185,97
2024-09-18 10:10:54.619000,409.29880282761127,101
2024-09-18 10:10:54.821000,409.3154813718174,104
2024-09-18 10:10:54.828000,409.305787384312,6
2024-09-18 10:10:54.922000,409.3172973507588,1001
2024-09-18 10:10:55.083000,409.3235797352595,103
2024-09-18 10:10:55.179000,409.3315418651727,10
2024-09-18 10:10:55.260000,409.3223214869905,1005
2024-09-18 10:10:55.273000,409.3070504502726,1000
2024-09-18 10:10:55.295000,409.3086656622936,9
2024-09-18 10:10:55.331000,409.29338883718736,1000
2024-09-18 10:10:55.359000,409.3177582985351,1001
2024-09-18 10:10:55.541000,409.33009473715225,95
2024-09-18 10:10:55.805000,409.2816049945312,999
2024-09-18 10:10:55.837000,409.31069958763294,14
2024-09-18 10:10:56.007000,409.4356702291568,15
2024-09-18 10:10:56.019000,409.3435033233271,998
2024-09-18 10:10:56.035000,409.313652313789,96
2024-09-18 10:10:56.068000,409.33584065797726,15
2024-09-18 10:10:56.107000,409.34369487710734,105
2024-09-18 10:10:56.248000,409.3825131745849,5
2024-09-18 10:10:56.250000,409.313355899211,1002
2024-09-18 10:10:56.328000,409.33489376669496,15
2024-09-18 10:10:56.356000,409.3477435735426,1000
2024-09-18 10:10:56.427000,409.3948626970807,997
2024-09-18 10:10:56.464000,409.3515754744805,12
2024-09-18 10:10:56.476000,409.3991066840496,15
2024-09-18 10:10:56.521000,409.34272358723695,1003
2024-09-18 10:10:56.542000,409.3265801778711,11
2024-09-18 10:10:56.580000,409.3596875977976,996
2024-09-18 10:10:56.700000,409.4120465668527,1004
2024-09-18 10:10:56.746000,409.3812579527982,7
2024-09-18 10:10:56.809000,409.33177158441055,12
2024-09-18 10:10:56.909000,409.314968621962,1002
2024-09-18 10:10:56.914000,409.3425587232635,95
2024-09-18 10:10:56.946000,409.3522635191681,999
2024-09-18 10:10:56.952000,409.4021756538815,7
2024-09-18 10:10:56.959000,409.4411031639722,11
2024-09-18 10:10:56.964000,409.3449192315022,9
2024-09-18 10:10:57.155000,409.47313944408273,1004
2024-09-18 10:10:57.252000,409.49669197282935,7
2024-09-18 10:10:57.264000,409.46690306341225,95
2024-09-18 10:10:57.307000,409.4657776656708,11
2024-09-18 10:10:57.327000,409.4963931644658,12
2024-09-18 10:10:57.382000,409.4778086291727,101
2024-09-18 10:10:57.400000,409.5021749281985,6
2024-09-18 10:10:57.422000,409.4776636382277,998
2024-09-18 10:10:57.585000,409.4927071902245,995
2024-09-18 10:10:57.603000,409.49952321545175,8
2024-09-18 10:10:57.644000,409.4690712687042,96
2024-09-18 10:10:57.852000,409.4710120282007,9
2024-09-18 10:10:57.871000,409.4552149865692,13
2024-09-18 10:10:57.872000,409.46556337555927,11
2024-09-18 10:10:57.948000,409.4630886606718,100
2024-09-18 10:10:57.972000,409.4632380423116,104
2024-09-18 10:10:57.982000,409.4837019900473,5
2024-09-18 10:10:58.106000,409.4864786002248,6
2024-09-18 10:10:58.131000,409.4598471854921,998
2024-09-18 10:10:58.229000,409.4475245115144,104
2024-09-18 10:10:58.269000,409.42355861217607,997
2024-09-18 10:10:58.278000,409.4264948272217,102
2024-09-18 10:10:58.284000,409.41916763614415,100
2024-09-18 10:10:58.294000,409.47666895395895,6
2024-09-18 10:10:58.324000,409.4706650366859,1001
2024-09-18 10:10:58.426000,409.4109275630444,999
2024-09-18 10:10:58.443000,409.4230011866968,96
2024-09-18 10:10:58.460000,409.4596710404407,1001
2024-09-18 10:10:58.464000,409.4389937966552,1004
2024-09-18 10:10:58.612000,409.4085160300049,10
2024-09-18 10:10:58.642000,409.4233771758011,99
2024-09-18 10:10:58.727000,409.41572873517055,1004
2024-09-18 10:10:58.768000,409.4235271561321,1004
2024-09-18 10:10:58.775000,409.4201313676354,101
2024-09-18 10:10:58.837000,409.4259576190037,104
2024-09-18 10:10:58.860000,409.41298465183615,7
2024-09-18 10:10:58.875000,409.4964662153296,101
2024-09-18 10:10:58.922000,409.4781939022656,105
2024-09-18 10:10:58.936000,409.45909020724656,7
2024-09-18 10:10:58.944000,409.4617840393954,101
2024-09-18 10:10:58.981000,409.4877303548839,8
2024-09-18 10:10:58.995000,409.4674079168236,103
2024-09-18 10:10:59,409.4081017794923,14
2024-09-18 10:10:59.091000,409.4186840857551,102
2024-09-18 10:10:59.130000,409.3968632078184,100
2024-09-18 10:10:59.142000,409.3999614887438,998
2024-09-18 10:10:59.157000,409.4050423558339,999
2024-09-18 10:10:59.166000,409.4140248758621,1002
2024-09-18 10:10:59.193000,409.4168702589115,996
2024-09-18 10:10:59.250000,409.4067815802712,98
2024-09-18 10:10:59.296000,409.4365453227946,10
2024-09-18 10:10:59.364000,409.4312652633061,97
2024-09-18 10:10:59.432000,409.4215090674712,99
2024-09-18 10:10:59.435000,409.4587846035764,6
2024-09-18 10:10:59.588000,409.41471672580496,1001
2024-09-18 10:10:59.622000,409.4123602390181,999
2024-09-18 10:10:59.629000,409.4180599721423,1003
2024-09-18 10:10:59.831000,409.4245618609789,9
2024-09-18 10:10:59.864000,409.4164908065897,1002
2024-09-18 10:10:59.903000,409.4586706633586,8
2024-09-18 10:10:59.960000,409.41739832581817,13
