Timestamp,Price,Size
2024-09-17 10:23:00.042000,414.6705707593154,10
2024-09-17 10:23:00.052000,414.6738953310175,1004
2024-09-17 10:23:00.340000,414.6988348721307,96
2024-09-17 10:23:00.646000,414.7178255999801,7
2024-09-17 10:23:00.773000,414.6791370841065,103
2024-09-17 10:23:00.854000,414.6993483858215,14
2024-09-17 10:23:01.015000,414.751450057201,999
2024-09-17 10:23:01.040000,414.6668400511907,98
2024-09-17 10:23:01.054000,414.6704225073262,13
2024-09-17 10:23:01.065000,414.6840393598815,1002
2024-09-17 10:23:01.152000,414.74288886569553,103
2024-09-17 10:23:01.183000,414.6790242581004,999
2024-09-17 10:23:01.257000,414.7417275890591,997
2024-09-17 10:23:01.260000,414.6775789311608,98
2024-09-17 10:23:01.267000,414.6923512395379,104
2024-09-17 10:23:01.305000,414.72723982982245,103
2024-09-17 10:23:01.325000,414.7456175331958,1001
2024-09-17 10:23:01.358000,414.73107579607137,101
2024-09-17 10:23:01.403000,414.71249308318073,95
2024-09-17 10:23:01.412000,414.67683663460974,96
2024-09-17 10:23:01.435000,414.6670819557256,96
2024-09-17 10:23:01.446000,414.6664217900386,6
2024-09-17 10:23:01.457000,414.7382072934179,7
2024-09-17 10:23:01.499000,414.6645458126496,102
2024-09-17 10:23:01.517000,414.7032141881849,98
2024-09-17 10:23:01.529000,414.663671182009,1004
2024-09-17 10:23:01.598000,414.7387184642856,95
2024-09-17 10:23:01.669000,414.6767670464236,100
2024-09-17 10:23:01.682000,414.7069641324513,11
2024-09-17 10:23:01.844000,414.7036085759117,105
2024-09-17 10:23:01.910000,414.7227530920573,98
2024-09-17 10:23:01.937000,414.6964185544957,104
2024-09-17 10:23:01.941000,414.7095088626626,99
2024-09-17 10:23:01.945000,414.7082206467935,10
2024-09-17 10:23:01.986000,414.7316438805637,998
2024-09-17 10:23:02.316000,414.7546749727256,996
2024-09-17 10:23:02.370000,414.7138323549441,100
2024-09-17 10:23:02.443000,414.76308852168313,1003
2024-09-17 10:23:02.473000,414.7091282362692,1003
2024-09-17 10:23:02.522000,414.7213670851964,97
2024-09-17 10:23:02.548000,414.7416840347026,1000
2024-09-17 10:23:02.576000,414.75587530691325,998
2024-09-17 10:23:02.577000,414.7645707014845,100
2024-09-17 10:23:02.581000,414.7628427144524,99
2024-09-17 10:23:02.696000,414.7136445089936,105
2024-09-17 10:23:02.717000,414.7634098748536,12
2024-09-17 10:23:02.725000,414.75679105766886,9
2024-09-17 10:23:02.773000,414.7180943906131,12
2024-09-17 10:23:02.923000,414.7323090485616,98
2024-09-17 10:23:02.957000,414.7590476324785,996
2024-09-17 10:23:03.079000,414.649734211123,995
2024-09-17 10:23:03.081000,414.6621942450562,14
2024-09-17 10:23:03.096000,414.71980677324746,1005
2024-09-17 10:23:03.234000,414.7344473533328,997
2024-09-17 10:23:03.248000,414.688114951516,103
2024-09-17 10:23:03.272000,414.6930627332307,1000
2024-09-17 10:23:03.274000,414.6694789581588,104
2024-09-17 10:23:03.384000,414.6872977525006,96
2024-09-17 10:23:03.407000,414.68916834795,1001
2024-09-17 10:23:03.475000,414.68388330374734,101
2024-09-17 10:23:03.487000,414.64560550088606,14
2024-09-17 10:23:03.516000,414.7181488144863,8
2024-09-17 10:23:03.537000,414.730941237271,103
2024-09-17 10:23:03.548000,414.7398141133474,10
2024-09-17 10:23:03.563000,414.6491422790685,1001
2024-09-17 10:23:03.564000,414.6341666465283,1005
2024-09-17 10:23:03.580000,414.673004248774,8
2024-09-17 10:23:03.613000,414.7103714930825,102
2024-09-17 10:23:03.620000,414.6938982804138,12
2024-09-17 10:23:03.648000,414.737256527859,102
2024-09-17 10:23:03.703000,414.68702461163,10
2024-09-17 10:23:03.709000,414.6862718885257,98
2024-09-17 10:23:03.724000,414.6651425815656,6
2024-09-17 10:23:03.847000,414.6688227507682,103
2024-09-17 10:23:03.871000,414.72983894187655,999
2024-09-17 10:23:03.993000,414.6879068220566,99
2024-09-17 10:23:04.149000,414.6710700671768,1004
2024-09-17 10:23:04.173000,414.6500285874588,11
2024-09-17 10:23:04.183000,414.6319786092376,97
2024-09-17 10:23:04.195000,414.6580712932422,95
2024-09-17 10:23:04.422000,414.6146657713196,7
2024-09-17 10:23:04.582000,414.6189707900104,102
2024-09-17 10:23:04.631000,414.70206121442806,997
2024-09-17 10:23:04.777000,414.6673956767697,15
2024-09-17 10:23:04.782000,414.6862477427212,102
2024-09-17 10:23:04.853000,414.6963935252359,12
2024-09-17 10:23:04.930000,414.6810201029993,995
2024-09-17 10:23:05.049000,414.7021264803718,10
2024-09-17 10:23:05.117000,414.7080283504346,1002
2024-09-17 10:23:05.153000,414.6878441804976,98
2024-09-17 10:23:05.161000,414.6930771000186,997
2024-09-17 10:23:05.245000,414.6874509577004,1001
2024-09-17 10:23:05.300000,414.730424569922,1004
2024-09-17 10:23:05.373000,414.73661832006337,1004
2024-09-17 10:23:05.447000,414.703970116842,996
2024-09-17 10:23:05.529000,414.7402682276669,103
2024-09-17 10:23:05.568000,414.7148424549288,102
2024-09-17 10:23:05.583000,414.7343610356219,1005
2024-09-17 10:23:05.939000,414.68090517955847,98
2024-09-17 10:23:05.946000,414.726409903988,996
2024-09-17 10:23:06.111000,414.71577434609895,998
2024-09-17 10:23:06.221000,414.6735541536636,15
2024-09-17 10:23:06.286000,414.6577533425265,101
2024-09-17 10:23:06.301000,414.6773416909572,103
2024-09-17 10:23:06.363000,414.6637223249457,12
2024-09-17 10:23:06.447000,414.6636498235738,995
2024-09-17 10:23:06.489000,414.688337174953,1004
2024-09-17 10:23:06.497000,414.69283940402977,101
2024-09-17 10:23:06.510000,414.6538142166905,1005
2024-09-17 10:23:06.589000,414.6962515168632,99
2024-09-17 10:23:06.617000,414.696882475917,1005
2024-09-17 10:23:06.715000,414.6531528811948,8
2024-09-17 10:23:06.737000,414.67616578101945,1002
2024-09-17 10:23:06.843000,414.6894066689909,14
2024-09-17 10:23:06.859000,414.6709679431107,8
2024-09-17 10:23:06.877000,414.722463746433,14
2024-09-17 10:23:06.879000,414.688773449764,12
2024-09-17 10:23:06.935000,414.6951064972757,102
2024-09-17 10:23:06.983000,414.6882519426848,102
2024-09-17 10:23:07.040000,414.6545079200819,1005
2024-09-17 10:23:07.119000,414.6795431848943,1005
2024-09-17 10:23:07.127000,414.7135311552787,995
2024-09-17 10:23:07.192000,414.6551770732103,13
2024-09-17 10:23:07.296000,414.6918602391475,14
2024-09-17 10:23:07.399000,414.6492948680924,1004
2024-09-17 10:23:07.401000,414.6580208034752,1001
2024-09-17 10:23:07.459000,414.6547789736514,98
2024-09-17 10:23:07.474000,414.6516002725525,1004
2024-09-17 10:23:07.495000,414.6845907362568,1000
2024-09-17 10:23:07.543000,414.6600702024026,12
2024-09-17 10:23:07.566000,414.6946225752514,996
2024-09-17 10:23:07.718000,414.6617785377491,99
2024-09-17 10:23:07.718000,414.65713277584246,1004
2024-09-17 10:23:07.724000,414.654349314688,5
2024-09-17 10:23:07.724000,414.67490824876006,8
2024-09-17 10:23:07.733000,414.7011539847575,7
2024-09-17 10:23:07.739000,414.6721331295613,105
2024-09-17 10:23:07.782000,414.6842935005878,5
2024-09-17 10:23:07.815000,414.705728118521,98
2024-09-17 10:23:07.870000,414.6941986904959,97
2024-09-17 10:23:07.872000,414.7024940256284,998
2024-09-17 10:23:07.886000,414.6444704557677,5
2024-09-17 10:23:07.903000,414.6665906898936,7
2024-09-17 10:23:07.934000,414.6961458029682,13
2024-09-17 10:23:07.943000,414.6899957147172,6
2024-09-17 10:23:07.950000,414.67342726880025,98
2024-09-17 10:23:07.953000,414.63580793269,7
2024-09-17 10:23:07.965000,414.68988032608894,998
2024-09-17 10:23:08.106000,414.6502299703904,9
2024-09-17 10:23:08.337000,414.67272461988046,104
2024-09-17 10:23:08.365000,414.6669661291916,999
2024-09-17 10:23:08.435000,414.6489706608868,1001
2024-09-17 10:23:08.451000,414.6540212191805,12
2024-09-17 10:23:08.541000,414.6596290052491,96
2024-09-17 10:23:08.587000,414.65027183925446,5
2024-09-17 10:23:08.710000,414.6702828715855,996
2024-09-17 10:23:08.713000,414.6668449888184,104
2024-09-17 10:23:08.754000,414.6736485090415,9
2024-09-17 10:23:08.885000,414.66645112199154,1002
2024-09-17 10:23:08.931000,414.6685143458136,99
2024-09-17 10:23:09.062000,414.7111867111648,999
2024-09-17 10:23:09.321000,414.7053188879709,100
2024-09-17 10:23:09.404000,414.6584179925744,1003
2024-09-17 10:23:09.714000,414.64101650581085,96
2024-09-17 10:23:09.836000,414.6960535264485,7
2024-09-17 10:23:09.863000,414.6399816561594,1004
2024-09-17 10:23:09.894000,414.6473481230136,102
2024-09-17 10:23:09.920000,414.6800062273928,995
2024-09-17 10:23:11.044000,414.6562486524712,105
2024-09-17 10:23:11.098000,414.65707182224185,997
2024-09-17 10:23:11.123000,414.7079954882529,11
2024-09-17 10:23:11.155000,414.6447546150177,1004
2024-09-17 10:23:11.290000,414.63006728360017,13
2024-09-17 10:23:11.299000,414.6922763446639,1004
2024-09-17 10:23:11.300000,414.68770487925,100
2024-09-17 10:23:11.365000,414.7077338896906,14
2024-09-17 10:23:11.374000,414.67573196329954,998
2024-09-17 10:23:11.382000,414.7261309888521,13
2024-09-17 10:23:11.384000,414.64957332560346,11
2024-09-17 10:23:11.448000,414.6863174675472,15
2024-09-17 10:23:11.492000,414.6440979065856,102
2024-09-17 10:23:11.547000,414.6719207995818,995
2024-09-17 10:23:11.556000,414.6679627588765,1001
2024-09-17 10:23:11.610000,414.7004953247023,8
2024-09-17 10:23:11.622000,414.672542395316,98
2024-09-17 10:23:11.674000,414.684619166557,996
2024-09-17 10:23:11.782000,414.6275356894673,100
2024-09-17 10:23:11.805000,414.69890622745714,14
2024-09-17 10:23:11.827000,414.7078681257407,1002
2024-09-17 10:23:11.835000,414.704238021278,1005
2024-09-17 10:23:11.893000,414.6719245916343,12
2024-09-17 10:23:11.942000,414.7161533990002,98
2024-09-17 10:23:11.966000,414.7141503658661,1003
2024-09-17 10:23:11.993000,414.7041069373941,1004
2024-09-17 10:23:12.143000,414.6771436077192,102
2024-09-17 10:23:12.227000,414.6773292678888,1005
2024-09-17 10:23:12.275000,414.6964367668596,97
2024-09-17 10:23:12.372000,414.67369268214674,998
2024-09-17 10:23:12.419000,414.685189630249,1000
2024-09-17 10:23:13.087000,414.67889766400407,7
2024-09-17 10:23:13.331000,414.69127224917935,6
2024-09-17 10:23:13.472000,414.6906652181193,1005
2024-09-17 10:23:13.512000,414.6870843553239,997
2024-09-17 10:23:13.680000,414.69467836777807,14
2024-09-17 10:23:13.995000,414.6940109690895,102
2024-09-17 10:23:14.036000,414.7058848996568,1002
2024-09-17 10:23:14.039000,414.71942798203065,15
2024-09-17 10:23:14.124000,414.68659173551134,1004
2024-09-17 10:23:14.140000,414.6837497234165,104
2024-09-17 10:23:14.201000,414.69598395216553,14
2024-09-17 10:23:14.227000,414.72247187446254,995
2024-09-17 10:23:14.254000,414.7427259948523,1004
2024-09-17 10:23:14.294000,414.6894315336131,15
2024-09-17 10:23:14.314000,414.717740493186,1001
2024-09-17 10:23:14.324000,414.6850763287843,14
2024-09-17 10:23:14.361000,414.6937548894864,1005
2024-09-17 10:23:14.408000,414.7183621542388,101
2024-09-17 10:23:14.427000,414.69081377884027,103
2024-09-17 10:23:14.463000,414.7033786395773,1001
2024-09-17 10:23:14.511000,414.6852257168601,12
2024-09-17 10:23:14.513000,414.70519548571895,998
2024-09-17 10:23:14.576000,414.71166711444937,96
2024-09-17 10:23:14.654000,414.69902964420737,1004
2024-09-17 10:23:14.739000,414.66256576051234,9
2024-09-17 10:23:14.776000,414.7106898968075,1000
2024-09-17 10:23:14.867000,414.6723266743997,12
2024-09-17 10:23:14.869000,414.6807325809697,1000
2024-09-17 10:23:14.875000,414.7385173329762,15
2024-09-17 10:23:14.902000,414.7421352496316,105
2024-09-17 10:23:14.937000,414.7088705626227,105
2024-09-17 10:23:14.994000,414.7352644992519,11
2024-09-17 10:23:15.002000,414.6429178524077,1001
2024-09-17 10:23:15.006000,414.6950803155223,1002
2024-09-17 10:23:15.039000,414.701241567936,14
2024-09-17 10:23:15.074000,414.5712990892877,1001
2024-09-17 10:23:15.144000,414.6185986775225,1000
2024-09-17 10:23:15.155000,414.6779623018648,103
2024-09-17 10:23:15.181000,414.6820168395474,14
2024-09-17 10:23:15.300000,414.5803961365407,995
2024-09-17 10:23:15.328000,414.6589112562037,100
2024-09-17 10:23:15.341000,414.5908610420872,100
2024-09-17 10:23:15.452000,414.68385039204446,999
2024-09-17 10:23:15.482000,414.68677942514256,1003
2024-09-17 10:23:15.558000,414.5747307127378,1004
2024-09-17 10:23:15.625000,414.686068355526,96
2024-09-17 10:23:15.640000,414.68836440032106,12
2024-09-17 10:23:15.652000,414.6287505139125,95
2024-09-17 10:23:15.696000,414.6809511624235,1003
2024-09-17 10:23:15.788000,414.5609544960808,6
2024-09-17 10:23:15.852000,414.6848255924182,98
2024-09-17 10:23:15.920000,414.5650160712884,97
2024-09-17 10:23:15.939000,414.6005679254439,1005
2024-09-17 10:23:15.947000,414.5822222331055,1005
2024-09-17 10:23:15.953000,414.5585845809307,98
2024-09-17 10:23:15.975000,414.5785281972943,997
2024-09-17 10:23:15.994000,414.68999258493614,100
2024-09-17 10:23:16.067000,414.5821127427597,11
2024-09-17 10:23:16.140000,414.555985891422,103
2024-09-17 10:23:16.143000,414.55268132327296,15
2024-09-17 10:23:16.153000,414.5576351494698,1004
2024-09-17 10:23:16.167000,414.55552337387593,96
2024-09-17 10:23:16.333000,414.5694281095769,103
2024-09-17 10:23:16.416000,414.5625711802757,12
2024-09-17 10:23:16.444000,414.59157161454175,995
2024-09-17 10:23:16.589000,414.5613914463991,998
2024-09-17 10:23:16.602000,414.5766765031024,999
2024-09-17 10:23:16.621000,414.5595042743415,1000
2024-09-17 10:23:16.792000,414.5657974340714,999
2024-09-17 10:23:16.794000,414.5546840335211,10
2024-09-17 10:23:16.864000,414.5655452541079,103
2024-09-17 10:23:16.877000,414.5562930621937,97
2024-09-17 10:23:16.885000,414.6011445153837,100
2024-09-17 10:23:16.896000,414.58685632586383,5
2024-09-17 10:23:16.900000,414.55747776866,11
2024-09-17 10:23:16.931000,414.5587950990538,996
2024-09-17 10:23:17.031000,414.5907622237527,7
2024-09-17 10:23:17.239000,414.6100669852328,101
2024-09-17 10:23:17.273000,414.562247594799,1000
2024-09-17 10:23:17.603000,414.599048212028,101
2024-09-17 10:23:17.628000,414.5563515119494,8
2024-09-17 10:23:17.641000,414.5462057579831,12
2024-09-17 10:23:17.680000,414.5518961045767,11
2024-09-17 10:23:17.804000,414.5523638750816,9
2024-09-17 10:23:17.819000,414.55531946996814,95
2024-09-17 10:23:17.824000,414.5817648423226,7
2024-09-17 10:23:17.907000,414.5790587427863,97
2024-09-17 10:23:17.917000,414.575909822635,13
2024-09-17 10:23:17.959000,414.55639719078295,97
2024-09-17 10:23:17.999000,414.60362756327976,998
2024-09-17 10:23:18.054000,414.5507458897009,13
2024-09-17 10:23:18.069000,414.57147475358977,6
2024-09-17 10:23:18.079000,414.5721281109864,995
2024-09-17 10:23:18.104000,414.53784776305946,98
2024-09-17 10:23:18.109000,414.5525772564857,101
2024-09-17 10:23:18.125000,414.5220436687458,5
2024-09-17 10:23:18.154000,414.51793473838393,1005
2024-09-17 10:23:18.236000,414.54212585718994,96
2024-09-17 10:23:18.267000,414.549277464309,95
2024-09-17 10:23:18.303000,414.5496651370189,10
2024-09-17 10:23:18.323000,414.5391237320745,10
2024-09-17 10:23:18.335000,414.5371767146326,103
2024-09-17 10:23:18.382000,414.5594883669095,14
2024-09-17 10:23:18.408000,414.56184802617736,97
2024-09-17 10:23:18.426000,414.5605040018202,1005
2024-09-17 10:23:18.537000,414.56015993614574,101
2024-09-17 10:23:18.571000,414.5262270892591,12
2024-09-17 10:23:18.642000,414.5392014212752,14
2024-09-17 10:23:18.649000,414.589863634048,999
2024-09-17 10:23:18.660000,414.5268530121514,1003
2024-09-17 10:23:18.681000,414.5406587874357,10
2024-09-17 10:23:18.755000,414.5378240325992,14
2024-09-17 10:23:18.819000,414.5374641147262,102
2024-09-17 10:23:18.938000,414.5472122557137,15
2024-09-17 10:23:18.977000,414.5794236904266,999
2024-09-17 10:23:19.042000,414.55228011552833,15
2024-09-17 10:23:19.063000,414.565384179852,102
2024-09-17 10:23:19.093000,414.6002336090686,999
2024-09-17 10:23:19.115000,414.5573788928434,95
2024-09-17 10:23:19.189000,414.6120350458062,1001
2024-09-17 10:23:19.219000,414.57389885612366,1004
2024-09-17 10:23:19.253000,414.6065731331773,1005
2024-09-17 10:23:19.257000,414.56077664018846,15
2024-09-17 10:23:19.263000,414.53130141492267,998
2024-09-17 10:23:19.312000,414.5935305385897,1005
2024-09-17 10:23:19.344000,414.5747553843145,1000
2024-09-17 10:23:19.363000,414.5452809992087,998
2024-09-17 10:23:19.383000,414.55254860805167,15
2024-09-17 10:23:19.595000,414.5551222397838,95
2024-09-17 10:23:19.635000,414.587930110575,9
2024-09-17 10:23:19.812000,414.5598344208799,995
2024-09-17 10:23:20.005000,414.5749558106209,1000
2024-09-17 10:23:20.074000,414.5738582787601,101
2024-09-17 10:23:20.082000,414.5823199023744,12
2024-09-17 10:23:20.147000,414.57289152178095,97
2024-09-17 10:23:20.150000,414.5755742430299,102
2024-09-17 10:23:20.263000,414.5231205662564,10
2024-09-17 10:23:20.382000,414.5310179502978,97
2024-09-17 10:23:20.409000,414.5498061193069,6
2024-09-17 10:23:20.442000,414.59488663319087,98
2024-09-17 10:23:20.455000,414.5370960010258,11
2024-09-17 10:23:20.457000,414.5997116561,997
2024-09-17 10:23:20.463000,414.6116077435443,99
2024-09-17 10:23:20.517000,414.6086024633949,6
2024-09-17 10:23:20.519000,414.53367082344425,97
2024-09-17 10:23:20.558000,414.6079349390555,1004
2024-09-17 10:23:20.562000,414.55787094194216,9
2024-09-17 10:23:20.635000,414.5840027804167,996
2024-09-17 10:23:20.674000,414.5881020319175,14
2024-09-17 10:23:20.720000,414.5936345117394,102
2024-09-17 10:23:20.727000,414.54958479570894,10
2024-09-17 10:23:20.746000,414.5706153705135,13
2024-09-17 10:23:20.756000,414.5877559530712,8
2024-09-17 10:23:20.913000,414.5836633791369,103
2024-09-17 10:23:20.967000,414.5476979586388,11
2024-09-17 10:23:21.087000,414.5201134751457,7
2024-09-17 10:23:21.105000,414.5121801229069,995
2024-09-17 10:23:21.112000,414.5285679264568,1001
2024-09-17 10:23:21.217000,414.5165743972731,998
2024-09-17 10:23:21.218000,414.5301028360936,8
2024-09-17 10:23:21.370000,414.5188522158944,14
2024-09-17 10:23:21.379000,414.4979840320039,105
2024-09-17 10:23:21.423000,414.5196332398847,15
2024-09-17 10:23:21.577000,414.52645471132,999
2024-09-17 10:23:21.603000,414.5038004212303,12
2024-09-17 10:23:21.612000,414.54008019788046,9
2024-09-17 10:23:21.696000,414.48481983830806,99
2024-09-17 10:23:21.813000,414.50974269300815,105
2024-09-17 10:23:21.836000,414.5080446407608,97
2024-09-17 10:23:21.932000,414.5112402271045,101
2024-09-17 10:23:22.043000,414.5839846064951,13
2024-09-17 10:23:22.129000,414.62047982362384,995
2024-09-17 10:23:22.204000,414.6137064696831,103
2024-09-17 10:23:22.210000,414.5228271015191,96
2024-09-17 10:23:22.278000,414.59721291966673,101
2024-09-17 10:23:22.298000,414.6162519380503,996
2024-09-17 10:23:22.347000,414.5716018929021,7
2024-09-17 10:23:22.362000,414.5320107357253,100
2024-09-17 10:23:22.379000,414.5844569477306,5
2024-09-17 10:23:22.426000,414.5790508740636,7
2024-09-17 10:23:22.427000,414.6083504991932,998
2024-09-17 10:23:22.452000,414.60546004276,13
2024-09-17 10:23:22.473000,414.5784939982379,995
2024-09-17 10:23:22.514000,414.5897594554314,1003
2024-09-17 10:23:22.520000,414.5153688445516,97
2024-09-17 10:23:22.551000,414.5891513289661,999
2024-09-17 10:23:22.678000,414.582973371147,998
2024-09-17 10:23:22.704000,414.5086013237309,103
2024-09-17 10:23:22.747000,414.5575207219313,10
2024-09-17 10:23:22.938000,414.6057559225564,1005
2024-09-17 10:23:23.024000,414.56864373496734,1004
2024-09-17 10:23:23.078000,414.57669551711086,999
2024-09-17 10:23:23.084000,414.5722621542589,5
2024-09-17 10:23:23.106000,414.5977152929834,1002
2024-09-17 10:23:23.205000,414.5842614216028,101
2024-09-17 10:23:23.214000,414.5719908366442,15
2024-09-17 10:23:23.220000,414.58146405228325,99
2024-09-17 10:23:23.253000,414.6057951605615,13
2024-09-17 10:23:23.256000,414.5770673884116,1000
2024-09-17 10:23:23.327000,414.5994002830806,105
2024-09-17 10:23:23.373000,414.5840661339815,12
2024-09-17 10:23:23.584000,414.5948577302392,100
2024-09-17 10:23:23.650000,414.5951532913725,1004
2024-09-17 10:23:23.660000,414.59797425672855,101
2024-09-17 10:23:23.728000,414.5873194817085,105
2024-09-17 10:23:24.104000,414.58013803628575,103
2024-09-17 10:23:24.154000,414.5559506205093,999
2024-09-17 10:23:24.351000,414.5430550569047,6
2024-09-17 10:23:24.488000,414.58698782615306,10
2024-09-17 10:23:24.643000,414.55498500196586,14
2024-09-17 10:23:24.731000,414.56856229255226,7
2024-09-17 10:23:24.762000,414.5392934068858,1003
2024-09-17 10:23:24.769000,414.5614292467189,1001
2024-09-17 10:23:24.857000,414.58827000823857,7
2024-09-17 10:23:24.894000,414.542726340031,98
2024-09-17 10:23:24.983000,414.5641930851734,95
2024-09-17 10:23:25.134000,414.5071913277744,100
2024-09-17 10:23:25.142000,414.4417450895759,1002
2024-09-17 10:23:25.204000,414.5100742513929,95
2024-09-17 10:23:25.210000,414.505231864753,10
2024-09-17 10:23:25.246000,414.5250389537196,99
2024-09-17 10:23:25.288000,414.5307265002857,105
2024-09-17 10:23:25.288000,414.4487624736312,14
2024-09-17 10:23:25.318000,414.4932821069913,101
2024-09-17 10:23:25.485000,414.5078196226981,103
2024-09-17 10:23:25.544000,414.4482930693435,6
2024-09-17 10:23:25.569000,414.5069054882148,1001
2024-09-17 10:23:25.604000,414.5417929145687,8
2024-09-17 10:23:25.619000,414.4927343085154,998
2024-09-17 10:23:25.641000,414.451263998386,15
2024-09-17 10:23:25.748000,414.4732381300654,103
2024-09-17 10:23:25.796000,414.5340548465852,999
2024-09-17 10:23:25.818000,414.5238815229917,97
2024-09-17 10:23:25.821000,414.5273995243687,8
2024-09-17 10:23:25.837000,414.5481639525519,998
2024-09-17 10:23:25.852000,414.44348359635455,996
2024-09-17 10:23:26.371000,414.45520800429387,104
2024-09-17 10:23:26.439000,414.4743437885523,10
2024-09-17 10:23:26.714000,414.45889078845306,995
2024-09-17 10:23:27.193000,414.4903626975178,13
2024-09-17 10:23:27.315000,414.4765133055332,100
2024-09-17 10:23:27.893000,414.48393256872055,105
2024-09-17 10:23:28.195000,414.4861852407913,103
2024-09-17 10:23:28.238000,414.49251235179634,12
2024-09-17 10:23:28.246000,414.4643709368403,98
2024-09-17 10:23:28.358000,414.5138367785931,99
2024-09-17 10:23:28.366000,414.4916243616784,104
2024-09-17 10:23:28.374000,414.47767849791614,9
2024-09-17 10:23:28.395000,414.4702020717412,15
2024-09-17 10:23:28.431000,414.478029289582,103
2024-09-17 10:23:28.554000,414.46845413826674,14
2024-09-17 10:23:28.613000,414.4556253837812,95
2024-09-17 10:23:28.633000,414.4909208915143,1001
2024-09-17 10:23:28.663000,414.5126466769392,1002
2024-09-17 10:23:28.671000,414.46246036069033,1005
2024-09-17 10:23:28.680000,414.4924688265459,1002
2024-09-17 10:23:28.693000,414.50030355100586,101
2024-09-17 10:23:28.696000,414.46590049322594,98
2024-09-17 10:23:28.705000,414.4735120051118,6
2024-09-17 10:23:28.790000,414.5142807914664,101
2024-09-17 10:23:28.950000,414.4918243298083,102
2024-09-17 10:23:28.955000,414.4693026144493,997
2024-09-17 10:23:29.068000,414.4661145871999,101
2024-09-17 10:23:29.147000,414.4721382517097,9
2024-09-17 10:23:29.264000,414.4798851968477,97
2024-09-17 10:23:29.409000,414.46839329505576,5
2024-09-17 10:23:29.413000,414.4682506863636,98
2024-09-17 10:23:29.446000,414.4711879469178,103
2024-09-17 10:23:29.505000,414.4783145311568,12
2024-09-17 10:23:29.537000,414.45023884760354,997
2024-09-17 10:23:29.786000,414.4785688920016,1004
2024-09-17 10:23:29.835000,414.4646813356904,104
2024-09-17 10:23:29.856000,414.4625999481148,96
2024-09-17 10:23:29.877000,414.4570076074028,96
2024-09-17 10:23:29.922000,414.4486741214877,999
2024-09-17 10:23:30.078000,414.4655663748453,997
2024-09-17 10:23:30.140000,414.4668446558271,98
2024-09-17 10:23:30.202000,414.4583029407608,1003
2024-09-17 10:23:30.206000,414.459914543118,998
2024-09-17 10:23:30.278000,414.4159270452468,8
2024-09-17 10:23:30.352000,414.45013597429687,100
2024-09-17 10:23:30.425000,414.44679405847376,101
2024-09-17 10:23:30.465000,414.4681719273812,98
2024-09-17 10:23:30.476000,414.4409967973035,96
2024-09-17 10:23:30.485000,414.4349721447003,100
2024-09-17 10:23:30.534000,414.4265247321484,1004
2024-09-17 10:23:30.535000,414.4161868057226,99
2024-09-17 10:23:30.539000,414.4444182845816,15
2024-09-17 10:23:30.553000,414.4071215459217,9
2024-09-17 10:23:30.596000,414.4730186045194,9
2024-09-17 10:23:30.622000,414.419752747138,98
2024-09-17 10:23:30.676000,414.4537574308982,7
2024-09-17 10:23:30.676000,414.4572878957224,15
2024-09-17 10:23:30.721000,414.44123097861006,98
2024-09-17 10:23:30.781000,414.4549604694585,999
2024-09-17 10:23:30.835000,414.4474871016034,96
2024-09-17 10:23:30.864000,414.43673130559455,11
2024-09-17 10:23:30.917000,414.4352231298887,1005
2024-09-17 10:23:30.937000,414.41984035590457,100
2024-09-17 10:23:30.950000,414.4048645749992,7
2024-09-17 10:23:30.959000,414.43553824194856,103
2024-09-17 10:23:30.982000,414.45802057642834,1001
2024-09-17 10:23:30.988000,414.4553607798587,100
2024-09-17 10:23:31.050000,414.41203243152,1004
2024-09-17 10:23:31.493000,414.40854109789785,1001
2024-09-17 10:23:31.642000,414.4120833395263,11
2024-09-17 10:23:31.839000,414.4331235439777,997
2024-09-17 10:23:32.006000,414.3900071759088,10
2024-09-17 10:23:32.018000,414.40202460837344,1000
2024-09-17 10:23:32.188000,414.4234407772016,6
2024-09-17 10:23:32.248000,414.397470736412,1001
2024-09-17 10:23:32.314000,414.3909035098342,101
2024-09-17 10:23:32.408000,414.3996181336532,1001
2024-09-17 10:23:32.416000,414.42429768605774,996
2024-09-17 10:23:32.450000,414.3930946083142,98
2024-09-17 10:23:32.573000,414.4171623993455,7
2024-09-17 10:23:32.594000,414.4219082093596,7
2024-09-17 10:23:32.703000,414.4065885487232,6
2024-09-17 10:23:32.759000,414.4056783918067,103
2024-09-17 10:23:32.851000,414.4099171035384,6
2024-09-17 10:23:32.878000,414.39148748447593,12
2024-09-17 10:23:32.957000,414.4216017996794,103
2024-09-17 10:23:33.004000,414.3949591423445,995
2024-09-17 10:23:33.102000,414.4006429760497,13
2024-09-17 10:23:33.163000,414.3749868925168,10
2024-09-17 10:23:33.232000,414.3875691951917,12
2024-09-17 10:23:33.275000,414.3750479403007,95
2024-09-17 10:23:33.354000,414.4040704411755,98
2024-09-17 10:23:33.528000,414.3940013333458,97
2024-09-17 10:23:33.556000,414.41158571979895,998
2024-09-17 10:23:33.605000,414.3937644933248,101
2024-09-17 10:23:33.674000,414.3810088546661,8
2024-09-17 10:23:33.695000,414.43218632956894,12
2024-09-17 10:23:33.896000,414.4086983046068,104
2024-09-17 10:23:34.003000,414.39598076142335,999
2024-09-17 10:23:34.010000,414.3722536279877,96
2024-09-17 10:23:34.129000,414.41235287645407,999
2024-09-17 10:23:34.146000,414.3712412310048,99
2024-09-17 10:23:34.171000,414.4237402982821,995
2024-09-17 10:23:34.227000,414.37386030381344,13
2024-09-17 10:23:34.238000,414.3742913505682,99
2024-09-17 10:23:34.242000,414.4210657686336,99
2024-09-17 10:23:34.250000,414.3908754129946,14
2024-09-17 10:23:34.264000,414.4341964779675,15
2024-09-17 10:23:34.297000,414.3933992902028,1005
2024-09-17 10:23:34.318000,414.37789334623295,15
2024-09-17 10:23:34.386000,414.4211558927888,101
2024-09-17 10:23:34.475000,414.3720619739401,1004
2024-09-17 10:23:34.494000,414.3866000075699,103
2024-09-17 10:23:34.506000,414.4136227128588,9
2024-09-17 10:23:34.603000,414.412229911842,1000
2024-09-17 10:23:34.606000,414.3924727746319,9
2024-09-17 10:23:34.639000,414.4216766876635,11
2024-09-17 10:23:34.649000,414.3604738835728,7
2024-09-17 10:23:34.726000,414.3801484138141,14
2024-09-17 10:23:34.779000,414.36924631524784,97
2024-09-17 10:23:34.795000,414.3990744022316,6
2024-09-17 10:23:34.826000,414.4263633774096,1004
2024-09-17 10:23:34.848000,414.4071485538087,10
2024-09-17 10:23:34.933000,414.4284551463791,996
2024-09-17 10:23:34.936000,414.4245945986704,999
2024-09-17 10:23:34.943000,414.4117371129154,102
2024-09-17 10:23:35.153000,414.3254272854586,996
2024-09-17 10:23:35.196000,414.2858415977706,9
2024-09-17 10:23:35.234000,414.3724474423516,1005
2024-09-17 10:23:35.245000,414.31944157331975,996
2024-09-17 10:23:35.328000,414.36505940756393,999
2024-09-17 10:23:35.399000,414.3410425221874,95
2024-09-17 10:23:35.454000,414.34869241511205,1004
2024-09-17 10:23:35.536000,414.3680434545345,1004
2024-09-17 10:23:35.653000,414.3693572640289,102
2024-09-17 10:23:35.851000,414.3348308228592,13
2024-09-17 10:23:35.939000,414.3588610282228,96
2024-09-17 10:23:35.964000,414.3484777787327,8
2024-09-17 10:23:35.998000,414.3251616370272,10
2024-09-17 10:23:36.045000,414.2662720320546,15
2024-09-17 10:23:36.080000,414.27109461733073,995
2024-09-17 10:23:36.138000,414.2475990748554,12
2024-09-17 10:23:36.255000,414.2923838236275,995
2024-09-17 10:23:36.458000,414.2940575535972,996
2024-09-17 10:23:36.566000,414.2760316329384,9
2024-09-17 10:23:36.631000,414.2765104077373,7
2024-09-17 10:23:36.649000,414.28828435369047,99
2024-09-17 10:23:36.657000,414.26021502186063,14
2024-09-17 10:23:36.719000,414.2766230192747,102
2024-09-17 10:23:36.763000,414.2833975459673,999
2024-09-17 10:23:36.765000,414.2678839977617,9
2024-09-17 10:23:36.927000,414.29032665786696,102
2024-09-17 10:23:37.042000,414.21606413676886,96
2024-09-17 10:23:37.075000,414.2435448444808,7
2024-09-17 10:23:37.152000,414.22307836078096,100
2024-09-17 10:23:37.157000,414.2470240727774,13
2024-09-17 10:23:37.232000,414.2594264653024,8
2024-09-17 10:23:37.237000,414.25773043932463,11
2024-09-17 10:23:37.241000,414.2431921810384,1005
2024-09-17 10:23:37.294000,414.23326411077056,103
2024-09-17 10:23:37.309000,414.2317100931061,998
2024-09-17 10:23:37.392000,414.248587948011,97
2024-09-17 10:23:37.437000,414.26402560342046,14
2024-09-17 10:23:37.464000,414.2630030170154,102
2024-09-17 10:23:37.473000,414.2434410952203,100
2024-09-17 10:23:37.544000,414.271059514956,9
2024-09-17 10:23:37.632000,414.2171281038349,7
2024-09-17 10:23:37.655000,414.2427389175662,6
2024-09-17 10:23:37.679000,414.244981048497,103
2024-09-17 10:23:37.789000,414.26676319890095,1000
2024-09-17 10:23:37.804000,414.2640710679959,98
2024-09-17 10:23:37.813000,414.22562687664833,15
2024-09-17 10:23:37.872000,414.23347183859295,100
2024-09-17 10:23:37.888000,414.2720917724129,96
2024-09-17 10:23:37.978000,414.2574791680253,996
2024-09-17 10:23:38.101000,414.1245640955892,1000
2024-09-17 10:23:38.133000,414.1173770364633,101
2024-09-17 10:23:38.171000,414.2277650178112,98
2024-09-17 10:23:38.243000,414.0983362524971,104
2024-09-17 10:23:38.253000,414.0705329918047,1005
2024-09-17 10:23:38.284000,414.146843052763,1005
2024-09-17 10:23:38.381000,414.1731090004923,104
2024-09-17 10:23:38.416000,414.0731579610356,6
2024-09-17 10:23:38.432000,414.2158618543716,102
2024-09-17 10:23:38.445000,414.1907836247648,95
2024-09-17 10:23:38.469000,414.2029278181454,11
2024-09-17 10:23:38.519000,414.1733318792741,11
2024-09-17 10:23:38.531000,414.1961191091589,96
2024-09-17 10:23:38.562000,414.2134413691091,95
2024-09-17 10:23:38.638000,414.1640917111383,97
2024-09-17 10:23:38.654000,414.0502180648835,101
2024-09-17 10:23:38.709000,414.09753741855127,105
2024-09-17 10:23:38.735000,414.2188401501015,1000
2024-09-17 10:23:38.744000,414.1530701576309,103
2024-09-17 10:23:38.810000,414.1209161811017,1000
2024-09-17 10:23:38.829000,414.1377626505439,98
2024-09-17 10:23:38.837000,414.0910407540554,101
2024-09-17 10:23:38.994000,414.191809145274,12
2024-09-17 10:23:39.137000,414.0564756713756,102
2024-09-17 10:23:39.263000,414.054604043383,103
2024-09-17 10:23:39.266000,414.045979389834,1002
2024-09-17 10:23:39.280000,414.1009184151375,104
2024-09-17 10:23:39.356000,414.1080335044928,15
2024-09-17 10:23:39.401000,414.08435607697777,102
2024-09-17 10:23:39.405000,414.1031304392606,99
2024-09-17 10:23:39.411000,414.0522817395836,999
2024-09-17 10:23:39.420000,414.1081818730026,995
2024-09-17 10:23:39.443000,414.08620653357735,1003
2024-09-17 10:23:39.447000,414.1035470233737,12
2024-09-17 10:23:39.504000,414.0647704593593,995
2024-09-17 10:23:39.523000,414.0593956103959,14
2024-09-17 10:23:39.586000,414.0685456646659,102
2024-09-17 10:23:39.621000,414.117485062099,1000
2024-09-17 10:23:39.630000,414.0646588676368,8
2024-09-17 10:23:39.766000,414.108487985393,8
2024-09-17 10:23:39.864000,414.05256928578,96
2024-09-17 10:23:39.903000,414.0906292222679,11
2024-09-17 10:23:39.907000,414.0777684393009,996
2024-09-17 10:23:39.915000,414.0402081447157,104
2024-09-17 10:23:39.932000,414.0579076106306,103
2024-09-17 10:23:39.970000,414.0865974627385,1003
2024-09-17 10:23:39.993000,414.0999197580282,95
2024-09-17 10:23:40.010000,414.1990336810344,998
2024-09-17 10:23:40.014000,414.18571071068334,5
2024-09-17 10:23:40.103000,414.1941986927317,15
2024-09-17 10:23:40.144000,414.1919204755756,103
2024-09-17 10:23:40.153000,414.1784744476938,101
2024-09-17 10:23:40.186000,414.146122102549,997
2024-09-17 10:23:40.233000,414.18163037463177,102
2024-09-17 10:23:40.281000,414.1994339117803,101
2024-09-17 10:23:40.349000,414.1752736677294,103
2024-09-17 10:23:40.409000,414.17985343872,1002
2024-09-17 10:23:40.438000,414.2095939373915,102
2024-09-17 10:23:40.445000,414.1834866515763,98
2024-09-17 10:23:40.532000,414.17923181764326,99
2024-09-17 10:23:40.573000,414.15809060815167,98
2024-09-17 10:23:40.598000,414.1817852022343,1001
2024-09-17 10:23:40.619000,414.17920784020754,95
2024-09-17 10:23:40.724000,414.2000273993164,1004
2024-09-17 10:23:40.758000,414.1971428014099,998
2024-09-17 10:23:40.801000,414.1210345370078,1000
2024-09-17 10:23:40.833000,414.1954031905671,11
2024-09-17 10:23:40.855000,414.1721887808692,15
2024-09-17 10:23:40.927000,414.1698097720101,1003
2024-09-17 10:23:40.957000,414.1681292624923,12
2024-09-17 10:23:41.106000,414.221104373218,14
2024-09-17 10:23:41.109000,414.14335134960106,99
2024-09-17 10:23:41.142000,414.1874250672766,5
2024-09-17 10:23:41.146000,414.1936149316589,100
2024-09-17 10:23:41.154000,414.2395627044541,102
2024-09-17 10:23:41.491000,414.2320295214536,100
2024-09-17 10:23:41.558000,414.1682411931242,12
2024-09-17 10:23:41.744000,414.2198519562728,996
2024-09-17 10:23:41.759000,414.2209610094832,10
2024-09-17 10:23:41.794000,414.2111471147576,10
2024-09-17 10:23:41.949000,414.1984277877507,6
2024-09-17 10:23:41.980000,414.1696883526913,102
2024-09-17 10:23:42.277000,414.1899515708499,1001
2024-09-17 10:23:42.308000,414.1361220232878,6
2024-09-17 10:23:42.322000,414.1812541468169,15
2024-09-17 10:23:42.389000,414.1382424888344,100
2024-09-17 10:23:42.429000,414.1527059655338,97
2024-09-17 10:23:42.464000,414.1651233880256,12
2024-09-17 10:23:42.493000,414.13948451122025,5
2024-09-17 10:23:42.557000,414.149063091547,9
2024-09-17 10:23:42.569000,414.18298193717806,10
2024-09-17 10:23:42.638000,414.1684494459655,1000
2024-09-17 10:23:42.655000,414.16754407823584,996
2024-09-17 10:23:42.665000,414.1606875230225,12
2024-09-17 10:23:42.691000,414.2018652346795,1003
2024-09-17 10:23:42.771000,414.18662766676806,97
2024-09-17 10:23:42.802000,414.1692675082883,996
2024-09-17 10:23:42.856000,414.13927185223423,11
2024-09-17 10:23:42.921000,414.17827161751023,1005
2024-09-17 10:23:42.971000,414.1694339469728,103
2024-09-17 10:23:43.020000,414.2176102194735,1001
2024-09-17 10:23:43.030000,414.2248241809218,12
2024-09-17 10:23:43.091000,414.2377604982044,998
2024-09-17 10:23:43.169000,414.2230764032955,98
2024-09-17 10:23:43.206000,414.2188592311963,14
2024-09-17 10:23:43.237000,414.2302626223256,95
2024-09-17 10:23:43.241000,414.2211238180023,10
2024-09-17 10:23:43.307000,414.2559756844796,1003
2024-09-17 10:23:43.309000,414.2640241153663,7
2024-09-17 10:23:43.334000,414.252084140881,104
2024-09-17 10:23:43.356000,414.2204101432192,1001
2024-09-17 10:23:43.450000,414.2466922956757,99
2024-09-17 10:23:43.493000,414.2569558721656,14
2024-09-17 10:23:43.579000,414.2388128774765,13
2024-09-17 10:23:43.586000,414.21561366037207,5
2024-09-17 10:23:43.606000,414.20973715777023,997
2024-09-17 10:23:43.607000,414.2362141305644,104
2024-09-17 10:23:43.620000,414.2350587369213,97
2024-09-17 10:23:43.628000,414.2216654254224,13
2024-09-17 10:23:43.668000,414.2158590310452,1001
2024-09-17 10:23:43.670000,414.2182954221172,1003
2024-09-17 10:23:43.679000,414.2335115577264,999
2024-09-17 10:23:43.710000,414.2304215993825,102
2024-09-17 10:23:43.725000,414.2288463795004,100
2024-09-17 10:23:43.769000,414.213113548202,12
2024-09-17 10:23:43.792000,414.2298880331194,98
2024-09-17 10:23:43.825000,414.2155799904291,1000
2024-09-17 10:23:43.833000,414.2292673107104,997
2024-09-17 10:23:43.905000,414.21582128793386,101
2024-09-17 10:23:44.207000,414.2588496776698,104
2024-09-17 10:23:44.515000,414.29051895673535,13
2024-09-17 10:23:45.069000,414.3372920040362,105
2024-09-17 10:23:45.094000,414.3297611144428,14
2024-09-17 10:23:45.128000,414.3229658414165,999
2024-09-17 10:23:45.256000,414.34487635486335,101
2024-09-17 10:23:45.298000,414.3167530657004,997
2024-09-17 10:23:45.388000,414.3227217238655,7
2024-09-17 10:23:45.463000,414.2680320349271,97
2024-09-17 10:23:45.587000,414.3011542555321,100
2024-09-17 10:23:45.698000,414.286429916724,15
2024-09-17 10:23:45.777000,414.3432623015517,104
2024-09-17 10:23:45.871000,414.32411828734695,996
2024-09-17 10:23:45.873000,414.34759301569,997
2024-09-17 10:23:45.912000,414.3031214707677,99
2024-09-17 10:23:45.948000,414.3141153135954,98
2024-09-17 10:23:45.958000,414.3342038665663,15
2024-09-17 10:23:46.148000,414.3333914542767,1000
2024-09-17 10:23:46.244000,414.337806130673,996
2024-09-17 10:23:46.271000,414.36203705419655,996
2024-09-17 10:23:46.321000,414.3571821968947,1002
2024-09-17 10:23:46.480000,414.30170334717405,1004
2024-09-17 10:23:46.507000,414.34404835587566,1003
2024-09-17 10:23:46.559000,414.3307850384776,11
2024-09-17 10:23:46.619000,414.3034408550126,1003
2024-09-17 10:23:46.678000,414.2923347710603,102
2024-09-17 10:23:46.773000,414.30439992737627,105
2024-09-17 10:23:46.773000,414.3443616768741,96
2024-09-17 10:23:46.788000,414.3369031619915,1000
2024-09-17 10:23:46.918000,414.3353366878844,97
2024-09-17 10:23:47.078000,414.4140085582093,995
2024-09-17 10:23:47.188000,414.3922839331585,97
2024-09-17 10:23:47.269000,414.3781779841816,99
2024-09-17 10:23:47.400000,414.3896099483806,102
2024-09-17 10:23:47.405000,414.3991086245793,98
2024-09-17 10:23:47.462000,414.41265302472783,99
2024-09-17 10:23:47.481000,414.39164553117627,7
2024-09-17 10:23:47.521000,414.3980292067731,14
2024-09-17 10:23:47.590000,414.3845707978451,7
2024-09-17 10:23:48.007000,414.3627904236919,105
2024-09-17 10:23:48.027000,414.3918515093317,7
2024-09-17 10:23:48.052000,414.3636014049116,95
2024-09-17 10:23:48.094000,414.3822214692669,999
2024-09-17 10:23:48.240000,414.3882920377176,13
2024-09-17 10:23:48.267000,414.39025120123216,1004
2024-09-17 10:23:48.470000,414.4046252840788,7
2024-09-17 10:23:48.588000,414.3949893385093,98
2024-09-17 10:23:48.714000,414.3881062581676,97
2024-09-17 10:23:48.720000,414.3815500145657,5
2024-09-17 10:23:48.749000,414.3751990635412,1003
2024-09-17 10:23:48.798000,414.39064812488925,100
2024-09-17 10:23:49.046000,414.3808482003312,12
2024-09-17 10:23:49.054000,414.3402189800046,1002
2024-09-17 10:23:49.071000,414.3186447860176,9
2024-09-17 10:23:49.076000,414.3481480816344,13
2024-09-17 10:23:49.080000,414.32339465027326,6
2024-09-17 10:23:49.098000,414.3097567128706,998
2024-09-17 10:23:49.182000,414.3206586628808,11
2024-09-17 10:23:49.233000,414.31878642627606,100
2024-09-17 10:23:49.385000,414.3883321145864,105
2024-09-17 10:23:49.447000,414.35600040570233,1004
2024-09-17 10:23:49.627000,414.3633523386071,996
2024-09-17 10:23:49.648000,414.3082282384311,8
2024-09-17 10:23:49.683000,414.3827070907277,103
2024-09-17 10:23:49.704000,414.32387214469367,11
2024-09-17 10:23:49.705000,414.3421081963743,7
2024-09-17 10:23:49.822000,414.3513145219691,100
2024-09-17 10:23:49.839000,414.3412645557821,996
2024-09-17 10:23:49.839000,414.3622992916772,1005
2024-09-17 10:23:49.889000,414.3476353136308,5
2024-09-17 10:23:49.917000,414.3607943994086,15
2024-09-17 10:23:50.377000,414.3187422239254,12
2024-09-17 10:23:50.708000,414.3365405738929,1000
2024-09-17 10:23:50.720000,414.3428863185002,15
2024-09-17 10:23:51.004000,414.3457557345257,997
2024-09-17 10:23:51.059000,414.337032112104,105
2024-09-17 10:23:51.169000,414.350984015472,9
2024-09-17 10:23:51.400000,414.33475789513886,5
2024-09-17 10:23:51.444000,414.3344552284468,1001
2024-09-17 10:23:51.810000,414.3539284921581,998
2024-09-17 10:23:51.907000,414.3409353441082,7
2024-09-17 10:23:51.911000,414.34880058962216,6
2024-09-17 10:23:51.950000,414.327923786254,999
2024-09-17 10:23:51.983000,414.3353558853623,1004
2024-09-17 10:23:52.018000,414.37158304759913,96
2024-09-17 10:23:52.028000,414.3863083219041,995
2024-09-17 10:23:52.160000,414.3810499866887,96
2024-09-17 10:23:52.190000,414.36494818704233,98
2024-09-17 10:23:52.230000,414.37395271280576,99
2024-09-17 10:23:52.287000,414.3908364088379,996
2024-09-17 10:23:52.328000,414.3822009499766,101
2024-09-17 10:23:52.338000,414.391554242917,996
2024-09-17 10:23:52.408000,414.3882276559833,98
2024-09-17 10:23:52.545000,414.35615326308687,96
2024-09-17 10:23:52.625000,414.3715083226869,11
2024-09-17 10:23:52.648000,414.3753846991366,1000
2024-09-17 10:23:52.725000,414.3760971702129,9
2024-09-17 10:23:52.745000,414.3794029874983,101
2024-09-17 10:23:53.060000,414.3736257895074,1000
2024-09-17 10:23:53.075000,414.3277244190707,1002
2024-09-17 10:23:53.081000,414.3255520651992,105
2024-09-17 10:23:53.204000,414.3596556108146,9
2024-09-17 10:23:53.222000,414.304682487796,105
2024-09-17 10:23:53.225000,414.3271875955264,1000
2024-09-17 10:23:53.241000,414.3330103865617,997
2024-09-17 10:23:53.273000,414.3537078258022,95
2024-09-17 10:23:53.566000,414.3553971328801,99
2024-09-17 10:23:53.892000,414.33122784211497,1001
2024-09-17 10:23:53.909000,414.32260193294667,1000
2024-09-17 10:23:53.919000,414.3266023925781,8
2024-09-17 10:23:53.940000,414.3654251660448,99
2024-09-17 10:23:53.995000,414.3430913542898,999
2024-09-17 10:23:54.014000,414.3347899505016,97
2024-09-17 10:23:54.026000,414.3656736762924,98
2024-09-17 10:23:54.032000,414.3794352601445,1002
2024-09-17 10:23:54.043000,414.3453131920581,996
2024-09-17 10:23:54.080000,414.32969083333455,15
2024-09-17 10:23:54.096000,414.3901384924604,103
2024-09-17 10:23:54.127000,414.37487152957976,1004
2024-09-17 10:23:54.145000,414.3555447988564,1004
2024-09-17 10:23:54.276000,414.339106313038,1000
2024-09-17 10:23:54.278000,414.3813380002532,13
2024-09-17 10:23:54.326000,414.3328632307495,996
2024-09-17 10:23:54.343000,414.37705103220986,101
2024-09-17 10:23:54.354000,414.3649212506211,102
2024-09-17 10:23:54.357000,414.3844049756384,102
2024-09-17 10:23:54.375000,414.31680849677264,5
2024-09-17 10:23:54.487000,414.3810450836932,102
2024-09-17 10:23:54.498000,414.324437729091,995
2024-09-17 10:23:54.513000,414.3918777512913,11
2024-09-17 10:23:54.665000,414.3663566188384,95
2024-09-17 10:23:54.680000,414.3989463158379,95
2024-09-17 10:23:54.681000,414.3646356931155,104
2024-09-17 10:23:54.763000,414.3209079948143,996
2024-09-17 10:23:54.770000,414.3794107027153,12
2024-09-17 10:23:54.799000,414.3948583043135,101
2024-09-17 10:23:54.895000,414.38638020303085,1001
2024-09-17 10:23:54.901000,414.3642763756292,1003
2024-09-17 10:23:54.904000,414.3629528362693,1001
2024-09-17 10:23:54.947000,414.3688768438434,8
2024-09-17 10:23:55.040000,414.4061979731793,12
2024-09-17 10:23:55.046000,414.3478436823135,997
2024-09-17 10:23:55.057000,414.4320849839446,1001
2024-09-17 10:23:55.159000,414.3833608616363,98
2024-09-17 10:23:55.190000,414.3808577370307,101
2024-09-17 10:23:55.207000,414.4242958238233,97
2024-09-17 10:23:55.207000,414.4137641266821,103
2024-09-17 10:23:55.228000,414.4302970303001,102
2024-09-17 10:23:55.286000,414.418599049433,95
2024-09-17 10:23:55.335000,414.3408690409699,11
2024-09-17 10:23:55.336000,414.4177655586704,13
2024-09-17 10:23:55.343000,414.4261880617097,97
2024-09-17 10:23:55.616000,414.39936401986085,998
2024-09-17 10:23:55.623000,414.44014270620977,96
2024-09-17 10:23:55.646000,414.3615104694114,1000
2024-09-17 10:23:55.662000,414.35984513328526,1000
2024-09-17 10:23:55.674000,414.3505398513919,101
2024-09-17 10:23:55.762000,414.3518449083554,99
2024-09-17 10:23:55.771000,414.3425997036277,100
2024-09-17 10:23:55.846000,414.4141768553961,14
2024-09-17 10:23:55.861000,414.4288895719252,1004
2024-09-17 10:23:55.873000,414.3769668642401,1004
2024-09-17 10:23:55.906000,414.3482605544512,101
2024-09-17 10:23:56.983000,414.4282906233671,9
2024-09-17 10:23:57.026000,414.408618838676,8
2024-09-17 10:23:57.069000,414.41754150320577,8
2024-09-17 10:23:57.432000,414.4130435079823,97
2024-09-17 10:23:57.437000,414.41697043517433,1000
2024-09-17 10:23:57.528000,414.41579080759226,99
2024-09-17 10:23:57.543000,414.4275383146935,96
2024-09-17 10:23:57.641000,414.4138445606872,13
2024-09-17 10:23:57.701000,414.4100773524726,11
2024-09-17 10:23:57.781000,414.4066877303411,95
2024-09-17 10:23:57.899000,414.4193406281125,995
2024-09-17 10:23:58.626000,414.401125923683,12
2024-09-17 10:23:59.001000,414.45141520639066,102
2024-09-17 10:23:59.028000,414.4515638802473,9
2024-09-17 10:23:59.058000,414.46996048374496,1001
2024-09-17 10:23:59.079000,414.4027759603701,99
2024-09-17 10:23:59.165000,414.440790490841,98
2024-09-17 10:23:59.242000,414.4150300696954,100
2024-09-17 10:23:59.287000,414.41164281141226,13
2024-09-17 10:23:59.379000,414.4214063959865,97
2024-09-17 10:23:59.383000,414.4367206223356,10
2024-09-17 10:23:59.400000,414.4464461508782,996
2024-09-17 10:23:59.579000,414.4220907190473,5
2024-09-17 10:23:59.601000,414.4341902427007,5
2024-09-17 10:23:59.604000,414.4502811812326,1003
2024-09-17 10:23:59.635000,414.429111011146,1002
2024-09-17 10:23:59.704000,414.4422183878186,96
2024-09-17 10:23:59.882000,414.4479740621506,997
2024-09-17 10:23:59.919000,414.42860434937705,1002
2024-09-17 10:23:59.942000,414.39394763602286,8
2024-09-17 10:23:59.958000,414.4431213531173,95
2024-09-17 10:23:59.994000,414.4001065366632,11
2024-09-17 10:23:59.998000,414.46284993494646,98
