Timestamp,Price,Size
2024-09-20 10:46:00.188000,423.9183672693057,11
2024-09-20 10:46:00.235000,423.8760029395437,95
2024-09-20 10:46:00.271000,423.8808658614679,104
2024-09-20 10:46:00.293000,423.9363046630474,11
2024-09-20 10:46:00.373000,423.8681980843194,996
2024-09-20 10:46:00.642000,423.90844423087054,998
2024-09-20 10:46:00.744000,423.8737604498,9
2024-09-20 10:46:00.756000,423.8868009917836,1000
2024-09-20 10:46:00.958000,423.8738340668516,1005
2024-09-20 10:46:00.981000,423.9324441086732,1005
2024-09-20 10:46:01.036000,423.95665645898265,100
2024-09-20 10:46:01.047000,423.93564628899793,102
2024-09-20 10:46:01.168000,423.9303034075174,103
2024-09-20 10:46:01.208000,423.9417281672364,95
2024-09-20 10:46:01.360000,423.9338017621591,98
2024-09-20 10:46:01.392000,423.9721578638599,997
2024-09-20 10:46:01.406000,423.91796807329735,97
2024-09-20 10:46:01.441000,423.973746810151,997
2024-09-20 10:46:01.528000,423.97278442462994,11
2024-09-20 10:46:01.595000,423.9417893028774,96
2024-09-20 10:46:01.662000,423.9545180626328,6
2024-09-20 10:46:01.681000,423.9582379816009,1002
2024-09-20 10:46:01.754000,423.9769318922544,998
2024-09-20 10:46:01.763000,423.970785743084,105
2024-09-20 10:46:01.778000,423.9161661129565,10
2024-09-20 10:46:01.861000,423.95799455627497,1003
2024-09-20 10:46:01.895000,423.9818717135769,1002
2024-09-20 10:46:02.006000,423.984245101475,11
2024-09-20 10:46:02.023000,423.9710919543643,98
2024-09-20 10:46:02.030000,423.9756953365471,1000
2024-09-20 10:46:02.040000,423.97993710075855,995
2024-09-20 10:46:02.076000,423.9970754710524,1000
2024-09-20 10:46:02.084000,423.9782226769162,103
2024-09-20 10:46:02.149000,423.9885918491934,100
2024-09-20 10:46:02.259000,423.985618596815,1002
2024-09-20 10:46:02.274000,423.9820888121511,12
2024-09-20 10:46:02.318000,423.9778645406792,1004
2024-09-20 10:46:02.384000,423.9842983121944,1005
2024-09-20 10:46:02.505000,423.97586537562455,6
2024-09-20 10:46:02.606000,423.98453584853314,101
2024-09-20 10:46:02.821000,423.9928553058172,105
2024-09-20 10:46:02.834000,423.9699467911034,97
2024-09-20 10:46:02.846000,423.9972606587575,104
2024-09-20 10:46:02.895000,423.9816310408567,995
2024-09-20 10:46:02.929000,423.9944345161946,1005
2024-09-20 10:46:03.044000,423.88962502226286,95
2024-09-20 10:46:03.073000,423.917997902951,14
2024-09-20 10:46:03.201000,423.911405655888,1000
2024-09-20 10:46:03.207000,423.9058135057691,996
2024-09-20 10:46:03.225000,423.88293817488966,96
2024-09-20 10:46:03.244000,423.97000476141767,12
2024-09-20 10:46:03.255000,423.90600468318064,9
2024-09-20 10:46:03.258000,423.9622479480191,105
2024-09-20 10:46:03.269000,423.8872547804248,1000
2024-09-20 10:46:03.347000,423.8682323984058,995
2024-09-20 10:46:03.443000,423.9321200962374,103
2024-09-20 10:46:03.454000,423.9137220580991,1005
2024-09-20 10:46:03.526000,423.88737035957615,1003
2024-09-20 10:46:03.540000,423.88528182667983,5
2024-09-20 10:46:03.544000,423.86710006893856,996
2024-09-20 10:46:03.574000,423.8952272955625,9
2024-09-20 10:46:03.602000,423.9174673987961,6
2024-09-20 10:46:03.649000,423.8797494975961,999
2024-09-20 10:46:03.694000,423.9046524451711,997
2024-09-20 10:46:03.779000,423.8853322880648,95
2024-09-20 10:46:03.792000,423.88873353905177,15
2024-09-20 10:46:03.794000,423.8944743958741,15
2024-09-20 10:46:03.862000,423.8930899289883,1002
2024-09-20 10:46:03.886000,423.9034508960384,9
2024-09-20 10:46:03.891000,423.9147442486768,99
2024-09-20 10:46:03.911000,423.9105751529143,13
2024-09-20 10:46:03.918000,423.89011485956775,7
2024-09-20 10:46:04.041000,424.01356467579166,1002
2024-09-20 10:46:04.094000,423.9440809039498,14
2024-09-20 10:46:04.162000,423.975286105074,97
2024-09-20 10:46:04.223000,423.9822409266665,101
2024-09-20 10:46:04.233000,423.8927287653239,7
2024-09-20 10:46:04.263000,423.8872074066354,7
2024-09-20 10:46:04.310000,423.8992436929794,9
2024-09-20 10:46:04.332000,423.8885915004876,98
2024-09-20 10:46:04.399000,423.9091289882111,1001
2024-09-20 10:46:04.481000,423.92014281653536,12
2024-09-20 10:46:04.515000,423.91350507958623,96
2024-09-20 10:46:04.599000,423.8906339278918,8
2024-09-20 10:46:04.602000,423.8753583295564,6
2024-09-20 10:46:04.652000,423.8969062072387,104
2024-09-20 10:46:04.811000,423.9285196327701,102
2024-09-20 10:46:04.819000,423.9016689146729,100
2024-09-20 10:46:04.897000,423.8892884559835,11
2024-09-20 10:46:04.997000,423.9588397570751,98
2024-09-20 10:46:05.136000,424.0110765091262,96
2024-09-20 10:46:05.196000,424.0354055135971,97
2024-09-20 10:46:05.209000,424.0341199715102,8
2024-09-20 10:46:05.239000,424.0324385209488,10
2024-09-20 10:46:05.239000,424.04101619453655,100
2024-09-20 10:46:05.262000,423.9952412517847,105
2024-09-20 10:46:05.409000,424.02368187271577,95
2024-09-20 10:46:05.464000,424.0180485472489,105
2024-09-20 10:46:05.500000,424.0328252600889,14
2024-09-20 10:46:05.551000,424.0454743266855,96
2024-09-20 10:46:05.604000,424.0073275145617,104
2024-09-20 10:46:05.617000,424.0372085879486,14
2024-09-20 10:46:05.648000,424.0320285975967,100
2024-09-20 10:46:05.660000,424.0332492942943,102
2024-09-20 10:46:05.666000,424.0224145251403,999
2024-09-20 10:46:05.668000,424.0383524251847,96
2024-09-20 10:46:05.669000,424.0373285137672,100
2024-09-20 10:46:05.673000,424.0398070465591,1001
2024-09-20 10:46:05.717000,423.9921848636499,5
2024-09-20 10:46:05.754000,424.0337772719743,5
2024-09-20 10:46:05.755000,424.0200944341018,7
2024-09-20 10:46:05.783000,424.0392389846002,1001
2024-09-20 10:46:05.800000,423.9867444797908,13
2024-09-20 10:46:05.917000,424.0214243282156,98
2024-09-20 10:46:05.941000,424.0042974020631,13
2024-09-20 10:46:05.975000,424.03975212388985,15
2024-09-20 10:46:06.023000,423.9379352444544,995
2024-09-20 10:46:06.352000,423.9775063666585,96
2024-09-20 10:46:06.697000,423.98656673926,1005
2024-09-20 10:46:06.769000,423.97790443014367,98
2024-09-20 10:46:06.785000,423.9480204386202,1002
2024-09-20 10:46:06.916000,423.92553300679424,98
2024-09-20 10:46:07.032000,423.936476319174,999
2024-09-20 10:46:07.064000,423.9351879760156,105
2024-09-20 10:46:07.099000,423.9161380779517,8
2024-09-20 10:46:07.168000,423.93938796667305,105
2024-09-20 10:46:07.230000,423.93371615734304,10
2024-09-20 10:46:07.290000,423.9661019592348,11
2024-09-20 10:46:07.339000,423.9367793409762,1000
2024-09-20 10:46:07.342000,423.92162592093376,104
2024-09-20 10:46:07.416000,423.94639176792685,12
2024-09-20 10:46:07.501000,423.9636126082714,102
2024-09-20 10:46:07.714000,423.94489694463965,15
2024-09-20 10:46:07.750000,423.9471913644418,102
2024-09-20 10:46:07.840000,423.9574101171201,1003
2024-09-20 10:46:07.909000,423.9369674239047,11
2024-09-20 10:46:07.931000,423.9384201813825,5
2024-09-20 10:46:07.983000,423.935672952506,100
2024-09-20 10:46:08.267000,423.9881677915097,12
2024-09-20 10:46:08.301000,423.99453664368576,103
2024-09-20 10:46:08.313000,423.98175053424825,104
2024-09-20 10:46:08.353000,423.9879310165216,97
2024-09-20 10:46:08.467000,423.9704178756865,1003
2024-09-20 10:46:08.550000,423.9596725806946,12
2024-09-20 10:46:08.789000,423.9975176902564,1000
2024-09-20 10:46:08.816000,423.9823031409225,97
2024-09-20 10:46:08.934000,423.9997945734431,13
2024-09-20 10:46:09.008000,423.9848077206629,95
2024-09-20 10:46:09.065000,424.0138975055041,998
2024-09-20 10:46:09.131000,423.9658981775455,105
2024-09-20 10:46:09.292000,423.9723349805371,7
2024-09-20 10:46:09.366000,424.00055064942825,5
2024-09-20 10:46:09.454000,423.98512043333926,12
2024-09-20 10:46:09.500000,423.9691668366858,1001
2024-09-20 10:46:09.527000,423.9840217227194,1005
2024-09-20 10:46:09.552000,423.97126088356106,8
2024-09-20 10:46:09.753000,423.9721604021428,1002
2024-09-20 10:46:09.824000,424.0153884483902,7
2024-09-20 10:46:09.856000,423.9729254293716,1003
2024-09-20 10:46:09.866000,423.96852263636896,6
2024-09-20 10:46:09.907000,423.975697366003,1000
2024-09-20 10:46:09.909000,423.9778890886203,1005
2024-09-20 10:46:09.959000,423.9602088569618,97
2024-09-20 10:46:09.979000,423.971200271354,11
2024-09-20 10:46:10.003000,424.0405476276264,96
2024-09-20 10:46:10.143000,424.0145721276892,1003
2024-09-20 10:46:10.170000,424.0261675734173,102
2024-09-20 10:46:10.173000,424.00560514615455,6
2024-09-20 10:46:10.280000,424.0123749470842,95
2024-09-20 10:46:10.297000,424.0117613138565,98
2024-09-20 10:46:10.330000,423.9623368458201,99
2024-09-20 10:46:10.465000,424.003206250905,1005
2024-09-20 10:46:10.610000,423.94292300585977,995
2024-09-20 10:46:10.613000,424.0266982515441,100
2024-09-20 10:46:10.642000,423.9816517747157,101
2024-09-20 10:46:10.702000,423.95191882490377,99
2024-09-20 10:46:10.747000,423.9986809060264,102
2024-09-20 10:46:10.824000,424.0122820208932,5
2024-09-20 10:46:10.826000,424.0126883377718,996
2024-09-20 10:46:10.899000,423.9348839650442,8
2024-09-20 10:46:11.221000,423.8998282052427,13
2024-09-20 10:46:11.228000,423.931206662616,95
2024-09-20 10:46:11.379000,423.9321273827635,13
2024-09-20 10:46:11.444000,423.9520488963359,95
2024-09-20 10:46:11.762000,423.9229083065042,98
2024-09-20 10:46:11.855000,423.8974461179714,1000
2024-09-20 10:46:11.964000,423.94140024400514,102
2024-09-20 10:46:12.074000,423.9363995172892,99
2024-09-20 10:46:12.572000,423.92520228243154,997
2024-09-20 10:46:13.056000,423.9863234017999,998
2024-09-20 10:46:13.104000,423.9192182164276,995
2024-09-20 10:46:13.173000,423.971785082398,101
2024-09-20 10:46:13.258000,423.97014885778106,97
2024-09-20 10:46:13.265000,423.9774232232488,101
2024-09-20 10:46:13.493000,423.9177039950908,12
2024-09-20 10:46:13.576000,423.99608686847927,99
2024-09-20 10:46:13.597000,423.9194040800323,998
2024-09-20 10:46:13.631000,423.9158385482656,1004
2024-09-20 10:46:13.652000,423.99199295321887,95
2024-09-20 10:46:13.687000,423.93414144864994,96
2024-09-20 10:46:13.701000,423.9219380499909,13
2024-09-20 10:46:13.911000,423.96717737245416,99
2024-09-20 10:46:13.962000,423.9324653408439,6
2024-09-20 10:46:14.008000,424.0152151259387,6
2024-09-20 10:46:14.068000,424.0183501410506,997
2024-09-20 10:46:14.090000,424.0506700655961,9
2024-09-20 10:46:14.125000,423.9502804025639,8
2024-09-20 10:46:14.267000,424.01778365494334,13
2024-09-20 10:46:14.283000,424.0126563050673,12
2024-09-20 10:46:14.416000,423.9648430403517,998
2024-09-20 10:46:14.447000,424.05523267901833,105
2024-09-20 10:46:14.500000,423.9609800030792,995
2024-09-20 10:46:14.539000,424.0140915509348,996
2024-09-20 10:46:14.567000,423.9761965297199,97
2024-09-20 10:46:14.600000,424.009692796637,10
2024-09-20 10:46:14.643000,423.9694189936997,998
2024-09-20 10:46:14.647000,424.0158595747269,1005
2024-09-20 10:46:14.655000,424.0345188706761,13
2024-09-20 10:46:14.731000,424.02865254695735,996
2024-09-20 10:46:14.752000,423.9950866631243,6
2024-09-20 10:46:14.798000,423.9613578986495,100
2024-09-20 10:46:14.807000,424.0374648678627,998
2024-09-20 10:46:14.835000,424.04244300271,1002
2024-09-20 10:46:14.882000,423.9933058130321,1001
2024-09-20 10:46:14.903000,423.9498975952848,999
2024-09-20 10:46:14.998000,423.96382047777576,12
2024-09-20 10:46:15.014000,424.0282058679615,1003
2024-09-20 10:46:15.021000,424.02486613619016,97
2024-09-20 10:46:15.044000,424.0546983129843,6
2024-09-20 10:46:15.053000,424.0943416530381,105
2024-09-20 10:46:15.121000,424.04223992938427,996
2024-09-20 10:46:15.135000,424.1172582629501,10
2024-09-20 10:46:15.171000,424.1241061855062,5
2024-09-20 10:46:15.188000,424.0755441222008,995
2024-09-20 10:46:15.193000,424.12230746402486,9
2024-09-20 10:46:15.229000,424.0836397548129,1002
2024-09-20 10:46:15.337000,424.10804992514113,96
2024-09-20 10:46:15.392000,424.14260714452473,97
2024-09-20 10:46:15.404000,424.1341914770661,11
2024-09-20 10:46:15.406000,424.0386963413348,1000
2024-09-20 10:46:15.475000,424.07454888600375,95
2024-09-20 10:46:15.622000,424.107082804682,1000
2024-09-20 10:46:15.659000,424.0689409569127,999
2024-09-20 10:46:15.670000,424.0517701913309,14
2024-09-20 10:46:15.731000,424.1101091374624,9
2024-09-20 10:46:15.878000,424.12686244910327,8
2024-09-20 10:46:15.952000,424.0803343410143,1001
2024-09-20 10:46:15.972000,424.080731926301,1001
2024-09-20 10:46:16.041000,424.1242339429054,1002
2024-09-20 10:46:16.118000,424.1500051335653,1001
2024-09-20 10:46:16.500000,424.1056097976633,102
2024-09-20 10:46:16.608000,424.1157030008124,101
2024-09-20 10:46:16.641000,424.1066181389921,102
2024-09-20 10:46:16.648000,424.1148271362771,12
2024-09-20 10:46:16.744000,424.1738507416626,1001
2024-09-20 10:46:16.779000,424.1150927128264,98
2024-09-20 10:46:16.813000,424.10797876036605,14
2024-09-20 10:46:16.842000,424.11235109377066,14
2024-09-20 10:46:16.971000,424.1375026981051,997
2024-09-20 10:46:17.006000,424.2041216857783,15
2024-09-20 10:46:17.089000,424.2167809963654,101
2024-09-20 10:46:17.257000,424.2244443346916,11
2024-09-20 10:46:17.269000,424.2199739337671,104
2024-09-20 10:46:17.315000,424.2043206785482,14
2024-09-20 10:46:17.483000,424.20697306265146,997
2024-09-20 10:46:17.637000,424.2108320061839,95
2024-09-20 10:46:17.665000,424.2123932402406,104
2024-09-20 10:46:17.875000,424.1976694003737,1003
2024-09-20 10:46:17.880000,424.212556770076,95
2024-09-20 10:46:17.886000,424.2131337093088,97
2024-09-20 10:46:17.902000,424.2069532677475,10
2024-09-20 10:46:17.931000,424.1756149170999,95
2024-09-20 10:46:17.980000,424.201787566413,12
2024-09-20 10:46:18.040000,424.1863381539949,95
2024-09-20 10:46:18.052000,424.19687561384654,9
2024-09-20 10:46:18.151000,424.2077386398233,102
2024-09-20 10:46:18.155000,424.2142091620935,101
2024-09-20 10:46:18.182000,424.2041318314013,100
2024-09-20 10:46:18.204000,424.2201811354146,100
2024-09-20 10:46:18.219000,424.2221488522169,14
2024-09-20 10:46:18.239000,424.1175545063583,101
2024-09-20 10:46:18.275000,424.20250603312746,12
2024-09-20 10:46:18.303000,424.1978512873005,998
2024-09-20 10:46:18.349000,424.1873832630571,995
2024-09-20 10:46:18.372000,424.198766866021,103
2024-09-20 10:46:18.394000,424.1678177547472,998
2024-09-20 10:46:18.416000,424.1488165736516,95
2024-09-20 10:46:18.434000,424.1859773488838,101
2024-09-20 10:46:18.503000,424.2026265271562,11
2024-09-20 10:46:18.537000,424.19154917247744,102
2024-09-20 10:46:18.603000,424.1831035964804,101
2024-09-20 10:46:18.691000,424.1989086800632,101
2024-09-20 10:46:18.788000,424.22418238195786,7
2024-09-20 10:46:18.793000,424.210417720965,9
2024-09-20 10:46:18.813000,424.1981422241161,1004
2024-09-20 10:46:18.827000,424.1893939764369,1002
2024-09-20 10:46:18.895000,424.2328185655032,9
2024-09-20 10:46:18.923000,424.2283401952908,9
2024-09-20 10:46:18.958000,424.2034904423781,995
2024-09-20 10:46:19.281000,424.16947671074143,98
2024-09-20 10:46:19.300000,424.131067883798,6
2024-09-20 10:46:19.322000,424.1495531059405,99
2024-09-20 10:46:19.974000,424.1314331179596,1002
2024-09-20 10:46:20.043000,424.1836752354554,995
2024-09-20 10:46:20.101000,424.1654296090836,103
2024-09-20 10:46:20.136000,424.1594324353628,95
2024-09-20 10:46:20.393000,424.17164016656295,998
2024-09-20 10:46:20.394000,424.1680628439841,1001
2024-09-20 10:46:20.394000,424.22018102997424,105
2024-09-20 10:46:20.495000,424.1589633493514,100
2024-09-20 10:46:20.496000,424.1729280007512,10
2024-09-20 10:46:20.512000,424.2028506985047,9
2024-09-20 10:46:20.582000,424.163224325224,996
2024-09-20 10:46:20.621000,424.229722546156,1002
2024-09-20 10:46:20.639000,424.2045100984322,999
2024-09-20 10:46:20.651000,424.1633796869013,7
2024-09-20 10:46:20.652000,424.2096989283638,1000
2024-09-20 10:46:20.700000,424.1643041603469,96
2024-09-20 10:46:20.828000,424.219620430968,9
2024-09-20 10:46:20.833000,424.16814711779153,15
2024-09-20 10:46:20.871000,424.1593359785139,996
2024-09-20 10:46:20.905000,424.1713231311718,1002
2024-09-20 10:46:20.906000,424.1743370791115,6
2024-09-20 10:46:20.968000,424.1630749542134,12
2024-09-20 10:46:20.975000,424.20366855428006,1005
2024-09-20 10:46:21.033000,424.19775523008616,14
2024-09-20 10:46:21.128000,424.2417288276105,1004
2024-09-20 10:46:21.131000,424.2554063868352,997
2024-09-20 10:46:21.213000,424.2454281646444,999
2024-09-20 10:46:21.215000,424.28999972375607,1003
2024-09-20 10:46:21.252000,424.2622456552904,95
2024-09-20 10:46:21.262000,424.167733434011,102
2024-09-20 10:46:21.278000,424.283052245676,9
2024-09-20 10:46:21.280000,424.2643990554478,14
2024-09-20 10:46:21.349000,424.26008814672446,102
2024-09-20 10:46:21.379000,424.2477938118034,998
2024-09-20 10:46:21.555000,424.2532366114277,13
2024-09-20 10:46:21.642000,424.2594969169609,1000
2024-09-20 10:46:21.702000,424.2169226932275,13
2024-09-20 10:46:21.724000,424.2418415087902,9
2024-09-20 10:46:21.791000,424.24917922820026,8
2024-09-20 10:46:21.812000,424.2761148114942,997
2024-09-20 10:46:21.852000,424.239445525907,1004
2024-09-20 10:46:21.855000,424.1879301835918,1003
2024-09-20 10:46:21.870000,424.1723724532056,1004
2024-09-20 10:46:21.871000,424.2505305057353,9
2024-09-20 10:46:22.075000,424.152838248774,13
2024-09-20 10:46:22.160000,424.16782907650656,1000
2024-09-20 10:46:22.311000,424.13117003267246,105
2024-09-20 10:46:22.371000,424.1412582566713,5
2024-09-20 10:46:22.536000,424.14496312981794,995
2024-09-20 10:46:22.881000,424.1440689207362,12
2024-09-20 10:46:22.972000,424.1763019092231,103
2024-09-20 10:46:22.974000,424.1499363121121,1003
2024-09-20 10:46:23,424.1402052415827,999
2024-09-20 10:46:23.154000,424.1422807428053,13
2024-09-20 10:46:23.178000,424.16537669385184,1001
2024-09-20 10:46:23.264000,424.1537486160572,99
2024-09-20 10:46:23.312000,424.1601167025826,8
2024-09-20 10:46:23.578000,424.15635204034,1003
2024-09-20 10:46:23.771000,424.1477587582908,1003
2024-09-20 10:46:23.785000,424.1453758757044,5
2024-09-20 10:46:23.833000,424.1554688797908,97
2024-09-20 10:46:24.020000,424.1656066707729,105
2024-09-20 10:46:24.042000,424.1726427082461,100
2024-09-20 10:46:24.147000,424.17475119847694,1005
2024-09-20 10:46:24.200000,424.12414048285495,96
2024-09-20 10:46:24.244000,424.1756172324575,5
2024-09-20 10:46:24.257000,424.13229783716736,100
2024-09-20 10:46:24.261000,424.1745725215969,7
2024-09-20 10:46:24.293000,424.2040489842639,12
2024-09-20 10:46:24.326000,424.1875649529985,8
2024-09-20 10:46:24.414000,424.1434947076934,99
2024-09-20 10:46:24.426000,424.1837112134072,13
2024-09-20 10:46:24.455000,424.16508144241874,997
2024-09-20 10:46:24.475000,424.1429435936648,1005
2024-09-20 10:46:24.480000,424.1648994400602,1000
2024-09-20 10:46:24.489000,424.1972747220377,7
2024-09-20 10:46:24.513000,424.1764115953866,100
2024-09-20 10:46:24.525000,424.1730222765431,10
2024-09-20 10:46:24.671000,424.1673287052273,12
2024-09-20 10:46:24.681000,424.19063372325024,999
2024-09-20 10:46:24.700000,424.1688539980374,1003
2024-09-20 10:46:24.703000,424.1847413755822,100
2024-09-20 10:46:24.782000,424.1811669244805,100
2024-09-20 10:46:24.803000,424.1681297974841,999
2024-09-20 10:46:24.808000,424.1485770703672,101
2024-09-20 10:46:24.812000,424.1631754431207,97
2024-09-20 10:46:24.843000,424.1559000756703,6
2024-09-20 10:46:24.863000,424.17091092656,1002
2024-09-20 10:46:24.941000,424.1886893815183,998
2024-09-20 10:46:24.948000,424.1461876740602,105
2024-09-20 10:46:25.104000,424.1517733510579,15
2024-09-20 10:46:25.172000,424.148967336699,10
2024-09-20 10:46:26.263000,424.1505524423673,96
2024-09-20 10:46:26.319000,424.1446585960285,15
2024-09-20 10:46:26.868000,424.14896011328136,1003
2024-09-20 10:46:26.906000,424.1549800426727,98
2024-09-20 10:46:26.957000,424.1394087338224,101
2024-09-20 10:46:27.031000,424.12577140780667,997
2024-09-20 10:46:27.215000,424.10951807489954,998
2024-09-20 10:46:27.218000,424.1369912850181,1004
2024-09-20 10:46:27.275000,424.0964968992544,12
2024-09-20 10:46:27.409000,424.1619778213485,1001
2024-09-20 10:46:27.410000,424.13193133959584,99
2024-09-20 10:46:27.412000,424.1390156083734,105
2024-09-20 10:46:27.421000,424.0982535616314,997
2024-09-20 10:46:27.476000,424.1149128820785,8
2024-09-20 10:46:27.520000,424.1384760515168,12
2024-09-20 10:46:27.549000,424.1368065915014,13
2024-09-20 10:46:27.612000,424.15682461762543,14
2024-09-20 10:46:27.647000,424.12350612051074,100
2024-09-20 10:46:27.649000,424.1344468142729,1005
2024-09-20 10:46:27.657000,424.16338832722096,995
2024-09-20 10:46:27.665000,424.1361611502375,1000
2024-09-20 10:46:27.791000,424.1190701298548,11
2024-09-20 10:46:27.792000,424.14817916386215,1005
2024-09-20 10:46:27.808000,424.1182230341915,12
2024-09-20 10:46:27.811000,424.128099423036,105
2024-09-20 10:46:27.837000,424.1460172803908,11
2024-09-20 10:46:27.860000,424.15699045017845,12
2024-09-20 10:46:27.884000,424.10702920809257,105
2024-09-20 10:46:28.069000,424.1538003794118,97
2024-09-20 10:46:28.202000,424.16539116208605,97
2024-09-20 10:46:28.252000,424.1759661101328,996
2024-09-20 10:46:28.343000,424.1815837489097,11
2024-09-20 10:46:28.617000,424.1565206776512,14
2024-09-20 10:46:28.697000,424.162660221029,1001
2024-09-20 10:46:28.788000,424.1611424659968,8
2024-09-20 10:46:28.800000,424.15614938712025,995
2024-09-20 10:46:28.803000,424.1650659896273,105
2024-09-20 10:46:28.878000,424.1678346127509,102
2024-09-20 10:46:28.932000,424.1502622101689,11
2024-09-20 10:46:28.943000,424.1514869041354,8
2024-09-20 10:46:29.061000,424.1319471920229,102
2024-09-20 10:46:29.100000,424.1351272981218,96
2024-09-20 10:46:29.233000,424.08805795707246,102
2024-09-20 10:46:29.257000,424.0717340014848,105
2024-09-20 10:46:29.398000,424.0652884418024,1000
2024-09-20 10:46:29.585000,424.1376516341097,996
2024-09-20 10:46:29.622000,424.0770569939343,995
2024-09-20 10:46:29.697000,424.097679411479,102
2024-09-20 10:46:29.775000,424.13426798862406,11
2024-09-20 10:46:29.839000,424.15037432079833,105
2024-09-20 10:46:29.851000,424.06851110982967,100
2024-09-20 10:46:29.862000,424.0776912968022,997
2024-09-20 10:46:30.296000,424.0928848181552,9
2024-09-20 10:46:30.629000,424.06948349250354,6
2024-09-20 10:46:30.710000,424.0798697568158,1005
2024-09-20 10:46:31.004000,424.059359346337,12
2024-09-20 10:46:31.059000,424.1015181001916,8
2024-09-20 10:46:31.206000,424.0810117214072,999
2024-09-20 10:46:31.269000,424.0559574082305,1005
2024-09-20 10:46:31.300000,424.08475346470266,11
2024-09-20 10:46:31.456000,424.0937509631961,9
2024-09-20 10:46:31.478000,424.0906334961006,96
2024-09-20 10:46:31.740000,424.1058682281877,105
2024-09-20 10:46:31.992000,424.063785053754,11
2024-09-20 10:46:32.015000,424.12926733396665,96
2024-09-20 10:46:32.066000,424.1290093715287,999
2024-09-20 10:46:32.143000,424.1198829938586,1003
2024-09-20 10:46:32.191000,424.13244720102,104
2024-09-20 10:46:32.252000,424.1532201151285,15
2024-09-20 10:46:32.326000,424.1380201517664,998
2024-09-20 10:46:32.399000,424.13817964538623,15
2024-09-20 10:46:32.410000,424.1163900746548,995
2024-09-20 10:46:32.422000,424.1184899970326,998
2024-09-20 10:46:32.428000,424.11168574778935,98
2024-09-20 10:46:32.442000,424.13390730154543,12
2024-09-20 10:46:32.499000,424.10990660916895,13
2024-09-20 10:46:32.502000,424.1369265986066,997
2024-09-20 10:46:32.574000,424.1502721354058,10
2024-09-20 10:46:32.603000,424.1367736732946,1004
2024-09-20 10:46:32.626000,424.07175204025856,12
2024-09-20 10:46:32.651000,424.1280102484996,998
2024-09-20 10:46:32.677000,424.169392326458,13
2024-09-20 10:46:32.681000,424.076906960596,996
2024-09-20 10:46:32.830000,424.13592608882936,10
2024-09-20 10:46:32.876000,424.0882718436344,95
2024-09-20 10:46:32.886000,424.13688716669793,7
2024-09-20 10:46:32.969000,424.0841128990693,105
2024-09-20 10:46:32.976000,424.073332578647,10
2024-09-20 10:46:32.981000,424.1010039486205,99
2024-09-20 10:46:32.998000,424.1104914974787,997
2024-09-20 10:46:33.048000,424.15919246698985,997
2024-09-20 10:46:33.064000,424.1620247401793,9
2024-09-20 10:46:33.109000,424.1151879598248,995
2024-09-20 10:46:33.118000,424.1434974851305,1000
2024-09-20 10:46:33.131000,424.1439558647771,96
2024-09-20 10:46:33.161000,424.1550929556528,15
2024-09-20 10:46:33.173000,424.1481655307121,1005
2024-09-20 10:46:33.398000,424.1649305428359,995
2024-09-20 10:46:33.539000,424.1413761809577,1004
2024-09-20 10:46:33.609000,424.1649150181549,97
2024-09-20 10:46:33.720000,424.134737479574,11
2024-09-20 10:46:33.759000,424.1474002399308,96
2024-09-20 10:46:33.873000,424.1404182801482,101
2024-09-20 10:46:33.904000,424.1751686460229,103
2024-09-20 10:46:33.907000,424.1080006662924,999
2024-09-20 10:46:33.986000,424.1640068979606,995
2024-09-20 10:46:34.056000,424.1749289352339,1000
2024-09-20 10:46:34.154000,424.1625303820013,96
2024-09-20 10:46:34.173000,424.16746491931207,99
2024-09-20 10:46:34.320000,424.17801224353167,98
2024-09-20 10:46:34.331000,424.1707251089936,96
2024-09-20 10:46:34.400000,424.1716024256779,97
2024-09-20 10:46:34.464000,424.1609516248056,104
2024-09-20 10:46:34.565000,424.16926648832055,9
2024-09-20 10:46:34.782000,424.1748079429228,12
2024-09-20 10:46:34.815000,424.2084679937136,12
2024-09-20 10:46:34.826000,424.18540024294873,995
2024-09-20 10:46:34.830000,424.2023755470535,12
2024-09-20 10:46:34.877000,424.2018675031365,13
2024-09-20 10:46:34.880000,424.1725920192976,103
2024-09-20 10:46:34.894000,424.2028577181448,998
2024-09-20 10:46:35.054000,424.1286560864113,1005
2024-09-20 10:46:35.066000,424.0716701723082,97
2024-09-20 10:46:35.076000,424.07968714205344,10
2024-09-20 10:46:35.082000,424.1158130380656,96
2024-09-20 10:46:35.146000,424.1388451499649,1002
2024-09-20 10:46:35.158000,424.1748166435616,1001
2024-09-20 10:46:35.232000,424.1156101924483,8
2024-09-20 10:46:35.284000,424.1071922171831,101
2024-09-20 10:46:35.300000,424.16783896366354,10
2024-09-20 10:46:35.304000,424.1051752998537,102
2024-09-20 10:46:35.361000,424.1782683228488,999
2024-09-20 10:46:35.446000,424.1331927925701,996
2024-09-20 10:46:35.473000,424.1257838028712,1005
2024-09-20 10:46:35.519000,424.1905031171784,100
2024-09-20 10:46:35.550000,424.2187944211512,10
2024-09-20 10:46:35.677000,424.151125749576,10
2024-09-20 10:46:35.695000,424.1214186327063,102
2024-09-20 10:46:35.733000,424.2104793488531,1004
2024-09-20 10:46:35.757000,424.1080698757869,101
2024-09-20 10:46:35.772000,424.16726593156994,102
2024-09-20 10:46:35.786000,424.14698984604377,12
2024-09-20 10:46:35.916000,424.13368565250994,104
2024-09-20 10:46:35.943000,424.0806809426872,95
2024-09-20 10:46:36.275000,424.0774094883492,105
2024-09-20 10:46:36.510000,424.1057739017781,10
2024-09-20 10:46:36.609000,424.1125112247077,9
2024-09-20 10:46:36.769000,424.094423041487,13
2024-09-20 10:46:36.927000,424.0663277482869,5
2024-09-20 10:46:36.994000,424.0839733278672,14
2024-09-20 10:46:37.041000,424.1442724004495,1002
2024-09-20 10:46:37.052000,424.09360053430095,997
2024-09-20 10:46:37.062000,424.15657700635023,97
2024-09-20 10:46:37.167000,424.1065548467676,11
2024-09-20 10:46:37.183000,424.1918880865692,98
2024-09-20 10:46:37.249000,424.1761835717064,104
2024-09-20 10:46:37.298000,424.1483327976756,1002
2024-09-20 10:46:37.423000,424.1101322251727,13
2024-09-20 10:46:37.557000,424.128103570422,15
2024-09-20 10:46:37.567000,424.1273412069198,95
2024-09-20 10:46:37.625000,424.1876845329896,105
2024-09-20 10:46:37.680000,424.11413453709497,95
2024-09-20 10:46:37.764000,424.1130372686368,9
2024-09-20 10:46:37.767000,424.12560466538406,14
2024-09-20 10:46:37.854000,424.115865629418,999
2024-09-20 10:46:37.904000,424.14473874357554,9
2024-09-20 10:46:37.929000,424.1164294511808,9
2024-09-20 10:46:37.950000,424.1238359945114,104
2024-09-20 10:46:37.955000,424.1377998517039,1005
2024-09-20 10:46:37.975000,424.13182857223967,1001
2024-09-20 10:46:38.146000,424.1686587840603,998
2024-09-20 10:46:38.220000,424.1828439150671,10
2024-09-20 10:46:38.548000,424.1813617694138,1003
2024-09-20 10:46:38.920000,424.195216613621,995
2024-09-20 10:46:39.087000,424.1621003681369,100
2024-09-20 10:46:39.091000,424.168242937832,996
2024-09-20 10:46:39.155000,424.1532425151457,14
2024-09-20 10:46:39.312000,424.1857008975596,95
2024-09-20 10:46:39.357000,424.1857605931011,96
2024-09-20 10:46:39.432000,424.15466950283,1005
2024-09-20 10:46:39.558000,424.18166054275457,997
2024-09-20 10:46:39.763000,424.1532178643836,8
2024-09-20 10:46:39.898000,424.17637311938034,99
2024-09-20 10:46:39.908000,424.1802237710975,8
2024-09-20 10:46:39.957000,424.1823732374505,6
2024-09-20 10:46:40.024000,424.0891323859313,12
2024-09-20 10:46:40.141000,424.1438051136318,1000
2024-09-20 10:46:40.478000,424.1298001751359,101
2024-09-20 10:46:40.484000,424.0890554937213,998
2024-09-20 10:46:40.514000,424.0911796791734,15
2024-09-20 10:46:40.619000,424.0818002041344,1002
2024-09-20 10:46:40.683000,424.15345753584216,7
2024-09-20 10:46:40.789000,424.1565341950492,11
2024-09-20 10:46:40.816000,424.0906665877251,12
2024-09-20 10:46:40.819000,424.0854913703157,7
2024-09-20 10:46:40.846000,424.0995914424431,997
2024-09-20 10:46:40.885000,424.1083246111692,105
2024-09-20 10:46:40.945000,424.14783833321945,98
2024-09-20 10:46:40.989000,424.1348632036242,1001
2024-09-20 10:46:41.027000,423.966299791286,5
2024-09-20 10:46:41.060000,424.0357785767402,11
2024-09-20 10:46:41.062000,423.9780239459674,9
2024-09-20 10:46:41.130000,423.96380438833074,105
2024-09-20 10:46:41.149000,423.9629993383273,101
2024-09-20 10:46:41.163000,424.0484133108938,103
2024-09-20 10:46:41.171000,424.0166824308745,1002
2024-09-20 10:46:41.262000,424.0798345567695,1003
2024-09-20 10:46:41.312000,424.0590842000122,996
2024-09-20 10:46:41.319000,423.9516549846015,95
2024-09-20 10:46:41.365000,423.9663952168712,11
2024-09-20 10:46:41.415000,423.9720386341981,995
2024-09-20 10:46:41.473000,423.9445642973269,100
2024-09-20 10:46:41.477000,423.9523883128815,99
2024-09-20 10:46:41.493000,423.9400841671305,995
2024-09-20 10:46:41.662000,423.99566813483415,10
2024-09-20 10:46:41.717000,423.9678899112431,995
2024-09-20 10:46:41.735000,423.94719842243984,12
2024-09-20 10:46:41.752000,424.09099209462494,999
2024-09-20 10:46:41.830000,423.9813170295745,1000
2024-09-20 10:46:41.845000,423.9563100935072,96
2024-09-20 10:46:41.885000,423.982789187961,14
2024-09-20 10:46:41.897000,424.0803963774065,996
2024-09-20 10:46:41.921000,423.9716219227546,10
2024-09-20 10:46:41.921000,424.08843191644337,104
2024-09-20 10:46:41.939000,423.9599723944429,1004
2024-09-20 10:46:41.940000,424.0667514283018,98
2024-09-20 10:46:41.982000,424.0321302144928,1004
2024-09-20 10:46:41.984000,424.014344651215,14
2024-09-20 10:46:43.030000,423.9485150507587,1002
2024-09-20 10:46:43.035000,423.9514100792492,9
2024-09-20 10:46:43.070000,423.9737855866397,96
2024-09-20 10:46:43.119000,423.96912712928366,7
2024-09-20 10:46:43.178000,423.92185500960016,5
2024-09-20 10:46:43.201000,423.9646115231217,14
2024-09-20 10:46:43.212000,423.9681856814959,1004
2024-09-20 10:46:43.240000,423.9678567849302,1005
2024-09-20 10:46:43.241000,423.93488434112174,100
2024-09-20 10:46:43.273000,423.9663319574401,95
2024-09-20 10:46:43.299000,423.9331886592837,995
2024-09-20 10:46:43.374000,423.9599445324957,996
2024-09-20 10:46:43.600000,423.9448366696962,98
2024-09-20 10:46:43.616000,423.96371455595977,1002
2024-09-20 10:46:43.636000,423.97428945117656,102
2024-09-20 10:46:43.819000,423.9727650782109,7
2024-09-20 10:46:43.868000,423.9100898864011,1001
2024-09-20 10:46:43.883000,423.9514398733484,5
2024-09-20 10:46:43.887000,423.9568388622861,11
2024-09-20 10:46:44.148000,423.9565290930191,998
2024-09-20 10:46:44.178000,423.9747243022261,998
2024-09-20 10:46:44.333000,423.9734339510449,15
2024-09-20 10:46:44.521000,423.9860741095958,5
2024-09-20 10:46:44.820000,423.98439502871656,1001
2024-09-20 10:46:45.060000,423.9598816801682,996
2024-09-20 10:46:45.090000,423.9471081925252,1003
2024-09-20 10:46:45.123000,423.9715489144257,997
2024-09-20 10:46:45.214000,423.9812815036725,996
2024-09-20 10:46:45.221000,423.9898977944183,12
2024-09-20 10:46:45.222000,423.9625587138521,105
2024-09-20 10:46:45.285000,423.9690893747571,995
2024-09-20 10:46:45.332000,423.9790491155968,14
2024-09-20 10:46:45.479000,423.9743642201209,98
2024-09-20 10:46:45.508000,423.9787150495145,9
2024-09-20 10:46:45.524000,423.9489396921236,12
2024-09-20 10:46:45.538000,423.9752108492221,1002
2024-09-20 10:46:45.594000,423.984716006891,13
2024-09-20 10:46:45.608000,423.9935209275223,95
2024-09-20 10:46:45.678000,423.9698847216442,996
2024-09-20 10:46:45.681000,423.9379565062085,14
2024-09-20 10:46:45.870000,423.9587871773053,103
2024-09-20 10:46:45.911000,423.9697662538196,96
2024-09-20 10:46:46.074000,424.0237522177395,103
2024-09-20 10:46:46.401000,424.0052540996856,996
2024-09-20 10:46:46.517000,424.00203000925626,13
2024-09-20 10:46:46.889000,424.00941845728846,11
2024-09-20 10:46:47.076000,424.0420692859287,999
2024-09-20 10:46:47.212000,424.0513947381989,1000
2024-09-20 10:46:47.370000,424.0320366594033,5
2024-09-20 10:46:47.482000,424.078131798474,8
2024-09-20 10:46:47.579000,424.07904350317216,11
2024-09-20 10:46:47.673000,424.0702339692716,1000
2024-09-20 10:46:47.711000,424.07343462428815,104
2024-09-20 10:46:47.970000,424.0618574639359,104
2024-09-20 10:46:48.048000,424.0381186366997,12
2024-09-20 10:46:48.151000,424.0567943667808,997
2024-09-20 10:46:48.211000,424.0674189620676,96
2024-09-20 10:46:48.246000,424.0839781423136,996
2024-09-20 10:46:48.867000,424.053420089528,104
2024-09-20 10:46:48.947000,424.0546255621133,995
2024-09-20 10:46:49.022000,424.169040882919,15
2024-09-20 10:46:49.033000,424.1342410304628,995
2024-09-20 10:46:49.044000,424.1331873870896,100
2024-09-20 10:46:49.064000,424.1497477035268,998
2024-09-20 10:46:49.103000,424.17323720009176,6
2024-09-20 10:46:49.113000,424.1876575368648,999
2024-09-20 10:46:49.170000,424.1865607191667,998
2024-09-20 10:46:49.239000,424.2137280621268,96
2024-09-20 10:46:49.241000,424.2133716625019,103
2024-09-20 10:46:49.266000,424.1752877087554,9
2024-09-20 10:46:49.318000,424.0913668505383,14
2024-09-20 10:46:49.345000,424.2093723942506,104
2024-09-20 10:46:49.363000,424.0948826740388,15
2024-09-20 10:46:49.480000,424.1757408935433,8
2024-09-20 10:46:49.565000,424.0764610889107,8
2024-09-20 10:46:49.579000,424.1023831502984,1003
2024-09-20 10:46:49.611000,424.22259259654106,100
2024-09-20 10:46:49.774000,424.0843199524543,5
2024-09-20 10:46:49.791000,424.19300518899286,13
2024-09-20 10:46:49.868000,424.087296409542,99
2024-09-20 10:46:49.887000,424.2010404161086,96
2024-09-20 10:46:49.916000,424.165606654337,1002
2024-09-20 10:46:50.072000,424.20089488208544,995
2024-09-20 10:46:50.181000,424.1746496731223,15
2024-09-20 10:46:50.259000,424.2002955711267,1002
2024-09-20 10:46:50.294000,424.1990568048311,100
2024-09-20 10:46:50.499000,424.2043308958406,103
2024-09-20 10:46:50.508000,424.2116861935482,14
2024-09-20 10:46:50.536000,424.1772773087693,995
2024-09-20 10:46:50.632000,424.22555109101455,104
2024-09-20 10:46:51.031000,424.19589017750593,102
2024-09-20 10:46:51.056000,424.2151991192521,1000
2024-09-20 10:46:51.134000,424.2406233163284,104
2024-09-20 10:46:51.171000,424.25071919558377,9
2024-09-20 10:46:51.254000,424.2352750613596,1001
2024-09-20 10:46:51.297000,424.2323669090817,996
2024-09-20 10:46:51.355000,424.23540349068577,1005
2024-09-20 10:46:51.380000,424.2515391409757,97
2024-09-20 10:46:51.458000,424.2282307224143,100
2024-09-20 10:46:51.538000,424.249047769529,97
2024-09-20 10:46:51.580000,424.2194801775713,97
2024-09-20 10:46:51.618000,424.23245459661297,105
2024-09-20 10:46:51.658000,424.2168349949608,1004
2024-09-20 10:46:51.672000,424.2252143179552,997
2024-09-20 10:46:51.816000,424.235751538619,96
2024-09-20 10:46:51.827000,424.2197614612277,997
2024-09-20 10:46:51.840000,424.22898558552686,1003
2024-09-20 10:46:51.862000,424.25524220940304,8
2024-09-20 10:46:51.874000,424.23721733990186,99
2024-09-20 10:46:51.921000,424.2444732825105,1000
2024-09-20 10:46:51.989000,424.2527654144103,1000
2024-09-20 10:46:52.041000,424.1533950829937,999
2024-09-20 10:46:52.059000,424.22108804486953,105
2024-09-20 10:46:52.067000,424.1607117314466,1003
2024-09-20 10:46:52.133000,424.1978293350612,6
2024-09-20 10:46:52.137000,424.1801599663156,1005
2024-09-20 10:46:52.193000,424.1746796354876,14
2024-09-20 10:46:52.251000,424.20762705045865,10
2024-09-20 10:46:52.264000,424.16349382566216,102
2024-09-20 10:46:52.280000,424.1628408095127,103
2024-09-20 10:46:52.323000,424.200761295032,96
2024-09-20 10:46:52.490000,424.1695514984146,1002
2024-09-20 10:46:52.504000,424.1881225654364,997
2024-09-20 10:46:52.669000,424.2043401690541,1000
2024-09-20 10:46:52.812000,424.15547272447714,104
2024-09-20 10:46:52.840000,424.1686742780474,999
2024-09-20 10:46:53.015000,424.2036422611234,1001
2024-09-20 10:46:53.275000,424.237179347375,1002
2024-09-20 10:46:53.532000,424.2213384677075,5
2024-09-20 10:46:53.676000,424.21113077529554,95
2024-09-20 10:46:54.076000,424.2042446394639,99
2024-09-20 10:46:54.203000,424.2424818283447,996
2024-09-20 10:46:54.300000,424.2306131630557,15
2024-09-20 10:46:54.379000,424.1851803470796,997
2024-09-20 10:46:54.393000,424.2630900848802,8
2024-09-20 10:46:54.494000,424.227286075842,15
2024-09-20 10:46:54.728000,424.207688630922,11
2024-09-20 10:46:54.882000,424.159887601716,1000
2024-09-20 10:46:54.993000,424.22332618564326,101
2024-09-20 10:46:55.004000,424.1523415830077,96
2024-09-20 10:46:55.142000,424.1324600610286,14
2024-09-20 10:46:55.223000,424.1400070022447,1001
2024-09-20 10:46:55.224000,424.0737143218071,15
2024-09-20 10:46:55.256000,424.02829143210585,997
2024-09-20 10:46:55.308000,424.0332908770985,97
2024-09-20 10:46:55.318000,424.0847003972143,7
2024-09-20 10:46:55.327000,424.05745235741455,8
2024-09-20 10:46:55.532000,424.12984505658153,997
2024-09-20 10:46:55.604000,424.0647216312937,1005
2024-09-20 10:46:55.665000,424.03406537642,100
2024-09-20 10:46:55.718000,424.0803956295316,1003
2024-09-20 10:46:55.725000,424.07911606882544,15
2024-09-20 10:46:55.797000,424.1239481364136,14
2024-09-20 10:46:55.832000,424.1650803077687,95
2024-09-20 10:46:55.864000,424.0980226691989,998
2024-09-20 10:46:55.945000,424.0348050645858,11
2024-09-20 10:46:55.956000,424.13263062259017,98
2024-09-20 10:46:55.975000,424.1632660213645,11
2024-09-20 10:46:56.041000,424.0685421730151,104
2024-09-20 10:46:56.064000,424.0820647504492,997
2024-09-20 10:46:56.072000,424.07745519544414,1002
2024-09-20 10:46:56.141000,424.0788932976034,7
2024-09-20 10:46:56.207000,424.06958366596695,101
2024-09-20 10:46:56.250000,424.05695166922726,12
2024-09-20 10:46:56.274000,424.07166061187706,100
2024-09-20 10:46:56.362000,424.06931375024857,6
2024-09-20 10:46:56.396000,424.0718516230279,7
2024-09-20 10:46:56.411000,424.07984857372,95
2024-09-20 10:46:56.531000,424.0688804894279,101
2024-09-20 10:46:56.651000,424.08729093619775,999
2024-09-20 10:46:56.666000,424.06999560378273,97
2024-09-20 10:46:56.681000,424.0988381781703,1003
2024-09-20 10:46:56.742000,424.10777663775394,100
2024-09-20 10:46:56.753000,424.0848021383239,97
2024-09-20 10:46:56.753000,424.0695116247634,105
2024-09-20 10:46:56.785000,424.0667604879297,105
2024-09-20 10:46:56.902000,424.0691703109431,96
2024-09-20 10:46:56.922000,424.0697725448241,8
2024-09-20 10:46:57.045000,424.1208546770188,100
2024-09-20 10:46:57.101000,424.12944531212617,10
2024-09-20 10:46:57.178000,424.1648156421023,999
2024-09-20 10:46:57.222000,424.1132780558125,997
2024-09-20 10:46:57.234000,424.1114993335202,998
2024-09-20 10:46:57.420000,424.1241010453928,105
2024-09-20 10:46:57.453000,424.11216657345824,999
2024-09-20 10:46:57.488000,424.176695563326,104
2024-09-20 10:46:57.579000,424.08677378079256,104
2024-09-20 10:46:57.831000,424.1334102082891,1004
2024-09-20 10:46:57.889000,424.10716922438354,14
2024-09-20 10:46:57.904000,424.0889243454951,101
2024-09-20 10:46:57.909000,424.1257151722215,998
2024-09-20 10:46:57.914000,424.1659910027076,104
2024-09-20 10:46:58.012000,424.112221560339,998
2024-09-20 10:46:58.013000,424.0823024522947,998
2024-09-20 10:46:58.063000,424.0857107243164,1003
2024-09-20 10:46:58.115000,424.1015592588349,1005
2024-09-20 10:46:58.139000,424.14444925925767,995
2024-09-20 10:46:58.188000,424.10350091203816,103
2024-09-20 10:46:58.412000,424.07001354791146,97
2024-09-20 10:46:58.453000,424.1363546055401,997
2024-09-20 10:46:58.508000,424.1657492565869,99
2024-09-20 10:46:58.509000,424.1193020527234,102
2024-09-20 10:46:58.518000,424.0978998345449,96
2024-09-20 10:46:58.619000,424.1451357374396,101
2024-09-20 10:46:58.623000,424.1454217178781,1003
2024-09-20 10:46:58.861000,424.1374501414669,95
2024-09-20 10:46:59.158000,424.1213764632994,6
2024-09-20 10:46:59.359000,424.0749562319254,98
2024-09-20 10:46:59.369000,424.08945364443855,999
2024-09-20 10:46:59.449000,424.103280229841,96
2024-09-20 10:46:59.463000,424.1253166219908,999
2024-09-20 10:46:59.466000,424.09864291264927,6
2024-09-20 10:46:59.604000,424.1058784158749,1005
2024-09-20 10:46:59.605000,424.1054938223867,1000
2024-09-20 10:46:59.883000,424.1114565227262,101
2024-09-20 10:46:59.899000,424.0799160860142,102
2024-09-20 10:46:59.953000,424.0870011138756,96
2024-09-20 10:46:59.984000,424.0698101128438,998
