Timestamp,Price,Size
2024-09-17 12:13:00.046000,409.0715563768757,14
2024-09-17 12:13:00.380000,409.05215771386287,5
2024-09-17 12:13:00.393000,409.0601386467949,95
2024-09-17 12:13:00.393000,409.0600453994688,1003
2024-09-17 12:13:00.438000,409.0756140771669,105
2024-09-17 12:13:00.488000,409.0786220914056,100
2024-09-17 12:13:00.509000,409.06678195671975,98
2024-09-17 12:13:00.546000,409.0597992924702,1000
2024-09-17 12:13:00.581000,409.0635265959322,1003
2024-09-17 12:13:00.695000,409.0630262719604,10
2024-09-17 12:13:00.821000,409.072881687126,8
2024-09-17 12:13:00.832000,409.0583051479129,999
2024-09-17 12:13:00.843000,409.0567159727409,998
2024-09-17 12:13:00.874000,409.06324066529777,995
2024-09-17 12:13:00.931000,409.0819514866852,1002
2024-09-17 12:13:00.966000,409.0441151315722,9
2024-09-17 12:13:00.996000,409.0603166162603,13
2024-09-17 12:13:01.040000,409.01684853000745,1003
2024-09-17 12:13:01.121000,409.01494964633736,998
2024-09-17 12:13:01.145000,409.019349316112,100
2024-09-17 12:13:01.166000,409.01123362162025,12
2024-09-17 12:13:01.285000,409.00552657079015,998
2024-09-17 12:13:01.399000,409.0090638430854,15
2024-09-17 12:13:01.625000,409.0217547866177,102
2024-09-17 12:13:01.816000,409.02562613265405,95
2024-09-17 12:13:01.846000,409.009118823174,997
2024-09-17 12:13:01.957000,409.0376146277274,7
2024-09-17 12:13:02.038000,409.0284661674976,15
2024-09-17 12:13:02.321000,409.03300894107525,96
2024-09-17 12:13:02.326000,409.0310197784472,95
2024-09-17 12:13:02.473000,409.0493635861489,10
2024-09-17 12:13:02.554000,409.00773251952415,95
2024-09-17 12:13:02.662000,409.020033697268,13
2024-09-17 12:13:02.842000,409.02192707094497,8
2024-09-17 12:13:03.203000,409.016113123291,1001
2024-09-17 12:13:03.232000,408.9402885339154,103
2024-09-17 12:13:03.249000,408.9544500561916,12
2024-09-17 12:13:03.345000,408.99394215295496,997
2024-09-17 12:13:03.353000,408.9531575464304,5
2024-09-17 12:13:03.381000,409.0210218481615,14
2024-09-17 12:13:03.381000,408.9867446944814,101
2024-09-17 12:13:03.418000,408.9596463009301,1002
2024-09-17 12:13:03.435000,408.9557849371336,998
2024-09-17 12:13:03.517000,408.9538903076107,97
2024-09-17 12:13:03.542000,408.969986460184,1002
2024-09-17 12:13:03.616000,408.988841151912,10
2024-09-17 12:13:03.665000,408.937191962804,1004
2024-09-17 12:13:03.667000,409.0216758426188,102
2024-09-17 12:13:03.712000,408.95355133606273,1003
2024-09-17 12:13:03.769000,408.9714190709644,997
2024-09-17 12:13:03.770000,408.95593997523184,1001
2024-09-17 12:13:03.945000,408.9419889488385,996
2024-09-17 12:13:04.025000,408.9717320734989,10
2024-09-17 12:13:04.116000,408.9786427868213,14
2024-09-17 12:13:04.133000,408.9741372467087,14
2024-09-17 12:13:04.202000,408.9397593554778,105
2024-09-17 12:13:04.276000,408.9568169774564,105
2024-09-17 12:13:04.397000,408.9881742053094,7
2024-09-17 12:13:04.400000,408.9732328339534,96
2024-09-17 12:13:04.441000,408.9997705210702,999
2024-09-17 12:13:04.518000,408.9989802304076,1001
2024-09-17 12:13:04.574000,408.9859998553405,14
2024-09-17 12:13:04.577000,408.9987588095777,996
2024-09-17 12:13:04.577000,408.9345195461282,9
2024-09-17 12:13:04.586000,409.00694373008776,96
2024-09-17 12:13:04.626000,408.9725469302025,105
2024-09-17 12:13:04.721000,408.9848892758477,15
2024-09-17 12:13:04.925000,409.02268966598615,1000
2024-09-17 12:13:04.965000,409.0176317186818,996
2024-09-17 12:13:05.110000,408.9831812838768,1001
2024-09-17 12:13:05.178000,408.9618219292837,11
2024-09-17 12:13:05.200000,409.0115649696064,10
2024-09-17 12:13:05.207000,408.95848053757845,1001
2024-09-17 12:13:05.253000,409.0098301554445,11
2024-09-17 12:13:05.313000,409.0144878085724,104
2024-09-17 12:13:05.320000,408.9965206359704,995
2024-09-17 12:13:05.348000,408.98525978844935,1005
2024-09-17 12:13:05.367000,409.02642222940966,99
2024-09-17 12:13:05.372000,408.9875353479808,8
2024-09-17 12:13:05.386000,408.9927008472693,97
2024-09-17 12:13:05.389000,408.957135364045,103
2024-09-17 12:13:05.446000,408.9541724528552,12
2024-09-17 12:13:05.514000,408.99853224022047,1001
2024-09-17 12:13:05.544000,408.9423725176033,1002
2024-09-17 12:13:05.574000,408.9893394477591,15
2024-09-17 12:13:05.657000,408.9618315667884,9
2024-09-17 12:13:05.662000,409.00580686179177,103
2024-09-17 12:13:05.762000,408.9691530165762,1002
2024-09-17 12:13:05.804000,409.0096627272817,12
2024-09-17 12:13:05.817000,408.9855163608766,7
2024-09-17 12:13:05.828000,408.9727104773141,1002
2024-09-17 12:13:05.843000,408.9349041783009,14
2024-09-17 12:13:05.902000,408.9778918746368,101
2024-09-17 12:13:05.955000,408.97459637168566,99
2024-09-17 12:13:05.965000,408.984918549371,998
2024-09-17 12:13:05.980000,408.965954771592,105
2024-09-17 12:13:06.325000,408.9023639431593,1003
2024-09-17 12:13:06.395000,408.9670280766222,100
2024-09-17 12:13:06.406000,408.9085939853547,14
2024-09-17 12:13:06.656000,408.91832235034815,13
2024-09-17 12:13:06.666000,408.93008902500816,102
2024-09-17 12:13:06.667000,408.9307718213509,14
2024-09-17 12:13:06.769000,408.91866116083537,998
2024-09-17 12:13:06.972000,408.9142947838786,14
2024-09-17 12:13:07.031000,408.9393120630773,1002
2024-09-17 12:13:07.070000,408.99775693816525,9
2024-09-17 12:13:07.107000,408.9404225610347,996
2024-09-17 12:13:07.139000,408.93796084222754,96
2024-09-17 12:13:07.285000,408.958490920618,996
2024-09-17 12:13:07.394000,408.887448389751,1004
2024-09-17 12:13:07.396000,409.0048345095161,998
2024-09-17 12:13:07.442000,408.9409996091832,1003
2024-09-17 12:13:07.511000,408.9815283813132,8
2024-09-17 12:13:07.529000,408.9955020137516,7
2024-09-17 12:13:07.570000,408.968383192638,1002
2024-09-17 12:13:07.620000,408.962014369475,8
2024-09-17 12:13:07.641000,408.9497341875391,7
2024-09-17 12:13:07.744000,408.9352633695213,1001
2024-09-17 12:13:07.763000,408.9761071872161,96
2024-09-17 12:13:07.785000,408.94637132117714,101
2024-09-17 12:13:07.792000,408.93846752344245,101
2024-09-17 12:13:07.792000,409.00115740577377,7
2024-09-17 12:13:07.803000,408.89443072478326,997
2024-09-17 12:13:07.839000,408.8806003001538,1002
2024-09-17 12:13:07.841000,408.9774326870057,7
2024-09-17 12:13:07.889000,408.9378798375099,98
2024-09-17 12:13:07.893000,409.0110846218028,99
2024-09-17 12:13:07.896000,408.9947619725967,100
2024-09-17 12:13:07.898000,408.9365713006569,14
2024-09-17 12:13:07.941000,408.98256078258913,101
2024-09-17 12:13:07.983000,408.9495331536652,9
2024-09-17 12:13:07.998000,408.9778173380505,96
2024-09-17 12:13:08.008000,408.8408138517205,102
2024-09-17 12:13:08.022000,408.81480908441216,98
2024-09-17 12:13:08.080000,408.83482085605976,996
2024-09-17 12:13:08.085000,408.8203540614402,996
2024-09-17 12:13:08.095000,408.8419966607004,1002
2024-09-17 12:13:08.215000,408.8355208338107,102
2024-09-17 12:13:08.264000,408.8591056600103,13
2024-09-17 12:13:08.299000,408.8437493587624,1005
2024-09-17 12:13:08.301000,408.8405814992861,95
2024-09-17 12:13:08.308000,408.8864634553848,11
2024-09-17 12:13:08.387000,408.8076642046832,97
2024-09-17 12:13:08.418000,408.8687356363445,14
2024-09-17 12:13:08.499000,408.80998118469535,10
2024-09-17 12:13:08.537000,408.8417754072322,995
2024-09-17 12:13:08.540000,408.8321150834324,12
2024-09-17 12:13:08.595000,408.7954765212361,102
2024-09-17 12:13:08.599000,408.8423726217293,997
2024-09-17 12:13:08.626000,408.8294082892545,105
2024-09-17 12:13:08.640000,408.8802803082584,996
2024-09-17 12:13:08.681000,408.836105963599,96
2024-09-17 12:13:08.727000,408.8467369935484,101
2024-09-17 12:13:08.740000,408.8536021979525,105
2024-09-17 12:13:08.771000,408.8079986071552,101
2024-09-17 12:13:08.784000,408.85629683231775,1002
2024-09-17 12:13:08.791000,408.87925152507256,1005
2024-09-17 12:13:08.801000,408.82502062919946,1001
2024-09-17 12:13:08.816000,408.8239524622333,15
2024-09-17 12:13:08.916000,408.8325083442488,8
2024-09-17 12:13:08.991000,408.8375079369886,105
2024-09-17 12:13:09.002000,408.83596462496297,13
2024-09-17 12:13:09.109000,408.8198763217791,10
2024-09-17 12:13:09.160000,408.82824826822986,105
2024-09-17 12:13:09.161000,408.8352972996311,9
2024-09-17 12:13:09.166000,408.84165446003885,1003
2024-09-17 12:13:09.219000,408.8499391929864,1003
2024-09-17 12:13:09.240000,408.83651245970975,10
2024-09-17 12:13:09.248000,408.8243555785596,998
2024-09-17 12:13:09.266000,408.79564381466486,14
2024-09-17 12:13:09.277000,408.8235348184828,1005
2024-09-17 12:13:09.356000,408.82343522236914,1001
2024-09-17 12:13:09.366000,408.8280138560527,102
2024-09-17 12:13:09.392000,408.8324462395389,996
2024-09-17 12:13:09.399000,408.8228545864839,8
2024-09-17 12:13:09.417000,408.7990627761522,1002
2024-09-17 12:13:09.436000,408.7966594355669,98
2024-09-17 12:13:09.436000,408.83599210632417,998
2024-09-17 12:13:09.674000,408.8180322575923,5
2024-09-17 12:13:09.695000,408.8173658191544,995
2024-09-17 12:13:09.702000,408.8379288938578,11
2024-09-17 12:13:09.718000,408.7880011329471,14
2024-09-17 12:13:09.747000,408.844918669396,95
2024-09-17 12:13:09.775000,408.7949915597008,9
2024-09-17 12:13:09.809000,408.8458949569809,996
2024-09-17 12:13:09.878000,408.8448498141802,104
2024-09-17 12:13:10.021000,408.8485729619003,15
2024-09-17 12:13:10.049000,408.8146322095004,105
2024-09-17 12:13:10.089000,408.8219615218636,7
2024-09-17 12:13:10.115000,408.8464606075521,98
2024-09-17 12:13:10.126000,408.83527710719176,1005
2024-09-17 12:13:10.195000,408.81770499524873,7
2024-09-17 12:13:10.208000,408.8667620698765,997
2024-09-17 12:13:10.233000,408.84588566583415,13
2024-09-17 12:13:10.270000,408.83107027064005,102
2024-09-17 12:13:10.383000,408.8049328233013,10
2024-09-17 12:13:10.385000,408.80812711964165,14
2024-09-17 12:13:10.406000,408.8255008467575,1005
2024-09-17 12:13:10.413000,408.86117230433297,999
2024-09-17 12:13:10.415000,408.844176981271,8
2024-09-17 12:13:10.417000,408.8169718255591,96
2024-09-17 12:13:10.461000,408.8325409730552,105
2024-09-17 12:13:10.464000,408.8773277653429,98
2024-09-17 12:13:10.480000,408.8160660147972,10
2024-09-17 12:13:10.497000,408.8638341116044,100
2024-09-17 12:13:10.606000,408.8228335295567,5
2024-09-17 12:13:10.665000,408.84408647883726,95
2024-09-17 12:13:10.727000,408.8221418639535,997
2024-09-17 12:13:10.831000,408.85549477614046,105
2024-09-17 12:13:10.837000,408.8473773788655,101
2024-09-17 12:13:10.859000,408.819279512902,9
2024-09-17 12:13:10.874000,408.8212528758084,9
2024-09-17 12:13:10.917000,408.8727383270336,14
2024-09-17 12:13:10.927000,408.8498600996056,98
2024-09-17 12:13:10.958000,408.85215779374914,97
2024-09-17 12:13:10.965000,408.8118575961917,1004
2024-09-17 12:13:11.006000,408.7456780501908,999
2024-09-17 12:13:11.015000,408.76325870790674,14
2024-09-17 12:13:11.073000,408.79705732075615,998
2024-09-17 12:13:11.136000,408.7515725060295,12
2024-09-17 12:13:11.211000,408.75988647904506,101
2024-09-17 12:13:11.215000,408.76872979183474,997
2024-09-17 12:13:11.234000,408.8187024181287,10
2024-09-17 12:13:11.238000,408.76656691248144,9
2024-09-17 12:13:11.244000,408.8007655626456,8
2024-09-17 12:13:11.307000,408.7879632963506,102
2024-09-17 12:13:11.326000,408.77964176087056,6
2024-09-17 12:13:11.373000,408.78118621736354,8
2024-09-17 12:13:11.484000,408.77808621067794,12
2024-09-17 12:13:11.526000,408.7698066401723,997
2024-09-17 12:13:11.549000,408.730531961929,995
2024-09-17 12:13:11.550000,408.7441910008363,13
2024-09-17 12:13:11.551000,408.7764504904197,12
2024-09-17 12:13:11.608000,408.8137062333889,99
2024-09-17 12:13:11.620000,408.74618367330976,6
2024-09-17 12:13:11.675000,408.7558951047861,100
2024-09-17 12:13:11.684000,408.74125741013984,1005
2024-09-17 12:13:11.703000,408.73881688862775,1005
2024-09-17 12:13:11.827000,408.8018570643517,102
2024-09-17 12:13:11.860000,408.7688053147799,1000
2024-09-17 12:13:11.883000,408.77215478507736,1004
2024-09-17 12:13:11.885000,408.7998771014449,99
2024-09-17 12:13:11.892000,408.7497255590815,105
2024-09-17 12:13:11.937000,408.7652458116541,12
2024-09-17 12:13:12.249000,408.7457468819159,9
2024-09-17 12:13:12.256000,408.7325108630512,100
2024-09-17 12:13:13.048000,408.7488653043304,12
2024-09-17 12:13:13.451000,408.7438988076072,10
2024-09-17 12:13:14.086000,408.7469805869695,6
2024-09-17 12:13:14.130000,408.81369889869575,99
2024-09-17 12:13:14.174000,408.8093472732508,10
2024-09-17 12:13:14.174000,408.8161360262746,1000
2024-09-17 12:13:14.190000,408.7445391760712,1001
2024-09-17 12:13:14.363000,408.787707511616,98
2024-09-17 12:13:14.437000,408.71756410633066,9
2024-09-17 12:13:14.452000,408.8213246057019,103
2024-09-17 12:13:14.495000,408.8078058957616,1004
2024-09-17 12:13:14.508000,408.792185198259,10
2024-09-17 12:13:14.517000,408.7528338848298,1005
2024-09-17 12:13:14.552000,408.7352403280501,1000
2024-09-17 12:13:14.591000,408.72395990883217,997
2024-09-17 12:13:14.601000,408.744678121987,97
2024-09-17 12:13:14.618000,408.7807019096179,15
2024-09-17 12:13:14.636000,408.7429153774169,99
2024-09-17 12:13:14.671000,408.72408981896393,12
2024-09-17 12:13:14.713000,408.7475845239945,100
2024-09-17 12:13:14.727000,408.7326574052096,8
2024-09-17 12:13:14.745000,408.7527155159346,13
2024-09-17 12:13:14.787000,408.73923014008926,98
2024-09-17 12:13:14.846000,408.791586991818,101
2024-09-17 12:13:14.973000,408.8028034074596,998
2024-09-17 12:13:15.167000,408.8179741716839,1001
2024-09-17 12:13:15.350000,408.82287947635615,100
2024-09-17 12:13:15.524000,408.81976683571736,102
2024-09-17 12:13:15.537000,408.8086101331936,15
2024-09-17 12:13:15.635000,408.8097817168594,13
2024-09-17 12:13:15.967000,408.8326205531736,14
2024-09-17 12:13:16.020000,408.7827612873158,995
2024-09-17 12:13:16.028000,408.7851881443713,998
2024-09-17 12:13:16.110000,408.7871996329043,1000
2024-09-17 12:13:16.121000,408.812378510704,95
2024-09-17 12:13:16.142000,408.77693144284257,1000
2024-09-17 12:13:16.309000,408.7496943073081,996
2024-09-17 12:13:16.330000,408.8265532345569,1001
2024-09-17 12:13:16.347000,408.8156577322122,997
2024-09-17 12:13:16.374000,408.7888920493882,15
2024-09-17 12:13:16.379000,408.7883881056104,99
2024-09-17 12:13:16.395000,408.7708282845732,97
2024-09-17 12:13:16.419000,408.7708320455971,9
2024-09-17 12:13:16.432000,408.7960610914949,10
2024-09-17 12:13:16.472000,408.7858860343415,10
2024-09-17 12:13:16.474000,408.77666915160665,10
2024-09-17 12:13:16.485000,408.78045431138713,10
2024-09-17 12:13:16.507000,408.77863831961713,995
2024-09-17 12:13:16.510000,408.7645121200937,1000
2024-09-17 12:13:16.579000,408.81892777346025,995
2024-09-17 12:13:16.612000,408.7673931721639,12
2024-09-17 12:13:16.672000,408.7926688671134,9
2024-09-17 12:13:16.681000,408.7469301562771,1001
2024-09-17 12:13:16.710000,408.8034456361319,1001
2024-09-17 12:13:16.736000,408.7526439929564,12
2024-09-17 12:13:16.824000,408.7813914192805,102
2024-09-17 12:13:16.863000,408.753909393554,7
2024-09-17 12:13:16.880000,408.8151890011169,97
2024-09-17 12:13:16.931000,408.7543867182208,103
2024-09-17 12:13:17.033000,408.7022142369021,11
2024-09-17 12:13:17.038000,408.7241618131951,10
2024-09-17 12:13:17.056000,408.72793664048726,12
2024-09-17 12:13:17.079000,408.7354940169764,96
2024-09-17 12:13:17.082000,408.7131187066424,13
2024-09-17 12:13:17.086000,408.7114215561817,101
2024-09-17 12:13:17.094000,408.7225768694106,96
2024-09-17 12:13:17.097000,408.7066999395673,998
2024-09-17 12:13:17.214000,408.7040002539374,10
2024-09-17 12:13:17.245000,408.7461552453957,5
2024-09-17 12:13:17.254000,408.713871715906,10
2024-09-17 12:13:17.259000,408.7165189767246,998
2024-09-17 12:13:17.328000,408.7260980280389,996
2024-09-17 12:13:17.344000,408.7022152174594,995
2024-09-17 12:13:17.372000,408.7318801373017,9
2024-09-17 12:13:17.426000,408.7232924018466,8
2024-09-17 12:13:17.489000,408.7360003209296,11
2024-09-17 12:13:17.509000,408.7370774730584,997
2024-09-17 12:13:17.582000,408.73130234177125,97
2024-09-17 12:13:17.602000,408.736165054028,11
2024-09-17 12:13:17.637000,408.7184710658957,6
2024-09-17 12:13:17.725000,408.721483349928,12
2024-09-17 12:13:17.725000,408.7511993687353,995
2024-09-17 12:13:17.729000,408.7140108552091,9
2024-09-17 12:13:17.755000,408.72128794275466,1004
2024-09-17 12:13:17.805000,408.7362060727191,997
2024-09-17 12:13:17.808000,408.7023061555595,11
2024-09-17 12:13:17.956000,408.7074459171917,1000
2024-09-17 12:13:18.003000,408.7736695419481,1004
2024-09-17 12:13:18.656000,408.7658562278484,13
2024-09-17 12:13:18.732000,408.7656486383858,10
2024-09-17 12:13:18.900000,408.7685120388391,9
2024-09-17 12:13:18.924000,408.784156408769,5
2024-09-17 12:13:19.109000,408.7609419165183,1005
2024-09-17 12:13:19.212000,408.7375303174938,5
2024-09-17 12:13:19.260000,408.72228605849966,1002
2024-09-17 12:13:19.290000,408.69456297447016,12
2024-09-17 12:13:19.401000,408.7061261375732,8
2024-09-17 12:13:19.487000,408.7011280083653,12
2024-09-17 12:13:19.573000,408.7687758483722,1001
2024-09-17 12:13:19.628000,408.7001711765794,100
2024-09-17 12:13:19.703000,408.750759206678,104
2024-09-17 12:13:19.723000,408.70168615679074,100
2024-09-17 12:13:19.734000,408.7034998854514,100
2024-09-17 12:13:19.810000,408.7215499725977,10
2024-09-17 12:13:19.825000,408.7403263842298,12
2024-09-17 12:13:19.854000,408.7015981007585,99
2024-09-17 12:13:19.895000,408.711948175519,13
2024-09-17 12:13:19.898000,408.7230838991172,1000
2024-09-17 12:13:19.951000,408.7086465325676,95
2024-09-17 12:13:19.973000,408.7608779236345,1003
2024-09-17 12:13:19.981000,408.75674211999205,5
2024-09-17 12:13:21.062000,408.7015796952767,11
2024-09-17 12:13:21.224000,408.7278083200847,1001
2024-09-17 12:13:21.270000,408.7140806620192,98
2024-09-17 12:13:21.286000,408.7471561900383,103
2024-09-17 12:13:21.364000,408.70797625364776,7
2024-09-17 12:13:21.380000,408.704331985034,14
2024-09-17 12:13:21.414000,408.71648986106976,5
2024-09-17 12:13:21.422000,408.69635804577536,100
2024-09-17 12:13:21.532000,408.754034149981,13
2024-09-17 12:13:21.596000,408.7014031446657,98
2024-09-17 12:13:21.613000,408.7043972800124,96
2024-09-17 12:13:21.641000,408.7150615656735,997
2024-09-17 12:13:21.730000,408.7271412788424,105
2024-09-17 12:13:21.759000,408.7448478940705,999
2024-09-17 12:13:21.869000,408.7185582473836,96
2024-09-17 12:13:21.930000,408.7027972727036,1001
2024-09-17 12:13:21.955000,408.69623453246544,15
2024-09-17 12:13:21.986000,408.6964046444628,5
2024-09-17 12:13:22.017000,408.7064168259252,996
2024-09-17 12:13:22.101000,408.713361500202,996
2024-09-17 12:13:22.106000,408.6595928096834,12
2024-09-17 12:13:22.116000,408.7255463097812,1004
2024-09-17 12:13:22.192000,408.7304637536856,10
2024-09-17 12:13:22.201000,408.7264731884096,98
2024-09-17 12:13:22.215000,408.6875736735024,15
2024-09-17 12:13:22.223000,408.64781439629866,101
2024-09-17 12:13:22.296000,408.5888365724374,1004
2024-09-17 12:13:22.447000,408.6585305820447,995
2024-09-17 12:13:22.447000,408.624429008148,97
2024-09-17 12:13:22.452000,408.6671078769907,6
2024-09-17 12:13:22.543000,408.7188251627367,12
2024-09-17 12:13:22.596000,408.6786146944834,98
2024-09-17 12:13:22.635000,408.7414170065425,12
2024-09-17 12:13:22.636000,408.7101498939713,100
2024-09-17 12:13:22.703000,408.7189475881986,102
2024-09-17 12:13:22.793000,408.7271493646058,102
2024-09-17 12:13:22.841000,408.7247654165914,103
2024-09-17 12:13:22.875000,408.7183917308009,1001
2024-09-17 12:13:22.876000,408.7276465124297,1000
2024-09-17 12:13:22.925000,408.702357250395,8
2024-09-17 12:13:23.365000,408.59639667673326,13
2024-09-17 12:13:23.757000,408.5760046020072,1002
2024-09-17 12:13:23.816000,408.5751085388828,9
2024-09-17 12:13:23.819000,408.5818769975357,103
2024-09-17 12:13:23.856000,408.5934372570392,1004
2024-09-17 12:13:24.606000,408.581993276637,100
2024-09-17 12:13:25.016000,408.57458492935154,996
2024-09-17 12:13:25.063000,408.56862123442767,8
2024-09-17 12:13:25.138000,408.5897831684719,12
2024-09-17 12:13:25.163000,408.6086576494033,15
2024-09-17 12:13:25.234000,408.6069063847961,95
2024-09-17 12:13:25.252000,408.6029099087728,103
2024-09-17 12:13:25.416000,408.5406479350273,99
2024-09-17 12:13:25.425000,408.5949833574824,999
2024-09-17 12:13:25.628000,408.56321366930223,96
2024-09-17 12:13:25.693000,408.586169167371,996
2024-09-17 12:13:25.796000,408.6070276960775,1005
2024-09-17 12:13:25.875000,408.57170309066464,1001
2024-09-17 12:13:25.893000,408.6252078904287,1003
2024-09-17 12:13:25.937000,408.6137164077739,995
2024-09-17 12:13:25.959000,408.5942280156726,9
2024-09-17 12:13:25.965000,408.5621446134836,12
2024-09-17 12:13:26.136000,408.6003710381788,14
2024-09-17 12:13:26.181000,408.5824852675621,12
2024-09-17 12:13:26.287000,408.52789600169046,1000
2024-09-17 12:13:26.348000,408.5679068750241,103
2024-09-17 12:13:26.364000,408.4976911583428,7
2024-09-17 12:13:26.383000,408.5516976845964,1000
2024-09-17 12:13:26.387000,408.5144628700851,100
2024-09-17 12:13:26.399000,408.54258302576426,105
2024-09-17 12:13:26.400000,408.6015991891149,997
2024-09-17 12:13:26.433000,408.5479716759232,5
2024-09-17 12:13:26.436000,408.585352482284,8
2024-09-17 12:13:26.441000,408.5514699036362,999
2024-09-17 12:13:26.449000,408.5419062240704,1005
2024-09-17 12:13:26.479000,408.5468687697697,9
2024-09-17 12:13:26.507000,408.5264124241512,5
2024-09-17 12:13:26.541000,408.53454463159625,102
2024-09-17 12:13:26.549000,408.584306924672,13
2024-09-17 12:13:26.558000,408.58426164631015,8
2024-09-17 12:13:26.560000,408.5295428379581,105
2024-09-17 12:13:26.705000,408.5233623296143,995
2024-09-17 12:13:26.767000,408.5071296642058,1002
2024-09-17 12:13:26.771000,408.5618148024328,1002
2024-09-17 12:13:26.826000,408.51104503330384,15
2024-09-17 12:13:26.845000,408.5970035849742,96
2024-09-17 12:13:26.883000,408.5261260313636,9
2024-09-17 12:13:26.918000,408.54422554034994,13
2024-09-17 12:13:27.070000,408.5883527318266,9
2024-09-17 12:13:27.108000,408.6142311094654,13
2024-09-17 12:13:27.178000,408.6018482723889,1001
2024-09-17 12:13:27.821000,408.56967840526977,999
2024-09-17 12:13:27.891000,408.6027997351285,98
2024-09-17 12:13:28.057000,408.592388251831,95
2024-09-17 12:13:28.183000,408.5930630072378,10
2024-09-17 12:13:28.185000,408.5656254420194,9
2024-09-17 12:13:28.310000,408.5570728510825,6
2024-09-17 12:13:28.357000,408.6150856537772,998
2024-09-17 12:13:28.586000,408.61336437360455,996
2024-09-17 12:13:28.675000,408.5611247504274,1000
2024-09-17 12:13:28.764000,408.5567688678532,8
2024-09-17 12:13:28.896000,408.5678590719235,95
2024-09-17 12:13:28.956000,408.61374288918944,1004
2024-09-17 12:13:29.121000,408.5903255236527,104
2024-09-17 12:13:29.153000,408.57555257331234,105
2024-09-17 12:13:29.159000,408.5992834775115,10
2024-09-17 12:13:29.248000,408.5923355869705,995
2024-09-17 12:13:29.378000,408.6260271021288,101
2024-09-17 12:13:29.402000,408.5788972333688,95
2024-09-17 12:13:29.402000,408.5695242687472,8
2024-09-17 12:13:29.750000,408.63076557899495,1002
2024-09-17 12:13:29.799000,408.5941212443653,101
2024-09-17 12:13:29.936000,408.6191487681571,15
2024-09-17 12:13:30.054000,408.6098916655253,99
2024-09-17 12:13:30.146000,408.6059208917533,8
2024-09-17 12:13:30.865000,408.6292076426672,995
2024-09-17 12:13:31.002000,408.6375558973624,14
2024-09-17 12:13:31.280000,408.6116853806339,14
2024-09-17 12:13:31.358000,408.6088782788181,6
2024-09-17 12:13:31.444000,408.6338151567773,1001
2024-09-17 12:13:31.524000,408.6081221630784,98
2024-09-17 12:13:31.536000,408.62923452107,1004
2024-09-17 12:13:31.546000,408.5931537772023,1005
2024-09-17 12:13:31.587000,408.618190785302,101
2024-09-17 12:13:31.588000,408.622959602656,96
2024-09-17 12:13:31.589000,408.6131531946386,101
2024-09-17 12:13:31.626000,408.61373314730565,7
2024-09-17 12:13:31.656000,408.60388953472193,103
2024-09-17 12:13:31.684000,408.6133840124186,1001
2024-09-17 12:13:31.742000,408.6071493222453,12
2024-09-17 12:13:31.821000,408.6048493048212,998
2024-09-17 12:13:31.869000,408.6459358181282,10
2024-09-17 12:13:31.881000,408.62601934842417,9
2024-09-17 12:13:32.071000,408.5721171285806,100
2024-09-17 12:13:32.082000,408.5957469003142,998
2024-09-17 12:13:32.082000,408.61248075628623,5
2024-09-17 12:13:32.205000,408.5747739850193,1005
2024-09-17 12:13:32.217000,408.5792966587409,9
2024-09-17 12:13:32.220000,408.59345239036793,102
2024-09-17 12:13:32.226000,408.6064119654194,7
2024-09-17 12:13:32.246000,408.5873452157012,96
2024-09-17 12:13:32.271000,408.6150704154584,6
2024-09-17 12:13:32.299000,408.5899428584707,98
2024-09-17 12:13:32.305000,408.5703539493175,996
2024-09-17 12:13:32.363000,408.57516340256376,1001
2024-09-17 12:13:32.383000,408.6022256137367,95
2024-09-17 12:13:32.406000,408.5875173804736,100
2024-09-17 12:13:32.474000,408.5794567445985,1000
2024-09-17 12:13:32.487000,408.57903308861626,1002
2024-09-17 12:13:32.523000,408.58732963195433,6
2024-09-17 12:13:32.545000,408.5654934953759,1001
2024-09-17 12:13:32.550000,408.6011595820437,999
2024-09-17 12:13:32.563000,408.5860343694585,100
2024-09-17 12:13:32.668000,408.61757793573054,10
2024-09-17 12:13:32.680000,408.5844459839885,95
2024-09-17 12:13:32.684000,408.59629925362,14
2024-09-17 12:13:32.685000,408.5556682075754,105
2024-09-17 12:13:32.757000,408.5739340236888,95
2024-09-17 12:13:32.784000,408.5769972233108,7
2024-09-17 12:13:32.844000,408.5651717309273,995
2024-09-17 12:13:32.983000,408.5852797682308,102
2024-09-17 12:13:33.024000,408.64765628080943,105
2024-09-17 12:13:33.061000,408.57925313902496,999
2024-09-17 12:13:33.174000,408.6627809149122,997
2024-09-17 12:13:33.242000,408.66563520039466,997
2024-09-17 12:13:33.293000,408.6861072624898,13
2024-09-17 12:13:33.369000,408.55771544755686,102
2024-09-17 12:13:33.419000,408.6766548112323,997
2024-09-17 12:13:33.420000,408.6391302003649,103
2024-09-17 12:13:33.748000,408.65176267457946,997
2024-09-17 12:13:33.754000,408.5555643539699,13
2024-09-17 12:13:33.764000,408.66550331809566,999
2024-09-17 12:13:33.800000,408.57838117779386,97
2024-09-17 12:13:33.851000,408.6127678275673,104
2024-09-17 12:13:33.886000,408.6469972135732,1005
2024-09-17 12:13:33.935000,408.59043530039327,103
2024-09-17 12:13:34.010000,408.5927635982287,98
2024-09-17 12:13:34.018000,408.6625229820386,1004
2024-09-17 12:13:34.054000,408.5895000881163,100
2024-09-17 12:13:34.070000,408.5968487889045,99
2024-09-17 12:13:34.164000,408.6082344627909,95
2024-09-17 12:13:34.178000,408.6373775829174,100
2024-09-17 12:13:34.256000,408.57123706157273,8
2024-09-17 12:13:34.287000,408.5757969912944,96
2024-09-17 12:13:34.293000,408.6382244705388,15
2024-09-17 12:13:34.374000,408.594022857221,997
2024-09-17 12:13:34.393000,408.62679122739246,1005
2024-09-17 12:13:34.427000,408.6334665312368,1001
2024-09-17 12:13:34.435000,408.6523078346916,11
2024-09-17 12:13:34.453000,408.62916174749967,11
2024-09-17 12:13:34.458000,408.5722021125859,9
2024-09-17 12:13:34.474000,408.6649145349828,8
2024-09-17 12:13:34.517000,408.6274163262785,999
2024-09-17 12:13:34.529000,408.6662344766005,15
2024-09-17 12:13:34.581000,408.62011190842406,995
2024-09-17 12:13:34.584000,408.6514588838951,95
2024-09-17 12:13:34.648000,408.5574042338857,1000
2024-09-17 12:13:34.701000,408.5676832428898,1000
2024-09-17 12:13:34.711000,408.5850149253194,15
2024-09-17 12:13:34.737000,408.5719451723725,997
2024-09-17 12:13:34.965000,408.5598861477226,998
2024-09-17 12:13:34.996000,408.58016408043096,1004
2024-09-17 12:13:35.203000,408.58197850328247,1001
2024-09-17 12:13:35.548000,408.5784371307941,102
2024-09-17 12:13:35.705000,408.5879512702445,995
2024-09-17 12:13:36.041000,408.62451015217897,999
2024-09-17 12:13:36.095000,408.5665060732151,997
2024-09-17 12:13:36.101000,408.5840867467134,7
2024-09-17 12:13:36.102000,408.5486746173255,14
2024-09-17 12:13:36.186000,408.5541774358552,101
2024-09-17 12:13:36.344000,408.59922804244974,95
2024-09-17 12:13:36.348000,408.5745945615527,95
2024-09-17 12:13:36.353000,408.6054610382306,12
2024-09-17 12:13:36.479000,408.5773471559388,98
2024-09-17 12:13:36.492000,408.5807928140245,100
2024-09-17 12:13:36.576000,408.5758006511,98
2024-09-17 12:13:36.637000,408.5820718338617,8
2024-09-17 12:13:36.662000,408.5870379512789,14
2024-09-17 12:13:36.665000,408.647718230852,1002
2024-09-17 12:13:36.670000,408.54559603904994,96
2024-09-17 12:13:36.673000,408.5969830299157,1000
2024-09-17 12:13:36.833000,408.5653871448991,96
2024-09-17 12:13:36.844000,408.5332922691507,1004
2024-09-17 12:13:36.883000,408.58945595033725,14
2024-09-17 12:13:36.891000,408.5865499026742,9
2024-09-17 12:13:36.896000,408.5496732123815,13
2024-09-17 12:13:36.910000,408.5967078387755,98
2024-09-17 12:13:36.951000,408.59613741673263,14
2024-09-17 12:13:37.032000,408.65680328112666,10
2024-09-17 12:13:37.053000,408.6885198757913,11
2024-09-17 12:13:37.099000,408.6899361288516,1003
2024-09-17 12:13:37.118000,408.679892969121,997
2024-09-17 12:13:37.123000,408.6741441853813,7
2024-09-17 12:13:37.193000,408.680321085312,1003
2024-09-17 12:13:37.203000,408.6648502080813,1002
2024-09-17 12:13:37.277000,408.65657495751066,102
2024-09-17 12:13:37.280000,408.67998493357896,1005
2024-09-17 12:13:37.335000,408.6891722613417,1000
2024-09-17 12:13:37.359000,408.6536870168063,11
2024-09-17 12:13:37.420000,408.69101260936014,5
2024-09-17 12:13:37.492000,408.68315210616936,102
2024-09-17 12:13:37.582000,408.68894119064544,97
2024-09-17 12:13:37.669000,408.6687950943517,1002
2024-09-17 12:13:37.698000,408.6926071079344,998
2024-09-17 12:13:37.744000,408.6445679392317,5
2024-09-17 12:13:37.758000,408.6632059398695,101
2024-09-17 12:13:37.767000,408.6507680172406,14
2024-09-17 12:13:37.773000,408.64440754659216,10
2024-09-17 12:13:37.774000,408.6965201974885,998
2024-09-17 12:13:37.784000,408.6817756589628,9
2024-09-17 12:13:37.790000,408.68012845568177,13
2024-09-17 12:13:37.844000,408.6497469975032,99
2024-09-17 12:13:37.874000,408.6630286902227,6
2024-09-17 12:13:37.904000,408.6302058966036,13
2024-09-17 12:13:38.036000,408.63662909512686,95
2024-09-17 12:13:38.182000,408.60935249728055,97
2024-09-17 12:13:38.190000,408.5865054509965,1003
2024-09-17 12:13:38.249000,408.641058608028,97
2024-09-17 12:13:38.265000,408.5812037807239,1000
2024-09-17 12:13:38.275000,408.620312464518,13
2024-09-17 12:13:38.281000,408.6058622849218,1005
2024-09-17 12:13:38.320000,408.58258809942726,998
2024-09-17 12:13:38.348000,408.59354219553154,5
2024-09-17 12:13:38.391000,408.5807752410652,99
2024-09-17 12:13:38.392000,408.6073576669785,1001
2024-09-17 12:13:38.405000,408.6592250280762,97
2024-09-17 12:13:38.412000,408.6421752892349,100
2024-09-17 12:13:38.414000,408.59599960529744,104
2024-09-17 12:13:38.505000,408.58134834755816,102
2024-09-17 12:13:38.557000,408.6449238855838,1000
2024-09-17 12:13:38.619000,408.5985974924824,13
2024-09-17 12:13:38.647000,408.57060320973545,1000
2024-09-17 12:13:38.650000,408.585956684636,995
2024-09-17 12:13:38.650000,408.5787039913764,9
2024-09-17 12:13:38.690000,408.6326097241284,999
2024-09-17 12:13:38.766000,408.5778944808227,995
2024-09-17 12:13:38.798000,408.58241285998633,100
2024-09-17 12:13:38.837000,408.6221126491169,96
2024-09-17 12:13:38.869000,408.5971311853462,995
2024-09-17 12:13:38.872000,408.6082815733442,95
2024-09-17 12:13:38.872000,408.607258508044,8
2024-09-17 12:13:38.974000,408.6186047029203,6
2024-09-17 12:13:38.982000,408.62373055867033,997
2024-09-17 12:13:39.234000,408.5768634003294,1001
2024-09-17 12:13:39.333000,408.5612010532392,95
2024-09-17 12:13:39.388000,408.5698029968567,105
2024-09-17 12:13:39.527000,408.5716783720962,7
2024-09-17 12:13:39.590000,408.5453643865474,9
2024-09-17 12:13:39.867000,408.5814694310262,12
2024-09-17 12:13:40.005000,408.4897178797104,100
2024-09-17 12:13:40.064000,408.419472345622,7
2024-09-17 12:13:40.123000,408.5259042052509,1003
2024-09-17 12:13:40.136000,408.45294781923366,95
2024-09-17 12:13:40.207000,408.5029023944358,5
2024-09-17 12:13:40.251000,408.4694630819485,999
2024-09-17 12:13:40.284000,408.5150250889365,104
2024-09-17 12:13:40.335000,408.5562848112446,15
2024-09-17 12:13:40.359000,408.5414896368184,103
2024-09-17 12:13:40.398000,408.50758994019,97
2024-09-17 12:13:40.482000,408.4607972685748,1000
2024-09-17 12:13:40.509000,408.55031723325226,14
2024-09-17 12:13:40.622000,408.4903647712719,96
2024-09-17 12:13:40.635000,408.42829517692695,7
2024-09-17 12:13:40.737000,408.4711374715293,100
2024-09-17 12:13:40.811000,408.4086520347603,1003
2024-09-17 12:13:40.830000,408.4184712466793,1005
2024-09-17 12:13:40.857000,408.433258953644,105
2024-09-17 12:13:40.919000,408.5287471632527,101
2024-09-17 12:13:40.942000,408.5016302039605,9
2024-09-17 12:13:40.992000,408.4441106732214,98
2024-09-17 12:13:40.998000,408.45497858937193,5
2024-09-17 12:13:40.998000,408.4935602674032,100
2024-09-17 12:13:41.019000,408.35635236281695,97
2024-09-17 12:13:41.028000,408.3439932213953,13
2024-09-17 12:13:41.041000,408.3672855863326,997
2024-09-17 12:13:41.096000,408.3353086738098,10
2024-09-17 12:13:41.174000,408.3461201666542,15
2024-09-17 12:13:41.204000,408.39152899592,103
2024-09-17 12:13:41.280000,408.3505629523817,5
2024-09-17 12:13:41.366000,408.3592043704027,98
2024-09-17 12:13:41.534000,408.3675242984488,15
2024-09-17 12:13:41.655000,408.3338286847829,10
2024-09-17 12:13:41.660000,408.3512644287272,98
2024-09-17 12:13:41.670000,408.40322460228737,1001
2024-09-17 12:13:41.807000,408.356061564375,7
2024-09-17 12:13:41.925000,408.35027776070194,99
2024-09-17 12:13:41.997000,408.3390796504111,11
2024-09-17 12:13:42.003000,408.3452352658309,104
2024-09-17 12:13:42.061000,408.3682178774817,1005
2024-09-17 12:13:42.103000,408.3905340944961,5
2024-09-17 12:13:42.144000,408.3874925348915,6
2024-09-17 12:13:42.207000,408.3622254211769,105
2024-09-17 12:13:42.254000,408.3823760384191,1001
2024-09-17 12:13:42.375000,408.3863257770293,99
2024-09-17 12:13:42.542000,408.3699854851967,5
2024-09-17 12:13:42.618000,408.3472915591254,1005
2024-09-17 12:13:42.674000,408.3802145103891,104
2024-09-17 12:13:42.676000,408.3882984620452,998
2024-09-17 12:13:42.725000,408.3601134760568,102
2024-09-17 12:13:42.752000,408.3519569986573,103
2024-09-17 12:13:43.178000,408.3524638814616,1003
2024-09-17 12:13:43.322000,408.3516934703309,14
2024-09-17 12:13:43.582000,408.3790653751991,996
2024-09-17 12:13:43.761000,408.3291729336669,11
2024-09-17 12:13:45.061000,408.3666772906456,104
2024-09-17 12:13:45.079000,408.3492167879689,7
2024-09-17 12:13:45.144000,408.3400858332847,8
2024-09-17 12:13:45.192000,408.3353103881733,98
2024-09-17 12:13:45.269000,408.3652530561088,1001
2024-09-17 12:13:45.280000,408.350733073204,7
2024-09-17 12:13:45.310000,408.3332924332473,1001
2024-09-17 12:13:45.345000,408.3675118467475,5
2024-09-17 12:13:45.355000,408.35612529410287,7
2024-09-17 12:13:45.403000,408.32254065252215,105
2024-09-17 12:13:45.434000,408.3302168265853,104
2024-09-17 12:13:45.449000,408.32475694354497,1000
2024-09-17 12:13:45.655000,408.3724781564585,98
2024-09-17 12:13:45.883000,408.3636418729463,97
2024-09-17 12:13:45.911000,408.314906968319,15
2024-09-17 12:13:45.955000,408.3660057974191,14
2024-09-17 12:13:45.985000,408.336825168289,6
2024-09-17 12:13:45.988000,408.3198336447213,99
2024-09-17 12:13:46.015000,408.3574670580496,12
2024-09-17 12:13:46.023000,408.3442235459883,6
2024-09-17 12:13:46.023000,408.33443025173926,7
2024-09-17 12:13:46.040000,408.3658636638686,1001
2024-09-17 12:13:46.225000,408.3326123149934,15
2024-09-17 12:13:46.237000,408.36557800885,98
2024-09-17 12:13:46.246000,408.3461737147846,1001
2024-09-17 12:13:46.285000,408.36866925761706,13
2024-09-17 12:13:46.307000,408.3731368741748,105
2024-09-17 12:13:46.331000,408.35038444026026,15
2024-09-17 12:13:46.354000,408.3734494712787,98
2024-09-17 12:13:46.356000,408.348900148856,1005
2024-09-17 12:13:46.603000,408.3802262086095,104
2024-09-17 12:13:46.697000,408.3658157519076,999
2024-09-17 12:13:46.710000,408.3548385107548,995
2024-09-17 12:13:46.787000,408.3714417420255,5
2024-09-17 12:13:46.833000,408.3404230286364,98
2024-09-17 12:13:46.835000,408.3816358399012,14
2024-09-17 12:13:46.867000,408.33731439827096,102
2024-09-17 12:13:46.875000,408.34509455220416,1001
2024-09-17 12:13:46.882000,408.3444261188075,996
2024-09-17 12:13:47.004000,408.4097775589779,100
2024-09-17 12:13:47.019000,408.4145828794901,5
2024-09-17 12:13:47.075000,408.3926142491161,7
2024-09-17 12:13:47.157000,408.4043746173143,101
2024-09-17 12:13:47.315000,408.40055132410487,5
2024-09-17 12:13:47.337000,408.3710800785385,95
2024-09-17 12:13:47.360000,408.3823198801475,1000
2024-09-17 12:13:47.374000,408.40226116161983,10
2024-09-17 12:13:47.377000,408.4149565591032,102
2024-09-17 12:13:47.419000,408.3929807002391,98
2024-09-17 12:13:47.433000,408.3837101941283,95
2024-09-17 12:13:47.457000,408.4082800059676,1002
2024-09-17 12:13:47.477000,408.41109681842096,95
2024-09-17 12:13:47.496000,408.4105531261396,100
2024-09-17 12:13:47.516000,408.3690794447859,6
2024-09-17 12:13:47.532000,408.3949071323988,996
2024-09-17 12:13:47.587000,408.3973157348465,997
2024-09-17 12:13:47.622000,408.4013443099219,998
2024-09-17 12:13:47.856000,408.40715193491735,104
2024-09-17 12:13:47.875000,408.3897720826062,1005
2024-09-17 12:13:48.227000,408.3821744453995,995
2024-09-17 12:13:48.237000,408.3585466276339,1002
2024-09-17 12:13:48.322000,408.3616500478185,1004
2024-09-17 12:13:48.373000,408.3886076847425,103
2024-09-17 12:13:48.389000,408.3562422503017,11
2024-09-17 12:13:48.495000,408.3900200052319,6
2024-09-17 12:13:48.704000,408.3697379556277,104
2024-09-17 12:13:48.884000,408.37400969236353,11
2024-09-17 12:13:49.004000,408.425439275294,8
2024-09-17 12:13:49.140000,408.3429588120204,13
2024-09-17 12:13:49.154000,408.4293761984128,14
2024-09-17 12:13:49.173000,408.43897567105256,7
2024-09-17 12:13:49.186000,408.3663944030244,10
2024-09-17 12:13:49.217000,408.3905841871489,101
2024-09-17 12:13:49.219000,408.43919928885055,95
2024-09-17 12:13:49.255000,408.4541893558826,8
2024-09-17 12:13:49.285000,408.36554827607466,14
2024-09-17 12:13:49.296000,408.4065441815901,1001
2024-09-17 12:13:49.330000,408.449815989482,996
2024-09-17 12:13:49.344000,408.3608606156436,11
2024-09-17 12:13:49.501000,408.4094016726132,998
2024-09-17 12:13:49.532000,408.3823626165103,15
2024-09-17 12:13:49.537000,408.3669441881183,97
2024-09-17 12:13:49.614000,408.3928492907645,998
2024-09-17 12:13:49.614000,408.4434750179546,8
2024-09-17 12:13:49.675000,408.3777440651312,101
2024-09-17 12:13:49.710000,408.3780804327555,996
2024-09-17 12:13:49.723000,408.3899902473274,96
2024-09-17 12:13:49.882000,408.4284639790149,997
2024-09-17 12:13:49.936000,408.334127999282,105
2024-09-17 12:13:49.990000,408.36582928752495,1005
2024-09-17 12:13:49.991000,408.4630903460892,1004
2024-09-17 12:13:49.994000,408.3528205712031,998
2024-09-17 12:13:50.012000,408.40471987233576,1001
2024-09-17 12:13:50.073000,408.3798772313648,101
2024-09-17 12:13:50.075000,408.4141355714031,101
2024-09-17 12:13:50.094000,408.4017393967084,6
2024-09-17 12:13:50.133000,408.4496062928631,13
2024-09-17 12:13:50.234000,408.3898179318675,104
2024-09-17 12:13:50.253000,408.3726594533327,999
2024-09-17 12:13:50.276000,408.38335984592686,10
2024-09-17 12:13:50.280000,408.3914916029331,999
2024-09-17 12:13:50.448000,408.3919950082248,995
2024-09-17 12:13:50.459000,408.370899974756,1004
2024-09-17 12:13:50.468000,408.4220567286756,102
2024-09-17 12:13:50.597000,408.4085436648464,995
2024-09-17 12:13:50.599000,408.42814566838,1000
2024-09-17 12:13:50.620000,408.4201841366604,1001
2024-09-17 12:13:50.624000,408.3827513657873,11
2024-09-17 12:13:50.641000,408.39321883339255,15
2024-09-17 12:13:50.654000,408.3931701577811,1003
2024-09-17 12:13:50.677000,408.38858910230266,14
2024-09-17 12:13:50.712000,408.3964666435643,97
2024-09-17 12:13:50.736000,408.3714093349657,8
2024-09-17 12:13:50.736000,408.4229416408133,1000
2024-09-17 12:13:50.770000,408.38164015858166,1002
2024-09-17 12:13:50.880000,408.3752448370988,6
2024-09-17 12:13:50.928000,408.3931327522093,1005
2024-09-17 12:13:50.951000,408.3994292330903,95
2024-09-17 12:13:50.957000,408.4144867962522,997
2024-09-17 12:13:50.977000,408.3881945035973,103
2024-09-17 12:13:51.001000,408.3609189760097,105
2024-09-17 12:13:51.031000,408.3631601006187,8
2024-09-17 12:13:51.070000,408.3819572549874,105
2024-09-17 12:13:51.076000,408.387334344854,12
2024-09-17 12:13:51.113000,408.3777294863463,1001
2024-09-17 12:13:51.155000,408.34621125915606,98
2024-09-17 12:13:51.178000,408.36725812299255,1000
2024-09-17 12:13:51.248000,408.3604801594695,1002
2024-09-17 12:13:51.329000,408.3806906109558,102
2024-09-17 12:13:51.469000,408.39112853151846,5
2024-09-17 12:13:51.487000,408.3774399224325,13
2024-09-17 12:13:51.537000,408.379240462228,5
2024-09-17 12:13:51.601000,408.36151338121806,1002
2024-09-17 12:13:51.680000,408.3797568376028,7
2024-09-17 12:13:51.773000,408.36977783112536,6
2024-09-17 12:13:51.808000,408.3689508058801,12
2024-09-17 12:13:51.822000,408.3715625854695,1002
2024-09-17 12:13:51.840000,408.3979113794386,10
2024-09-17 12:13:51.869000,408.3800733583357,101
2024-09-17 12:13:51.975000,408.35254553939,10
2024-09-17 12:13:52.172000,408.3680604671085,11
2024-09-17 12:13:52.421000,408.3496114514662,1002
2024-09-17 12:13:52.495000,408.3652352321847,1001
2024-09-17 12:13:53.075000,408.3903323134837,14
2024-09-17 12:13:53.180000,408.3882335692315,5
2024-09-17 12:13:53.201000,408.4052911705179,5
2024-09-17 12:13:53.301000,408.4109818932085,1000
2024-09-17 12:13:53.308000,408.3801099274465,104
2024-09-17 12:13:53.311000,408.3883550898452,97
2024-09-17 12:13:53.424000,408.4013963271497,7
2024-09-17 12:13:53.437000,408.39768202176055,996
2024-09-17 12:13:53.438000,408.3989121928021,96
2024-09-17 12:13:53.441000,408.3942773009948,999
2024-09-17 12:13:53.501000,408.3935925322148,10
2024-09-17 12:13:53.550000,408.3929826573817,15
2024-09-17 12:13:53.594000,408.402539644971,1003
2024-09-17 12:13:53.639000,408.39778467010825,102
2024-09-17 12:13:53.673000,408.3840633783386,997
2024-09-17 12:13:53.770000,408.3984733186268,95
2024-09-17 12:13:53.798000,408.3889785342652,97
2024-09-17 12:13:53.811000,408.3924345454435,99
2024-09-17 12:13:53.866000,408.4085737272814,1000
2024-09-17 12:13:53.942000,408.4080608574377,1002
2024-09-17 12:13:54.007000,408.3891988044648,7
2024-09-17 12:13:54.012000,408.3918942330955,5
2024-09-17 12:13:54.031000,408.3645347230124,13
2024-09-17 12:13:54.087000,408.3740873053652,1001
2024-09-17 12:13:54.101000,408.3926028329562,97
2024-09-17 12:13:54.104000,408.32912883849934,10
2024-09-17 12:13:54.120000,408.3823717851855,103
2024-09-17 12:13:54.174000,408.4004239677957,997
2024-09-17 12:13:54.246000,408.3226771326027,1000
2024-09-17 12:13:54.283000,408.3760862111595,15
2024-09-17 12:13:54.403000,408.37655821166265,95
2024-09-17 12:13:54.405000,408.3846432548612,999
2024-09-17 12:13:54.421000,408.32032192066185,97
2024-09-17 12:13:54.470000,408.34445252783615,7
2024-09-17 12:13:54.480000,408.3571664414209,100
2024-09-17 12:13:54.483000,408.4039347608696,997
2024-09-17 12:13:54.535000,408.353158986158,1003
2024-09-17 12:13:54.624000,408.4070990087129,99
2024-09-17 12:13:54.652000,408.3533685939892,5
2024-09-17 12:13:54.676000,408.3275689528745,96
2024-09-17 12:13:54.781000,408.3168111184172,95
2024-09-17 12:13:54.790000,408.4004285849534,1004
2024-09-17 12:13:54.791000,408.390425729594,996
2024-09-17 12:13:54.811000,408.3274410327955,10
2024-09-17 12:13:54.945000,408.33593300061455,12
2024-09-17 12:13:54.952000,408.3375890167536,103
2024-09-17 12:13:55.013000,408.354067124929,99
2024-09-17 12:13:55.319000,408.3502717579004,1005
2024-09-17 12:13:55.449000,408.3313965917674,7
2024-09-17 12:13:55.503000,408.3450264034036,11
2024-09-17 12:13:55.539000,408.3482214940189,11
2024-09-17 12:13:56.803000,408.3292532333005,1003
2024-09-17 12:13:56.896000,408.3531187790245,104
2024-09-17 12:13:57.153000,408.3616476825036,1004
2024-09-17 12:13:57.231000,408.3580709037644,99
2024-09-17 12:13:57.469000,408.3670828113952,103
2024-09-17 12:13:57.657000,408.35693190195104,99
2024-09-17 12:13:57.908000,408.3640302396704,105
2024-09-17 12:13:58.027000,408.34339921381365,1001
2024-09-17 12:13:58.107000,408.3579812463671,7
2024-09-17 12:13:58.320000,408.35133560447457,8
2024-09-17 12:13:58.427000,408.36831479129984,1004
2024-09-17 12:13:58.438000,408.3537462709685,1003
2024-09-17 12:13:58.684000,408.3565444928416,12
2024-09-17 12:13:58.932000,408.3673157479273,96
2024-09-17 12:13:59.014000,408.3720818071944,97
2024-09-17 12:13:59.170000,408.4296332733063,8
2024-09-17 12:13:59.184000,408.4201358789665,98
2024-09-17 12:13:59.298000,408.3429009850547,105
2024-09-17 12:13:59.309000,408.4184163464771,103
2024-09-17 12:13:59.334000,408.418288455733,1002
2024-09-17 12:13:59.399000,408.4147778822497,5
2024-09-17 12:13:59.412000,408.3553141651609,1004
2024-09-17 12:13:59.414000,408.4332639274972,997
2024-09-17 12:13:59.450000,408.4343337283622,996
2024-09-17 12:13:59.467000,408.36687566806086,998
2024-09-17 12:13:59.481000,408.4261614679454,998
2024-09-17 12:13:59.550000,408.42700537225807,1000
2024-09-17 12:13:59.558000,408.35819336029215,1001
2024-09-17 12:13:59.660000,408.35869032858193,1000
2024-09-17 12:13:59.701000,408.4131147692373,1002
2024-09-17 12:13:59.728000,408.3510699019016,13
2024-09-17 12:13:59.791000,408.4066857126241,998
2024-09-17 12:13:59.798000,408.3432583892007,103
2024-09-17 12:13:59.808000,408.4247251530072,1000
2024-09-17 12:13:59.830000,408.3548061908667,104
2024-09-17 12:13:59.854000,408.36956976615545,995
2024-09-17 12:13:59.870000,408.4396458565965,95
2024-09-17 12:13:59.969000,408.42444232654987,104
2024-09-17 12:13:59.969000,408.38445155082326,996
2024-09-17 12:13:59.981000,408.3311043724058,999
2024-09-17 12:13:59.988000,408.4315600780741,13
