Timestamp,Price,Size
2024-09-18 13:31:00,416.54764854110607,104
2024-09-18 13:31:00.090000,416.51460800749385,1005
2024-09-18 13:31:00.147000,416.5424317957219,102
2024-09-18 13:31:00.219000,416.6060201713057,6
2024-09-18 13:31:00.230000,416.53762107512176,7
2024-09-18 13:31:00.236000,416.5608946625224,103
2024-09-18 13:31:00.246000,416.56094971704965,1004
2024-09-18 13:31:00.290000,416.5617099934177,97
2024-09-18 13:31:00.331000,416.5549990977088,997
2024-09-18 13:31:00.376000,416.5593410507764,104
2024-09-18 13:31:00.378000,416.5974149305944,1002
2024-09-18 13:31:00.390000,416.5408288050815,102
2024-09-18 13:31:00.496000,416.5860316876594,1004
2024-09-18 13:31:00.522000,416.560960441548,997
2024-09-18 13:31:00.544000,416.5573382658322,97
2024-09-18 13:31:00.690000,416.535688932334,103
2024-09-18 13:31:00.738000,416.5907801619451,105
2024-09-18 13:31:00.742000,416.5778364335,1001
2024-09-18 13:31:00.745000,416.5880702782815,99
2024-09-18 13:31:00.763000,416.5830690173029,8
2024-09-18 13:31:00.824000,416.54193134617145,98
2024-09-18 13:31:00.885000,416.5392145454276,1002
2024-09-18 13:31:00.914000,416.5811888897411,12
2024-09-18 13:31:00.924000,416.5534227721036,95
2024-09-18 13:31:00.947000,416.53856078735794,100
2024-09-18 13:31:01.041000,416.5342252891742,5
2024-09-18 13:31:01.126000,416.5299336943575,14
2024-09-18 13:31:01.133000,416.5305298135093,96
2024-09-18 13:31:02.124000,416.5170416716945,15
2024-09-18 13:31:02.393000,416.5327461406691,14
2024-09-18 13:31:02.502000,416.53250142901805,1004
2024-09-18 13:31:02.884000,416.51992246301023,1005
2024-09-18 13:31:03.190000,416.5346118580213,1003
2024-09-18 13:31:03.257000,416.5589073365685,1003
2024-09-18 13:31:03.580000,416.5348483742317,996
2024-09-18 13:31:04.097000,416.50933209028136,996
2024-09-18 13:31:04.122000,416.52212162911206,1000
2024-09-18 13:31:04.192000,416.52856143459024,105
2024-09-18 13:31:04.341000,416.55572960996017,102
2024-09-18 13:31:04.444000,416.52396989902667,1004
2024-09-18 13:31:04.599000,416.5276932863935,96
2024-09-18 13:31:04.656000,416.5363517403695,15
2024-09-18 13:31:04.785000,416.5300520488535,96
2024-09-18 13:31:04.818000,416.53370294646186,997
2024-09-18 13:31:04.838000,416.562056718874,99
2024-09-18 13:31:04.852000,416.5298975476761,995
2024-09-18 13:31:04.863000,416.53955652836754,102
2024-09-18 13:31:05.046000,416.4863292082858,12
2024-09-18 13:31:05.089000,416.5002639154698,99
2024-09-18 13:31:05.357000,416.5106112557722,96
2024-09-18 13:31:05.714000,416.505422393109,13
2024-09-18 13:31:05.726000,416.5158427802495,12
2024-09-18 13:31:05.862000,416.5100174379077,102
2024-09-18 13:31:05.971000,416.5247764135543,5
2024-09-18 13:31:06.110000,416.5421100664162,100
2024-09-18 13:31:06.163000,416.5243681109657,1005
2024-09-18 13:31:06.175000,416.5337531680198,11
2024-09-18 13:31:06.227000,416.537434231556,999
2024-09-18 13:31:06.244000,416.5124712669896,95
2024-09-18 13:31:06.286000,416.5171872036398,1005
2024-09-18 13:31:06.360000,416.5062811446825,11
2024-09-18 13:31:06.371000,416.510549284869,5
2024-09-18 13:31:06.373000,416.5098919285657,10
2024-09-18 13:31:06.379000,416.4967340697022,99
2024-09-18 13:31:06.399000,416.5081821302073,999
2024-09-18 13:31:06.442000,416.518678980767,1004
2024-09-18 13:31:06.471000,416.4939550592092,14
2024-09-18 13:31:06.473000,416.51704317848953,101
2024-09-18 13:31:06.497000,416.521964257509,9
2024-09-18 13:31:06.533000,416.5131253794535,8
2024-09-18 13:31:06.559000,416.5401055097731,1001
2024-09-18 13:31:06.606000,416.513766520058,98
2024-09-18 13:31:06.611000,416.4988986768102,102
2024-09-18 13:31:06.614000,416.4905737270816,14
2024-09-18 13:31:06.710000,416.49271745543984,15
2024-09-18 13:31:06.715000,416.5042395201803,997
2024-09-18 13:31:06.722000,416.5042620755095,6
2024-09-18 13:31:06.747000,416.4988077925881,96
2024-09-18 13:31:06.832000,416.5014699076104,6
2024-09-18 13:31:06.908000,416.5066726131247,996
2024-09-18 13:31:06.956000,416.5147633565306,1003
2024-09-18 13:31:07.068000,416.5288023230459,5
2024-09-18 13:31:07.095000,416.53793626230026,1002
2024-09-18 13:31:07.133000,416.5043668751526,101
2024-09-18 13:31:07.143000,416.5335794099342,8
2024-09-18 13:31:07.157000,416.53900803763895,1004
2024-09-18 13:31:07.319000,416.5397333371049,105
2024-09-18 13:31:07.382000,416.5169142064496,105
2024-09-18 13:31:07.387000,416.5175912670647,102
2024-09-18 13:31:07.420000,416.5072124433798,105
2024-09-18 13:31:07.422000,416.519994542263,13
2024-09-18 13:31:07.465000,416.5172091972053,997
2024-09-18 13:31:07.575000,416.5231588423236,1000
2024-09-18 13:31:07.615000,416.5242012114391,7
2024-09-18 13:31:07.631000,416.507915090937,6
2024-09-18 13:31:07.635000,416.53756270183936,15
2024-09-18 13:31:07.675000,416.5359717786369,1004
2024-09-18 13:31:07.690000,416.5283438032728,102
2024-09-18 13:31:07.821000,416.51238881235753,1001
2024-09-18 13:31:07.887000,416.5159684855044,1005
2024-09-18 13:31:07.895000,416.5144915730689,998
2024-09-18 13:31:08.039000,416.50817670243634,100
2024-09-18 13:31:08.129000,416.4853136422592,1002
2024-09-18 13:31:08.189000,416.48427849971824,102
2024-09-18 13:31:08.299000,416.55904298072846,1004
2024-09-18 13:31:08.301000,416.5107812389807,97
2024-09-18 13:31:08.502000,416.5500231623848,95
2024-09-18 13:31:08.569000,416.55358935998936,1000
2024-09-18 13:31:08.698000,416.527496921391,15
2024-09-18 13:31:08.730000,416.4889230943717,1000
2024-09-18 13:31:08.753000,416.5518658898748,98
2024-09-18 13:31:08.861000,416.50302183218594,7
2024-09-18 13:31:08.957000,416.54397567494334,12
2024-09-18 13:31:08.963000,416.5124371243156,10
2024-09-18 13:31:09.124000,416.5145399153071,9
2024-09-18 13:31:09.125000,416.51071031005097,996
2024-09-18 13:31:09.330000,416.54745306959165,12
2024-09-18 13:31:09.374000,416.5128741929085,999
2024-09-18 13:31:09.410000,416.5183207674393,1002
2024-09-18 13:31:09.419000,416.50873985249615,102
2024-09-18 13:31:09.479000,416.5069305674583,15
2024-09-18 13:31:09.572000,416.50130925649154,101
2024-09-18 13:31:09.617000,416.552177049168,5
2024-09-18 13:31:09.627000,416.52101718614006,9
2024-09-18 13:31:09.800000,416.5164311080226,15
2024-09-18 13:31:09.856000,416.5341677758165,101
2024-09-18 13:31:09.966000,416.5379985043565,8
2024-09-18 13:31:09.967000,416.51745802113135,13
2024-09-18 13:31:10.018000,416.3828084238589,997
2024-09-18 13:31:10.059000,416.4388763355453,7
2024-09-18 13:31:10.060000,416.4703351183771,97
2024-09-18 13:31:10.067000,416.3769930293065,98
2024-09-18 13:31:10.075000,416.5162505049599,1004
2024-09-18 13:31:10.165000,416.4028611109183,7
2024-09-18 13:31:10.191000,416.4558909687118,1000
2024-09-18 13:31:10.199000,416.3879048555775,998
2024-09-18 13:31:10.199000,416.464037561943,102
2024-09-18 13:31:10.258000,416.3800514811457,98
2024-09-18 13:31:10.267000,416.36541035363257,99
2024-09-18 13:31:10.273000,416.4467182012901,1005
2024-09-18 13:31:10.320000,416.38052166500097,95
2024-09-18 13:31:10.368000,416.4832433772548,105
2024-09-18 13:31:10.482000,416.4542708042113,98
2024-09-18 13:31:10.489000,416.4570937783592,97
2024-09-18 13:31:10.530000,416.3798601643293,10
2024-09-18 13:31:10.633000,416.4584134601679,11
2024-09-18 13:31:10.658000,416.36376455411926,96
2024-09-18 13:31:10.737000,416.44566036839456,999
2024-09-18 13:31:10.779000,416.3905821561697,15
2024-09-18 13:31:10.795000,416.3767228565244,98
2024-09-18 13:31:10.797000,416.4372439346594,6
2024-09-18 13:31:10.832000,416.4623908883567,8
2024-09-18 13:31:10.858000,416.49794921052944,10
2024-09-18 13:31:10.883000,416.4703276282468,14
2024-09-18 13:31:10.895000,416.36774918277024,1001
2024-09-18 13:31:10.928000,416.4259668686122,5
2024-09-18 13:31:10.965000,416.3693472367052,998
2024-09-18 13:31:10.969000,416.3963177190931,5
2024-09-18 13:31:11.008000,416.3347285244058,999
2024-09-18 13:31:11.024000,416.3567187276755,14
2024-09-18 13:31:11.083000,416.35905571000205,10
2024-09-18 13:31:11.100000,416.3408864508172,13
2024-09-18 13:31:11.148000,416.34092057515136,98
2024-09-18 13:31:11.187000,416.331537519559,1001
2024-09-18 13:31:11.215000,416.33585794578704,100
2024-09-18 13:31:11.322000,416.3124527750289,98
2024-09-18 13:31:11.326000,416.3537948392448,9
2024-09-18 13:31:11.341000,416.3498957570323,101
2024-09-18 13:31:11.378000,416.3420648354246,8
2024-09-18 13:31:11.469000,416.34696314667184,5
2024-09-18 13:31:11.477000,416.3508430739424,11
2024-09-18 13:31:11.493000,416.3204938406453,98
2024-09-18 13:31:11.508000,416.3472243589424,97
2024-09-18 13:31:11.613000,416.3224678461461,9
2024-09-18 13:31:11.651000,416.315437812374,10
2024-09-18 13:31:11.685000,416.2983297552584,9
2024-09-18 13:31:11.704000,416.3409476493745,105
2024-09-18 13:31:11.730000,416.34674687095753,1005
2024-09-18 13:31:11.764000,416.35284128975286,6
2024-09-18 13:31:11.775000,416.363042634908,1003
2024-09-18 13:31:11.776000,416.36676761855495,1004
2024-09-18 13:31:11.848000,416.3139709967027,95
2024-09-18 13:31:11.854000,416.3730476404765,1005
2024-09-18 13:31:11.880000,416.304277740216,96
2024-09-18 13:31:11.903000,416.3510903700801,98
2024-09-18 13:31:11.905000,416.3463467542491,13
2024-09-18 13:31:12.026000,416.3387077024986,1000
2024-09-18 13:31:12.058000,416.33853870884354,1003
2024-09-18 13:31:12.157000,416.2927943134789,12
2024-09-18 13:31:12.182000,416.3472682374461,5
2024-09-18 13:31:12.302000,416.280441527859,998
2024-09-18 13:31:12.389000,416.330587869986,15
2024-09-18 13:31:12.396000,416.3135893824256,1002
2024-09-18 13:31:12.401000,416.3153268827805,98
2024-09-18 13:31:12.465000,416.33266572489305,104
2024-09-18 13:31:12.473000,416.3419794795792,100
2024-09-18 13:31:12.495000,416.3099125378264,97
2024-09-18 13:31:12.502000,416.26743973128447,997
2024-09-18 13:31:12.517000,416.3069593090294,97
2024-09-18 13:31:12.562000,416.3302958307754,102
2024-09-18 13:31:12.780000,416.2892601333126,11
2024-09-18 13:31:12.868000,416.31544620806807,98
2024-09-18 13:31:12.888000,416.29572317856633,103
2024-09-18 13:31:12.899000,416.3189017963145,6
2024-09-18 13:31:12.923000,416.30082531654153,1000
2024-09-18 13:31:12.983000,416.3166745291587,1001
2024-09-18 13:31:13.244000,416.3437478048076,997
2024-09-18 13:31:13.270000,416.3355102633744,12
2024-09-18 13:31:13.401000,416.3341009069593,101
2024-09-18 13:31:13.461000,416.300888517329,102
2024-09-18 13:31:13.623000,416.3067600646216,1005
2024-09-18 13:31:14.034000,416.2209774436411,1001
2024-09-18 13:31:14.102000,416.2948441547285,5
2024-09-18 13:31:14.140000,416.2253274041984,995
2024-09-18 13:31:14.234000,416.2265353735058,1005
2024-09-18 13:31:14.239000,416.2956338512548,5
2024-09-18 13:31:14.252000,416.31827948628927,100
2024-09-18 13:31:14.278000,416.29093805943137,7
2024-09-18 13:31:14.337000,416.290144285198,10
2024-09-18 13:31:14.390000,416.23163638453616,97
2024-09-18 13:31:14.438000,416.2884051762693,1001
2024-09-18 13:31:14.465000,416.2881085863747,1001
2024-09-18 13:31:14.491000,416.2576484278759,101
2024-09-18 13:31:14.537000,416.22159745307016,99
2024-09-18 13:31:14.555000,416.2509974066416,6
2024-09-18 13:31:14.576000,416.29141465714105,8
2024-09-18 13:31:14.596000,416.22226198264326,1003
2024-09-18 13:31:14.596000,416.28488198912737,10
2024-09-18 13:31:14.668000,416.3005897956888,7
2024-09-18 13:31:14.722000,416.230406277412,6
2024-09-18 13:31:14.819000,416.2441182759138,1004
2024-09-18 13:31:14.829000,416.2655081209078,15
2024-09-18 13:31:14.887000,416.3086918373977,998
2024-09-18 13:31:14.892000,416.3065534080501,96
2024-09-18 13:31:14.933000,416.3137583696258,102
2024-09-18 13:31:14.968000,416.30634426522073,97
2024-09-18 13:31:15.170000,416.2441186453276,1003
2024-09-18 13:31:15.412000,416.2924788827484,97
2024-09-18 13:31:15.422000,416.2700368830861,104
2024-09-18 13:31:15.424000,416.2750477034799,1003
2024-09-18 13:31:15.456000,416.2613365773761,105
2024-09-18 13:31:15.519000,416.3006600297269,104
2024-09-18 13:31:15.587000,416.25870491999535,12
2024-09-18 13:31:15.843000,416.2924607738741,103
2024-09-18 13:31:15.857000,416.2692121963116,10
2024-09-18 13:31:16.007000,416.2767753551929,13
2024-09-18 13:31:16.016000,416.2947992414166,1000
2024-09-18 13:31:16.068000,416.3124765368773,998
2024-09-18 13:31:16.072000,416.26098526159024,104
2024-09-18 13:31:16.082000,416.25636965977776,6
2024-09-18 13:31:16.118000,416.26961004532734,7
2024-09-18 13:31:16.137000,416.26763260626166,998
2024-09-18 13:31:16.137000,416.2567947876064,99
2024-09-18 13:31:16.332000,416.292011173266,5
2024-09-18 13:31:16.382000,416.2883689078269,6
2024-09-18 13:31:16.474000,416.2817603965324,6
2024-09-18 13:31:16.561000,416.2644942116495,1003
2024-09-18 13:31:16.569000,416.26796402829575,97
2024-09-18 13:31:16.597000,416.27408717860766,10
2024-09-18 13:31:16.647000,416.2646640562832,13
2024-09-18 13:31:16.665000,416.2869423532933,995
2024-09-18 13:31:16.696000,416.267998000022,6
2024-09-18 13:31:16.713000,416.2582270845948,7
2024-09-18 13:31:16.735000,416.2478251575658,12
2024-09-18 13:31:16.879000,416.2650783665201,104
2024-09-18 13:31:16.978000,416.24850609038026,105
2024-09-18 13:31:17.050000,416.29276131566286,9
2024-09-18 13:31:17.142000,416.30569626822296,14
2024-09-18 13:31:17.228000,416.3152814156346,102
2024-09-18 13:31:17.234000,416.34851746092994,8
2024-09-18 13:31:17.296000,416.289549495954,1005
2024-09-18 13:31:17.348000,416.3521700989468,103
2024-09-18 13:31:17.356000,416.3146780269463,15
2024-09-18 13:31:17.356000,416.2969708540136,996
2024-09-18 13:31:17.373000,416.2828581827263,105
2024-09-18 13:31:17.498000,416.2911497737253,100
2024-09-18 13:31:17.500000,416.3024474534053,1003
2024-09-18 13:31:17.586000,416.3237402565533,1005
2024-09-18 13:31:17.687000,416.3241865807128,997
2024-09-18 13:31:17.735000,416.3434220636906,14
2024-09-18 13:31:17.803000,416.2969820905577,8
2024-09-18 13:31:17.810000,416.34992180410575,999
2024-09-18 13:31:17.845000,416.29953424451656,996
2024-09-18 13:31:17.881000,416.3026506051092,11
2024-09-18 13:31:17.929000,416.2950886656923,1000
2024-09-18 13:31:17.942000,416.30497847577067,14
2024-09-18 13:31:18.016000,416.3304405426886,9
2024-09-18 13:31:18.023000,416.33691023566666,7
2024-09-18 13:31:18.027000,416.3798951286387,95
2024-09-18 13:31:18.033000,416.3337021932343,5
2024-09-18 13:31:18.139000,416.3217150420624,95
2024-09-18 13:31:18.140000,416.3462030632506,13
2024-09-18 13:31:18.155000,416.3692599265483,1004
2024-09-18 13:31:18.235000,416.279682573831,996
2024-09-18 13:31:18.388000,416.3343160034081,103
2024-09-18 13:31:18.388000,416.328237813162,100
2024-09-18 13:31:18.461000,416.34640248894914,1004
2024-09-18 13:31:18.470000,416.3024080295612,996
2024-09-18 13:31:18.480000,416.3647998289119,14
2024-09-18 13:31:18.604000,416.2892189227441,105
2024-09-18 13:31:18.614000,416.3571648939294,103
2024-09-18 13:31:18.648000,416.3606832301808,1004
2024-09-18 13:31:18.662000,416.3533063279437,100
2024-09-18 13:31:18.680000,416.2778480144838,105
2024-09-18 13:31:18.717000,416.34087082486536,14
2024-09-18 13:31:18.744000,416.3747048492033,99
2024-09-18 13:31:18.786000,416.3422939503096,996
2024-09-18 13:31:18.826000,416.3665100062591,95
2024-09-18 13:31:18.943000,416.34814612552793,1002
2024-09-18 13:31:18.956000,416.3728566034766,105
2024-09-18 13:31:19.284000,416.3348465003298,102
2024-09-18 13:31:19.316000,416.27708438947417,97
2024-09-18 13:31:19.342000,416.2836305393153,10
2024-09-18 13:31:19.401000,416.2732860789117,14
2024-09-18 13:31:19.456000,416.3228704689284,6
2024-09-18 13:31:19.642000,416.2891176252613,999
2024-09-18 13:31:19.678000,416.30897533612057,104
2024-09-18 13:31:19.691000,416.2827225582158,995
2024-09-18 13:31:19.744000,416.27725061298696,998
2024-09-18 13:31:19.750000,416.26618234000216,98
2024-09-18 13:31:19.813000,416.27777509081113,996
2024-09-18 13:31:19.935000,416.30229925468274,95
2024-09-18 13:31:20.051000,416.4061483794087,1002
2024-09-18 13:31:20.149000,416.33059994093065,1004
2024-09-18 13:31:20.220000,416.3635111644812,13
2024-09-18 13:31:20.223000,416.3289354589784,1004
2024-09-18 13:31:20.286000,416.32618949839934,13
2024-09-18 13:31:20.321000,416.3285627867074,1000
2024-09-18 13:31:20.342000,416.3531994965544,99
2024-09-18 13:31:20.350000,416.32752761472153,12
2024-09-18 13:31:20.355000,416.3518354254688,96
2024-09-18 13:31:20.382000,416.3438053873804,13
2024-09-18 13:31:20.411000,416.3986498096999,10
2024-09-18 13:31:20.421000,416.3563832976625,14
2024-09-18 13:31:20.439000,416.351430368952,997
2024-09-18 13:31:20.460000,416.3284069095004,102
2024-09-18 13:31:20.461000,416.3431692694396,996
2024-09-18 13:31:20.568000,416.3530028871913,97
2024-09-18 13:31:20.585000,416.3374844373452,99
2024-09-18 13:31:20.611000,416.392056410086,1005
2024-09-18 13:31:20.671000,416.331318300415,11
2024-09-18 13:31:20.684000,416.322331969559,100
2024-09-18 13:31:20.688000,416.3375823373253,1003
2024-09-18 13:31:20.813000,416.4067271892895,7
2024-09-18 13:31:20.862000,416.357148734738,1000
2024-09-18 13:31:20.868000,416.360544791421,98
2024-09-18 13:31:20.892000,416.4113039822511,14
2024-09-18 13:31:20.919000,416.36464874984,95
2024-09-18 13:31:20.968000,416.3411607236505,996
2024-09-18 13:31:20.989000,416.36651169926216,1004
2024-09-18 13:31:20.994000,416.4029061043827,99
2024-09-18 13:31:21.051000,416.39625557689817,9
2024-09-18 13:31:21.585000,416.3868512747203,101
2024-09-18 13:31:22.112000,416.3898590151247,14
2024-09-18 13:31:22.116000,416.3559698303503,95
2024-09-18 13:31:22.126000,416.35800063187696,995
2024-09-18 13:31:22.135000,416.349104691621,98
2024-09-18 13:31:22.135000,416.3733688248526,999
2024-09-18 13:31:22.212000,416.3609426250113,997
2024-09-18 13:31:22.270000,416.3891986265035,12
2024-09-18 13:31:22.301000,416.3452497671208,15
2024-09-18 13:31:22.303000,416.3456545262676,10
2024-09-18 13:31:22.314000,416.3439909093293,102
2024-09-18 13:31:22.317000,416.3925797284167,101
2024-09-18 13:31:22.364000,416.357508679261,1004
2024-09-18 13:31:22.458000,416.3800610481732,101
2024-09-18 13:31:22.486000,416.36718440848375,15
2024-09-18 13:31:22.503000,416.377812064866,100
2024-09-18 13:31:22.579000,416.34601554627744,999
2024-09-18 13:31:22.601000,416.3599459252586,99
2024-09-18 13:31:22.633000,416.38377963568985,1002
2024-09-18 13:31:22.645000,416.39033904483045,5
2024-09-18 13:31:22.652000,416.34538242428687,102
2024-09-18 13:31:22.774000,416.3785519069743,97
2024-09-18 13:31:22.835000,416.36872467621737,1004
2024-09-18 13:31:22.862000,416.3686998221091,101
2024-09-18 13:31:22.928000,416.3439316671737,103
2024-09-18 13:31:22.965000,416.3754600273991,98
2024-09-18 13:31:22.980000,416.3501056753794,1001
2024-09-18 13:31:23.202000,416.3703054921551,99
2024-09-18 13:31:23.323000,416.3823994699697,10
2024-09-18 13:31:23.340000,416.3511679159106,11
2024-09-18 13:31:23.534000,416.4101944696616,1001
2024-09-18 13:31:23.592000,416.38585611856297,102
2024-09-18 13:31:23.663000,416.40532611915546,996
2024-09-18 13:31:23.891000,416.3993810207296,14
2024-09-18 13:31:23.934000,416.3602820512913,103
2024-09-18 13:31:23.935000,416.3818284737246,13
2024-09-18 13:31:23.955000,416.3681434123632,101
2024-09-18 13:31:24.225000,416.43869144809,100
2024-09-18 13:31:24.965000,416.42697223196944,995
2024-09-18 13:31:25.012000,416.4645268580715,1000
2024-09-18 13:31:25.081000,416.4596971318649,103
2024-09-18 13:31:25.171000,416.4668137363023,998
2024-09-18 13:31:25.340000,416.4738007388292,101
2024-09-18 13:31:25.505000,416.4591576247345,95
2024-09-18 13:31:25.784000,416.44610354137234,1001
2024-09-18 13:31:26.185000,416.45088914086034,997
2024-09-18 13:31:26.207000,416.45034704282665,98
2024-09-18 13:31:26.325000,416.4040559712393,1005
2024-09-18 13:31:26.371000,416.4656394458164,101
2024-09-18 13:31:26.413000,416.3946495161093,103
2024-09-18 13:31:26.484000,416.4279631742626,7
2024-09-18 13:31:26.487000,416.4128594019929,6
2024-09-18 13:31:26.492000,416.40082328059145,11
2024-09-18 13:31:26.551000,416.3781802090049,15
2024-09-18 13:31:26.560000,416.40742321475295,98
2024-09-18 13:31:26.591000,416.4645598565576,995
2024-09-18 13:31:26.623000,416.4438663201556,9
2024-09-18 13:31:26.651000,416.4505649719476,998
2024-09-18 13:31:26.659000,416.4333807097678,98
2024-09-18 13:31:26.663000,416.409721492321,15
2024-09-18 13:31:26.699000,416.4085633861007,9
2024-09-18 13:31:26.715000,416.39969007407655,15
2024-09-18 13:31:26.716000,416.4137628250385,14
2024-09-18 13:31:26.724000,416.46305378878697,1003
2024-09-18 13:31:26.755000,416.4569038476793,102
2024-09-18 13:31:26.799000,416.4531882125017,100
2024-09-18 13:31:26.861000,416.4558316682852,999
2024-09-18 13:31:26.949000,416.4390046522448,1001
2024-09-18 13:31:26.973000,416.4454026862512,102
2024-09-18 13:31:26.979000,416.4728445927683,104
2024-09-18 13:31:27.184000,416.4090589946502,96
2024-09-18 13:31:27.206000,416.4042336765357,105
2024-09-18 13:31:27.284000,416.2973780093844,9
2024-09-18 13:31:27.299000,416.3413727256317,1000
2024-09-18 13:31:27.316000,416.3323877788592,99
2024-09-18 13:31:27.333000,416.4243085399102,100
2024-09-18 13:31:27.347000,416.3852873469835,1002
2024-09-18 13:31:27.357000,416.3900651606498,1001
2024-09-18 13:31:27.488000,416.3231357081976,998
2024-09-18 13:31:27.534000,416.3582862547341,95
2024-09-18 13:31:27.539000,416.4191271766456,14
2024-09-18 13:31:27.546000,416.3014324543614,101
2024-09-18 13:31:27.554000,416.4257745730018,10
2024-09-18 13:31:27.583000,416.411022463398,1005
2024-09-18 13:31:27.718000,416.4366614245671,1003
2024-09-18 13:31:27.719000,416.4044113055175,13
2024-09-18 13:31:27.735000,416.3917553252524,105
2024-09-18 13:31:27.751000,416.3574295767237,101
2024-09-18 13:31:27.807000,416.411641970098,98
2024-09-18 13:31:27.823000,416.3080949852274,8
2024-09-18 13:31:27.845000,416.365989117865,6
2024-09-18 13:31:27.850000,416.4081655642994,14
2024-09-18 13:31:27.869000,416.392393222074,1001
2024-09-18 13:31:27.881000,416.4282447037702,6
2024-09-18 13:31:27.908000,416.3466652222061,15
2024-09-18 13:31:27.920000,416.41172985587457,12
2024-09-18 13:31:27.930000,416.3908273242332,1001
2024-09-18 13:31:28.104000,416.29356978466666,99
2024-09-18 13:31:28.194000,416.3078325567723,998
2024-09-18 13:31:28.278000,416.2995434292851,105
2024-09-18 13:31:28.346000,416.3043001792734,13
2024-09-18 13:31:28.363000,416.297703709546,996
2024-09-18 13:31:28.375000,416.2863673683847,101
2024-09-18 13:31:28.757000,416.3132322662863,97
2024-09-18 13:31:28.816000,416.3117172589215,1004
2024-09-18 13:31:28.933000,416.2909897055141,995
2024-09-18 13:31:30.432000,416.24783511440575,5
2024-09-18 13:31:30.525000,416.2624381855885,98
2024-09-18 13:31:30.672000,416.2442700498024,102
2024-09-18 13:31:31.051000,416.3005120612318,996
2024-09-18 13:31:31.130000,416.2459253055971,998
2024-09-18 13:31:31.145000,416.23512095832126,995
2024-09-18 13:31:31.166000,416.2463013618196,11
2024-09-18 13:31:31.177000,416.2381697974598,996
2024-09-18 13:31:31.361000,416.2808118961209,13
2024-09-18 13:31:31.401000,416.2243331862732,95
2024-09-18 13:31:31.547000,416.3124599290179,104
2024-09-18 13:31:31.593000,416.236568590937,15
2024-09-18 13:31:31.639000,416.3049798725172,97
2024-09-18 13:31:31.647000,416.2305475261781,7
2024-09-18 13:31:31.660000,416.34669524109086,100
2024-09-18 13:31:31.682000,416.2378563970081,101
2024-09-18 13:31:31.688000,416.230111125134,105
2024-09-18 13:31:31.708000,416.2463243718786,6
2024-09-18 13:31:31.721000,416.32172806137146,11
2024-09-18 13:31:31.851000,416.3401562930704,7
2024-09-18 13:31:31.905000,416.356349144514,12
2024-09-18 13:31:31.924000,416.2465881526786,995
2024-09-18 13:31:31.934000,416.3262259789328,97
2024-09-18 13:31:31.962000,416.27944664700846,1005
2024-09-18 13:31:31.969000,416.2232353699152,6
2024-09-18 13:31:31.989000,416.2595643077045,104
2024-09-18 13:31:32.045000,416.2921815064768,100
2024-09-18 13:31:32.052000,416.26457520367535,995
2024-09-18 13:31:32.099000,416.2886483271648,996
2024-09-18 13:31:32.146000,416.3314897956381,105
2024-09-18 13:31:32.160000,416.3121277812191,103
2024-09-18 13:31:32.168000,416.3194239634208,96
2024-09-18 13:31:32.188000,416.3447884382815,1003
2024-09-18 13:31:32.200000,416.29904020907065,1004
2024-09-18 13:31:32.208000,416.3185806090708,105
2024-09-18 13:31:32.248000,416.2720628270096,1001
2024-09-18 13:31:32.248000,416.34514834874375,99
2024-09-18 13:31:32.257000,416.3256600230313,95
2024-09-18 13:31:32.290000,416.2466480380135,997
2024-09-18 13:31:32.362000,416.3058114315725,97
2024-09-18 13:31:32.384000,416.2412963803313,101
2024-09-18 13:31:32.431000,416.33746453037406,7
2024-09-18 13:31:32.455000,416.28394298934535,104
2024-09-18 13:31:32.470000,416.31007015132855,12
2024-09-18 13:31:32.557000,416.3013696850821,11
2024-09-18 13:31:32.648000,416.2531787460389,97
2024-09-18 13:31:32.689000,416.2450004876588,998
2024-09-18 13:31:32.764000,416.3256895120627,105
2024-09-18 13:31:32.802000,416.3058632274637,105
2024-09-18 13:31:32.826000,416.3051723756356,999
2024-09-18 13:31:32.835000,416.2758770842985,11
2024-09-18 13:31:32.913000,416.3327744008288,1005
2024-09-18 13:31:32.946000,416.2825912130493,102
2024-09-18 13:31:32.956000,416.348781698428,1002
2024-09-18 13:31:33.067000,416.2468139073479,104
2024-09-18 13:31:33.122000,416.2524443409451,998
2024-09-18 13:31:33.223000,416.2624411407048,999
2024-09-18 13:31:33.362000,416.2590644669608,97
2024-09-18 13:31:33.453000,416.2374611880978,995
2024-09-18 13:31:33.614000,416.2658052151606,997
2024-09-18 13:31:33.914000,416.28635693224055,7
2024-09-18 13:31:34.028000,416.33845931589104,999
2024-09-18 13:31:34.132000,416.306157488999,100
2024-09-18 13:31:34.226000,416.32051164508687,15
2024-09-18 13:31:34.247000,416.3368693337812,96
2024-09-18 13:31:34.274000,416.3256676195005,13
2024-09-18 13:31:34.413000,416.3350212429411,5
2024-09-18 13:31:34.508000,416.3157601403069,105
2024-09-18 13:31:34.570000,416.3122688791193,1005
2024-09-18 13:31:34.637000,416.30714246672176,99
2024-09-18 13:31:34.637000,416.32246500738097,95
2024-09-18 13:31:34.651000,416.33635170917,95
2024-09-18 13:31:34.692000,416.31201082298986,1004
2024-09-18 13:31:34.701000,416.33121240570256,105
2024-09-18 13:31:34.705000,416.33549799815137,998
2024-09-18 13:31:34.708000,416.2969322788627,101
2024-09-18 13:31:34.716000,416.3411453430741,14
2024-09-18 13:31:34.825000,416.2947869233882,99
2024-09-18 13:31:34.951000,416.3101386288536,8
2024-09-18 13:31:34.958000,416.3315458980537,102
2024-09-18 13:31:35.046000,416.3434795617704,13
2024-09-18 13:31:35.065000,416.3250534086671,96
2024-09-18 13:31:35.188000,416.3427951266506,11
2024-09-18 13:31:35.191000,416.32301611988873,997
2024-09-18 13:31:35.201000,416.3189161058753,105
2024-09-18 13:31:35.215000,416.331613589375,9
2024-09-18 13:31:35.267000,416.3302459621224,105
2024-09-18 13:31:35.344000,416.3351156940806,104
2024-09-18 13:31:35.353000,416.34109092010186,100
2024-09-18 13:31:35.386000,416.3412185042982,14
2024-09-18 13:31:35.473000,416.3201269990393,13
2024-09-18 13:31:35.490000,416.3256805296587,100
2024-09-18 13:31:35.514000,416.3229658627563,13
2024-09-18 13:31:35.625000,416.3495111796772,10
2024-09-18 13:31:35.756000,416.3434898522213,12
2024-09-18 13:31:35.979000,416.2983927061501,1001
2024-09-18 13:31:36.334000,416.330277234324,99
2024-09-18 13:31:36.513000,416.31994902129,7
2024-09-18 13:31:36.951000,416.3284916341202,10
2024-09-18 13:31:36.987000,416.3217876014659,104
2024-09-18 13:31:37.043000,416.32907384157255,99
2024-09-18 13:31:37.045000,416.3152504378229,8
2024-09-18 13:31:37.048000,416.3583369221789,13
2024-09-18 13:31:37.175000,416.3411525239807,100
2024-09-18 13:31:37.180000,416.3747748085656,95
2024-09-18 13:31:37.194000,416.3553271047384,12
2024-09-18 13:31:37.218000,416.3443633996867,101
2024-09-18 13:31:37.225000,416.3239614378651,1002
2024-09-18 13:31:37.241000,416.3369184925942,1000
2024-09-18 13:31:37.282000,416.336445262242,95
2024-09-18 13:31:37.292000,416.3279893533192,105
2024-09-18 13:31:37.334000,416.3403963693536,100
2024-09-18 13:31:37.344000,416.3737283629612,104
2024-09-18 13:31:37.345000,416.31856901137104,100
2024-09-18 13:31:37.449000,416.3171406532273,996
2024-09-18 13:31:37.467000,416.3830101533836,96
2024-09-18 13:31:37.533000,416.3454621619673,98
2024-09-18 13:31:37.605000,416.3480157326411,98
2024-09-18 13:31:37.610000,416.3797509703129,1000
2024-09-18 13:31:37.616000,416.3574060647585,103
2024-09-18 13:31:37.617000,416.3765768873356,1001
2024-09-18 13:31:37.710000,416.3835706989766,996
2024-09-18 13:31:37.728000,416.371880518746,1005
2024-09-18 13:31:37.734000,416.3673015660528,996
2024-09-18 13:31:37.765000,416.3508793110601,103
2024-09-18 13:31:37.805000,416.3284774067742,6
2024-09-18 13:31:37.824000,416.3624261299549,9
2024-09-18 13:31:37.826000,416.3460099362285,105
2024-09-18 13:31:37.961000,416.3357442777165,999
2024-09-18 13:31:37.997000,416.3090069451071,999
2024-09-18 13:31:38.003000,416.4305209478654,7
2024-09-18 13:31:38.030000,416.4244181208861,12
2024-09-18 13:31:38.128000,416.4049660081051,9
2024-09-18 13:31:38.218000,416.39483486480185,7
2024-09-18 13:31:38.297000,416.3973336276082,14
2024-09-18 13:31:38.363000,416.4093377426696,998
2024-09-18 13:31:38.464000,416.42266654038247,99
2024-09-18 13:31:38.604000,416.397747342887,98
2024-09-18 13:31:38.619000,416.4053545868917,101
2024-09-18 13:31:38.683000,416.3951194413793,97
2024-09-18 13:31:38.743000,416.3904476843484,101
2024-09-18 13:31:38.783000,416.4393104424914,1001
2024-09-18 13:31:38.876000,416.37410511020863,1001
2024-09-18 13:31:38.913000,416.3844640590975,96
2024-09-18 13:31:38.915000,416.4674135403888,102
2024-09-18 13:31:38.996000,416.3842454669882,7
2024-09-18 13:31:39.083000,416.4908467375725,999
2024-09-18 13:31:39.170000,416.4850814622786,997
2024-09-18 13:31:39.271000,416.4892820600976,996
2024-09-18 13:31:39.305000,416.48893869701874,1003
2024-09-18 13:31:39.389000,416.48025972898574,1002
2024-09-18 13:31:39.707000,416.47986372442944,105
2024-09-18 13:31:39.927000,416.4874967506023,996
2024-09-18 13:31:40.138000,416.4534798527834,1000
2024-09-18 13:31:40.140000,416.4640445983908,100
2024-09-18 13:31:40.231000,416.4749192721878,104
2024-09-18 13:31:40.388000,416.4781981785882,15
2024-09-18 13:31:40.436000,416.4448755358373,95
2024-09-18 13:31:40.699000,416.46222727906223,101
2024-09-18 13:31:40.953000,416.4693015399624,15
2024-09-18 13:31:41.046000,416.5258482491376,101
2024-09-18 13:31:41.113000,416.53775236381904,12
2024-09-18 13:31:41.168000,416.4959885821032,97
2024-09-18 13:31:41.172000,416.4753467337272,97
2024-09-18 13:31:41.201000,416.513332917498,7
2024-09-18 13:31:41.291000,416.500186426903,6
2024-09-18 13:31:41.292000,416.46142289485385,6
2024-09-18 13:31:41.386000,416.4903444913134,96
2024-09-18 13:31:41.472000,416.49986653963526,13
2024-09-18 13:31:41.484000,416.4935905864592,10
2024-09-18 13:31:41.514000,416.5555600775897,14
2024-09-18 13:31:41.540000,416.4738102443836,1000
2024-09-18 13:31:41.543000,416.4736376709236,1000
2024-09-18 13:31:41.552000,416.4686924548452,101
2024-09-18 13:31:41.567000,416.45719383175214,11
2024-09-18 13:31:41.573000,416.4797819732497,13
2024-09-18 13:31:41.578000,416.55692979058045,105
2024-09-18 13:31:41.581000,416.4766354937293,100
2024-09-18 13:31:41.609000,416.5399170200675,1001
2024-09-18 13:31:41.621000,416.5061341540434,14
2024-09-18 13:31:41.621000,416.4997348274405,1005
2024-09-18 13:31:41.683000,416.4914663382144,105
2024-09-18 13:31:41.714000,416.5030384532141,104
2024-09-18 13:31:41.719000,416.50366770257847,95
2024-09-18 13:31:41.753000,416.4948850471683,8
2024-09-18 13:31:41.774000,416.4586908208586,98
2024-09-18 13:31:41.779000,416.5460542226306,14
2024-09-18 13:31:41.971000,416.5074658399209,1005
2024-09-18 13:31:42.028000,416.5343847860868,997
2024-09-18 13:31:42.123000,416.5784889605821,104
2024-09-18 13:31:42.238000,416.536987308144,8
2024-09-18 13:31:42.764000,416.5491990152864,100
2024-09-18 13:31:42.958000,416.5455914555927,995
2024-09-18 13:31:43.359000,416.5733787072194,995
2024-09-18 13:31:43.600000,416.5896363996034,98
2024-09-18 13:31:43.685000,416.56270046568153,12
2024-09-18 13:31:43.737000,416.5836180210231,11
2024-09-18 13:31:44.284000,416.5823154671144,15
2024-09-18 13:31:44.560000,416.5667217650639,6
2024-09-18 13:31:44.689000,416.57494696364176,1003
2024-09-18 13:31:45.030000,416.5898300115027,105
2024-09-18 13:31:45.126000,416.5782028662401,96
2024-09-18 13:31:45.158000,416.5904399524596,98
2024-09-18 13:31:45.181000,416.5922700636251,14
2024-09-18 13:31:45.186000,416.5622266464704,105
2024-09-18 13:31:45.324000,416.54661974184495,998
2024-09-18 13:31:45.343000,416.5604705855458,998
2024-09-18 13:31:45.350000,416.6182127884027,997
2024-09-18 13:31:45.399000,416.6238297178027,10
2024-09-18 13:31:45.445000,416.54148083262766,1004
2024-09-18 13:31:45.482000,416.61546215593785,105
2024-09-18 13:31:45.489000,416.6120129864612,95
2024-09-18 13:31:45.521000,416.6058174129564,995
2024-09-18 13:31:45.530000,416.6068221637777,11
2024-09-18 13:31:45.538000,416.5996283957604,999
2024-09-18 13:31:45.601000,416.581898969878,98
2024-09-18 13:31:45.633000,416.61348555783366,100
2024-09-18 13:31:45.656000,416.6010873483783,1003
2024-09-18 13:31:45.841000,416.5321973744961,1003
2024-09-18 13:31:45.885000,416.6112569979188,10
2024-09-18 13:31:45.920000,416.6156079840677,1005
2024-09-18 13:31:45.995000,416.5861757063832,6
2024-09-18 13:31:46.625000,416.5299694947879,95
2024-09-18 13:31:46.636000,416.5310876435161,5
2024-09-18 13:31:47.045000,416.550407048418,1002
2024-09-18 13:31:47.241000,416.54508956651233,97
2024-09-18 13:31:47.534000,416.5454436195071,99
2024-09-18 13:31:47.840000,416.5390097065254,999
2024-09-18 13:31:47.916000,416.5432196613293,1003
2024-09-18 13:31:47.919000,416.5314878488881,5
2024-09-18 13:31:47.989000,416.5302446359199,1003
2024-09-18 13:31:48.102000,416.5468687210102,104
2024-09-18 13:31:48.411000,416.4935529831658,1005
2024-09-18 13:31:48.624000,416.5222562896914,997
2024-09-18 13:31:48.878000,416.5396623122971,996
2024-09-18 13:31:49.043000,416.4580407764945,10
2024-09-18 13:31:49.319000,416.43884803036485,998
2024-09-18 13:31:49.583000,416.48081589919735,13
2024-09-18 13:31:49.759000,416.4627792904928,8
2024-09-18 13:31:50.024000,416.4529574796053,104
2024-09-18 13:31:50.059000,416.50853764917593,97
2024-09-18 13:31:50.106000,416.487137248213,1004
2024-09-18 13:31:50.118000,416.4953170020472,102
2024-09-18 13:31:50.145000,416.5016801608819,100
2024-09-18 13:31:50.147000,416.4810311805439,996
2024-09-18 13:31:50.383000,416.4593967935508,999
2024-09-18 13:31:50.556000,416.4562485484005,15
2024-09-18 13:31:50.631000,416.5117719077249,102
2024-09-18 13:31:50.655000,416.47559452642827,998
2024-09-18 13:31:50.674000,416.4964423761428,997
2024-09-18 13:31:50.755000,416.4941524417853,997
2024-09-18 13:31:50.768000,416.4608744498616,10
2024-09-18 13:31:50.870000,416.4457726732544,995
2024-09-18 13:31:50.937000,416.4783343053906,96
2024-09-18 13:31:51.103000,416.4862028023389,997
2024-09-18 13:31:51.167000,416.4976232013547,999
2024-09-18 13:31:51.248000,416.4626032066115,98
2024-09-18 13:31:51.318000,416.5040680258745,10
2024-09-18 13:31:51.329000,416.495003345532,1002
2024-09-18 13:31:51.339000,416.48213603247353,96
2024-09-18 13:31:51.384000,416.4658269364202,100
2024-09-18 13:31:51.418000,416.4690797044602,102
2024-09-18 13:31:51.459000,416.4916148204236,1005
2024-09-18 13:31:51.518000,416.4961371327934,1002
2024-09-18 13:31:51.534000,416.4885348644166,12
2024-09-18 13:31:51.580000,416.44910704544026,13
2024-09-18 13:31:51.638000,416.4816110893368,15
2024-09-18 13:31:51.638000,416.4769126448503,6
2024-09-18 13:31:51.651000,416.46536130214207,1004
2024-09-18 13:31:51.673000,416.4985810412844,101
2024-09-18 13:31:51.682000,416.4762889094793,101
2024-09-18 13:31:51.737000,416.4852834897829,12
2024-09-18 13:31:51.746000,416.47921539761074,103
2024-09-18 13:31:51.782000,416.4758662180436,100
2024-09-18 13:31:51.797000,416.4789916285977,99
2024-09-18 13:31:51.875000,416.4668654804983,100
2024-09-18 13:31:51.897000,416.4481693729279,104
2024-09-18 13:31:51.901000,416.4764445178662,14
2024-09-18 13:31:51.902000,416.4699972473481,1001
2024-09-18 13:31:51.909000,416.4894251579088,105
2024-09-18 13:31:51.958000,416.4914105241897,104
2024-09-18 13:31:51.978000,416.47741344924486,998
2024-09-18 13:31:52.040000,416.48032745759167,1000
2024-09-18 13:31:52.065000,416.4858234706169,96
2024-09-18 13:31:52.120000,416.4732740608057,1002
2024-09-18 13:31:52.176000,416.4901236864697,10
2024-09-18 13:31:52.398000,416.4759718765911,6
2024-09-18 13:31:52.438000,416.4823635644596,9
2024-09-18 13:31:52.479000,416.5031364941327,1000
2024-09-18 13:31:52.500000,416.4959765868402,105
2024-09-18 13:31:52.606000,416.49639843594167,1002
2024-09-18 13:31:52.734000,416.4810377064053,1001
2024-09-18 13:31:52.823000,416.5030126923636,1001
2024-09-18 13:31:52.838000,416.48728305076753,10
2024-09-18 13:31:52.890000,416.4911204143148,102
2024-09-18 13:31:52.902000,416.508361418926,15
2024-09-18 13:31:53.015000,416.49027513599,1003
2024-09-18 13:31:53.090000,416.47999741655735,105
2024-09-18 13:31:53.141000,416.4732069484941,97
2024-09-18 13:31:53.183000,416.4691737982478,1005
2024-09-18 13:31:53.183000,416.44057598638045,998
2024-09-18 13:31:53.219000,416.48990473132704,998
2024-09-18 13:31:53.234000,416.4793724349645,101
2024-09-18 13:31:53.246000,416.4446266136304,6
2024-09-18 13:31:53.292000,416.4367113376068,97
2024-09-18 13:31:53.488000,416.4416724132756,997
2024-09-18 13:31:53.490000,416.4228658018556,1003
2024-09-18 13:31:53.521000,416.4993402336042,100
2024-09-18 13:31:53.574000,416.4779916668731,104
2024-09-18 13:31:53.604000,416.5053739104749,995
2024-09-18 13:31:53.622000,416.4658741523953,1001
2024-09-18 13:31:53.649000,416.51116613275394,998
2024-09-18 13:31:53.687000,416.4447876880593,100
2024-09-18 13:31:53.730000,416.46957336309725,102
2024-09-18 13:31:53.745000,416.4312974664349,7
2024-09-18 13:31:53.747000,416.47632698027473,98
2024-09-18 13:31:53.756000,416.47463297856257,13
2024-09-18 13:31:53.767000,416.4892431161268,1004
2024-09-18 13:31:53.807000,416.49889581454335,100
2024-09-18 13:31:53.922000,416.5007624763941,7
2024-09-18 13:31:53.931000,416.4429833942296,95
2024-09-18 13:31:54.009000,416.4318083879133,7
2024-09-18 13:31:54.064000,416.4558370375685,1003
2024-09-18 13:31:54.093000,416.4540222970956,96
2024-09-18 13:31:54.166000,416.45628686858015,8
2024-09-18 13:31:54.181000,416.44927953859775,1003
2024-09-18 13:31:54.230000,416.4535635245342,6
2024-09-18 13:31:54.242000,416.4246770153816,1005
2024-09-18 13:31:54.243000,416.4578179418472,15
2024-09-18 13:31:54.247000,416.4788217664982,12
2024-09-18 13:31:54.250000,416.4520899629948,13
2024-09-18 13:31:54.335000,416.5393359193334,100
2024-09-18 13:31:54.516000,416.4409098235634,101
2024-09-18 13:31:54.528000,416.49423852548034,5
2024-09-18 13:31:54.532000,416.4623958364085,995
2024-09-18 13:31:54.595000,416.4683729314351,95
2024-09-18 13:31:54.599000,416.44087280713626,13
2024-09-18 13:31:54.674000,416.4756730316138,1000
2024-09-18 13:31:54.677000,416.4285274298677,996
2024-09-18 13:31:54.687000,416.4577849023734,98
2024-09-18 13:31:54.693000,416.45979923557735,101
2024-09-18 13:31:54.695000,416.4711639184634,1000
2024-09-18 13:31:54.719000,416.4562219569912,96
2024-09-18 13:31:54.739000,416.45363200447713,5
2024-09-18 13:31:54.768000,416.5261468451358,100
2024-09-18 13:31:54.895000,416.4600652453999,9
2024-09-18 13:31:54.899000,416.4319194161994,99
2024-09-18 13:31:54.938000,416.5438910010569,103
2024-09-18 13:31:54.963000,416.47969802184485,5
2024-09-18 13:31:54.980000,416.4425826201031,1001
2024-09-18 13:31:54.996000,416.4414899890599,14
2024-09-18 13:31:55.102000,416.56405882791495,103
2024-09-18 13:31:55.122000,416.5767937028926,8
2024-09-18 13:31:55.145000,416.5384838169416,997
2024-09-18 13:31:55.209000,416.53296766593104,7
2024-09-18 13:31:55.238000,416.55349124945286,97
2024-09-18 13:31:55.280000,416.5462495732016,10
2024-09-18 13:31:55.291000,416.5685060440953,96
2024-09-18 13:31:55.309000,416.5092431166953,98
2024-09-18 13:31:55.333000,416.5439729952169,996
2024-09-18 13:31:55.339000,416.5592212789711,12
2024-09-18 13:31:55.348000,416.5777030557983,7
2024-09-18 13:31:55.441000,416.5304991278014,1000
2024-09-18 13:31:55.452000,416.5269689423974,7
2024-09-18 13:31:55.454000,416.54849579758815,14
2024-09-18 13:31:55.478000,416.5631974765489,104
2024-09-18 13:31:55.607000,416.5059795203834,101
2024-09-18 13:31:55.623000,416.6003468324987,1000
2024-09-18 13:31:55.707000,416.5759259765878,14
2024-09-18 13:31:55.714000,416.5925624016487,1001
2024-09-18 13:31:55.823000,416.5187088521212,5
2024-09-18 13:31:55.829000,416.5486126913325,999
2024-09-18 13:31:55.846000,416.5407767317452,98
2024-09-18 13:31:55.856000,416.5109289535307,12
2024-09-18 13:31:55.879000,416.5530718052525,1002
2024-09-18 13:31:55.956000,416.50101272705245,7
2024-09-18 13:31:56.090000,416.5574928360665,1000
2024-09-18 13:31:56.157000,416.5358974228111,12
2024-09-18 13:31:56.229000,416.5345988243629,12
2024-09-18 13:31:56.301000,416.5542094289415,5
2024-09-18 13:31:56.520000,416.5478651821424,1001
2024-09-18 13:31:56.711000,416.5361487152406,103
2024-09-18 13:31:56.809000,416.5470108372527,5
2024-09-18 13:31:57.022000,416.5297824501306,98
2024-09-18 13:31:57.376000,416.55282220414216,103
2024-09-18 13:31:57.549000,416.5061721659187,1003
2024-09-18 13:31:57.809000,416.51519204986784,10
2024-09-18 13:31:57.864000,416.5357954940643,14
2024-09-18 13:31:57.952000,416.5233262082748,1000
2024-09-18 13:31:58.207000,416.5109631739229,11
2024-09-18 13:31:58.317000,416.47611054182187,5
2024-09-18 13:31:58.339000,416.46086494903466,7
2024-09-18 13:31:58.356000,416.4648147754122,995
2024-09-18 13:31:58.437000,416.4846943464936,997
2024-09-18 13:31:58.458000,416.4493003039156,102
2024-09-18 13:31:58.462000,416.4500287752312,11
2024-09-18 13:31:58.465000,416.4964219640677,97
2024-09-18 13:31:58.517000,416.5014965063706,11
2024-09-18 13:31:58.589000,416.4055339162731,997
2024-09-18 13:31:58.658000,416.42283849659583,1000
2024-09-18 13:31:58.670000,416.4960706608961,99
2024-09-18 13:31:58.741000,416.4638607540253,998
2024-09-18 13:31:58.893000,416.4759835884602,9
2024-09-18 13:31:58.914000,416.4248281793563,1002
2024-09-18 13:31:59.084000,416.3828890319333,12
2024-09-18 13:31:59.087000,416.4286198794189,102
2024-09-18 13:31:59.117000,416.4315230170632,6
2024-09-18 13:31:59.342000,416.389686543372,1000
2024-09-18 13:31:59.448000,416.43083890981353,96
2024-09-18 13:31:59.542000,416.432235648076,7
2024-09-18 13:31:59.582000,416.4233402147547,105
2024-09-18 13:31:59.776000,416.3817059289513,13
2024-09-18 13:31:59.926000,416.4459100653663,96
2024-09-18 13:31:59.984000,416.4340993865034,998
