Timestamp,Price,Size
2024-09-16 09:36:00.001000,418.27266351593335,101
2024-09-16 09:36:00.017000,418.2969703358219,99
2024-09-16 09:36:00.052000,418.2756785380056,1001
2024-09-16 09:36:00.059000,418.2313932553576,8
2024-09-16 09:36:00.296000,418.2188021240432,103
2024-09-16 09:36:00.331000,418.28826803006746,5
2024-09-16 09:36:00.546000,418.2206250511037,6
2024-09-16 09:36:00.672000,418.2089913760591,13
2024-09-16 09:36:00.702000,418.228311183914,102
2024-09-16 09:36:00.729000,418.2662143024005,8
2024-09-16 09:36:00.735000,418.2940647418589,10
2024-09-16 09:36:00.771000,418.2547031011716,999
2024-09-16 09:36:00.783000,418.2877569626037,102
2024-09-16 09:36:00.804000,418.3086520378789,98
2024-09-16 09:36:00.809000,418.2747782930576,13
2024-09-16 09:36:00.856000,418.2451338123829,6
2024-09-16 09:36:00.864000,418.3104718969756,12
2024-09-16 09:36:00.909000,418.3072675735994,999
2024-09-16 09:36:00.935000,418.29846380915177,998
2024-09-16 09:36:00.943000,418.30495726428296,999
2024-09-16 09:36:00.959000,418.2265300915885,101
2024-09-16 09:36:00.982000,418.2441538271937,5
2024-09-16 09:36:01.054000,418.26836489422726,15
2024-09-16 09:36:01.082000,418.2935299024259,7
2024-09-16 09:36:01.131000,418.2434333552389,998
2024-09-16 09:36:01.235000,418.25200996316096,104
2024-09-16 09:36:01.259000,418.2363263871934,98
2024-09-16 09:36:01.276000,418.2496455865983,15
2024-09-16 09:36:01.287000,418.27874088971066,102
2024-09-16 09:36:01.379000,418.291772829896,97
2024-09-16 09:36:01.462000,418.2389628615406,1001
2024-09-16 09:36:01.509000,418.2861755700825,12
2024-09-16 09:36:01.606000,418.2340190968831,1000
2024-09-16 09:36:01.623000,418.250273958579,97
2024-09-16 09:36:01.643000,418.241815992874,1004
2024-09-16 09:36:01.708000,418.286291907837,1001
2024-09-16 09:36:01.752000,418.2203892490312,97
2024-09-16 09:36:01.755000,418.2485604112345,1004
2024-09-16 09:36:01.770000,418.24403635795824,1000
2024-09-16 09:36:01.823000,418.21900472450113,105
2024-09-16 09:36:01.869000,418.3055559891654,995
2024-09-16 09:36:02.031000,418.29722632788713,999
2024-09-16 09:36:02.039000,418.31580202317286,997
2024-09-16 09:36:02.052000,418.3283839957277,97
2024-09-16 09:36:02.134000,418.3190064608746,996
2024-09-16 09:36:02.156000,418.3036062987911,1005
2024-09-16 09:36:02.185000,418.33247619608267,1001
2024-09-16 09:36:02.190000,418.2932155174153,15
2024-09-16 09:36:02.216000,418.31189518533387,103
2024-09-16 09:36:02.244000,418.3101461825015,15
2024-09-16 09:36:02.246000,418.3210521671051,100
2024-09-16 09:36:02.260000,418.30938419946807,97
2024-09-16 09:36:02.265000,418.3124428074517,105
2024-09-16 09:36:02.313000,418.2874322764205,1000
2024-09-16 09:36:02.394000,418.3261799592921,6
2024-09-16 09:36:02.456000,418.2806297155328,14
2024-09-16 09:36:02.587000,418.2888951105487,995
2024-09-16 09:36:02.603000,418.3082060123759,1002
2024-09-16 09:36:02.716000,418.3280038987815,1005
2024-09-16 09:36:02.732000,418.30774463760025,1004
2024-09-16 09:36:02.769000,418.3289001786226,6
2024-09-16 09:36:02.777000,418.3084559391645,998
2024-09-16 09:36:02.910000,418.3239392995941,14
2024-09-16 09:36:02.929000,418.295363555482,104
2024-09-16 09:36:02.962000,418.2780680461744,9
2024-09-16 09:36:02.963000,418.3263507424789,100
2024-09-16 09:36:02.980000,418.31971271998873,996
2024-09-16 09:36:03.208000,418.37460913843415,10
2024-09-16 09:36:03.226000,418.3988979458632,997
2024-09-16 09:36:03.324000,418.3446681923899,101
2024-09-16 09:36:03.341000,418.356304103559,10
2024-09-16 09:36:03.386000,418.3717251425832,8
2024-09-16 09:36:03.421000,418.37646459304347,100
2024-09-16 09:36:03.422000,418.4109897638292,13
2024-09-16 09:36:03.444000,418.3923958611757,997
2024-09-16 09:36:03.475000,418.38629834438456,996
2024-09-16 09:36:03.533000,418.3928389150883,9
2024-09-16 09:36:03.593000,418.32670703890767,96
2024-09-16 09:36:03.625000,418.325893439039,1004
2024-09-16 09:36:03.639000,418.3525682672561,12
2024-09-16 09:36:03.783000,418.3698897945964,1000
2024-09-16 09:36:03.891000,418.35554668461816,96
2024-09-16 09:36:04.759000,418.3420351121796,6
2024-09-16 09:36:06.090000,418.3887976667912,10
2024-09-16 09:36:06.182000,418.3675865572923,8
2024-09-16 09:36:06.233000,418.34039127836894,14
2024-09-16 09:36:06.272000,418.3548317139971,103
2024-09-16 09:36:06.299000,418.3470606967666,97
2024-09-16 09:36:06.330000,418.34826352414615,8
2024-09-16 09:36:06.427000,418.3556364692308,7
2024-09-16 09:36:06.469000,418.3504479457856,998
2024-09-16 09:36:06.493000,418.3537848545786,1004
2024-09-16 09:36:06.700000,418.35427625772616,995
2024-09-16 09:36:06.739000,418.3532733493207,12
2024-09-16 09:36:06.747000,418.3448207123979,102
2024-09-16 09:36:06.770000,418.3931039637867,1004
2024-09-16 09:36:06.808000,418.3470164568423,996
2024-09-16 09:36:06.871000,418.344293844786,1004
2024-09-16 09:36:07.012000,418.40472354358496,10
2024-09-16 09:36:07.043000,418.3377735990578,1003
2024-09-16 09:36:07.096000,418.3708728855772,105
2024-09-16 09:36:07.108000,418.3942531958306,998
2024-09-16 09:36:07.135000,418.3497441985962,104
2024-09-16 09:36:07.178000,418.4123936256505,14
2024-09-16 09:36:07.181000,418.4037938364555,11
2024-09-16 09:36:07.208000,418.38019829055287,1001
2024-09-16 09:36:07.247000,418.3987171782483,105
2024-09-16 09:36:07.424000,418.3353320854855,12
2024-09-16 09:36:07.460000,418.407191799017,1002
2024-09-16 09:36:07.471000,418.3398252147232,13
2024-09-16 09:36:07.477000,418.378977569458,96
2024-09-16 09:36:07.504000,418.41876354589925,98
2024-09-16 09:36:07.540000,418.3886072441261,103
2024-09-16 09:36:07.541000,418.4035993437357,996
2024-09-16 09:36:07.604000,418.3567934967536,101
2024-09-16 09:36:07.657000,418.390737602582,104
2024-09-16 09:36:07.675000,418.3666272637056,12
2024-09-16 09:36:07.728000,418.4069233486602,100
2024-09-16 09:36:07.745000,418.3578992436424,7
2024-09-16 09:36:07.751000,418.4089163296144,5
2024-09-16 09:36:07.807000,418.37691265409705,1003
2024-09-16 09:36:07.887000,418.3852050902166,101
2024-09-16 09:36:07.905000,418.3642561190522,8
2024-09-16 09:36:07.909000,418.374307239906,104
2024-09-16 09:36:07.937000,418.40454017854,97
2024-09-16 09:36:07.951000,418.3683388695865,9
2024-09-16 09:36:08.028000,418.435248863876,8
2024-09-16 09:36:08.073000,418.423034858994,15
2024-09-16 09:36:08.143000,418.4003618760123,15
2024-09-16 09:36:08.219000,418.4166666989728,104
2024-09-16 09:36:08.445000,418.3965448979962,7
2024-09-16 09:36:08.558000,418.4193791794355,105
2024-09-16 09:36:08.673000,418.4066367747155,104
2024-09-16 09:36:08.759000,418.421152378743,13
2024-09-16 09:36:08.761000,418.4373123581213,9
2024-09-16 09:36:08.887000,418.3981074080782,1002
2024-09-16 09:36:08.969000,418.40818755811887,5
2024-09-16 09:36:09.014000,418.4183510414863,95
2024-09-16 09:36:09.120000,418.4157126401311,1005
2024-09-16 09:36:09.219000,418.4196504012306,9
2024-09-16 09:36:09.306000,418.4112320880032,1004
2024-09-16 09:36:10.471000,418.3999009856887,102
2024-09-16 09:36:10.681000,418.3964218530111,102
2024-09-16 09:36:10.823000,418.4090247541905,9
2024-09-16 09:36:10.915000,418.3813073781913,8
2024-09-16 09:36:11.001000,418.4062483857136,1005
2024-09-16 09:36:11.031000,418.37434187754,8
2024-09-16 09:36:11.073000,418.360897679732,9
2024-09-16 09:36:11.193000,418.3228801391438,9
2024-09-16 09:36:11.264000,418.32482908534087,102
2024-09-16 09:36:11.274000,418.3329752772127,101
2024-09-16 09:36:11.286000,418.37103573201296,105
2024-09-16 09:36:11.309000,418.3541408041991,1005
2024-09-16 09:36:11.348000,418.40229908146114,105
2024-09-16 09:36:11.353000,418.31722588300624,98
2024-09-16 09:36:11.396000,418.3232428266959,102
2024-09-16 09:36:11.441000,418.3128473223825,1001
2024-09-16 09:36:11.506000,418.3524713755128,101
2024-09-16 09:36:11.610000,418.29420192216463,999
2024-09-16 09:36:11.628000,418.3935325904004,5
2024-09-16 09:36:11.645000,418.33405315074873,996
2024-09-16 09:36:11.669000,418.3572813003468,96
2024-09-16 09:36:11.686000,418.38644161070295,1004
2024-09-16 09:36:11.768000,418.3162058929395,996
2024-09-16 09:36:11.773000,418.318416090042,1002
2024-09-16 09:36:11.809000,418.3582878343592,5
2024-09-16 09:36:11.831000,418.3732926000185,997
2024-09-16 09:36:11.877000,418.3725393400292,1002
2024-09-16 09:36:11.878000,418.3575286181307,996
2024-09-16 09:36:11.967000,418.3135360381764,96
2024-09-16 09:36:12.012000,418.379355412792,7
2024-09-16 09:36:12.050000,418.3920834852288,997
2024-09-16 09:36:12.070000,418.36616277470654,1004
2024-09-16 09:36:12.143000,418.3932070972791,1001
2024-09-16 09:36:12.271000,418.41285445885023,996
2024-09-16 09:36:12.281000,418.3906380104135,14
2024-09-16 09:36:12.383000,418.3847246581193,104
2024-09-16 09:36:12.424000,418.3914127625228,1000
2024-09-16 09:36:12.440000,418.38458912042415,1001
2024-09-16 09:36:12.542000,418.3939155178248,15
2024-09-16 09:36:12.556000,418.3910777156372,102
2024-09-16 09:36:12.564000,418.3669617133118,98
2024-09-16 09:36:12.576000,418.3817518473544,100
2024-09-16 09:36:12.583000,418.3782072031495,15
2024-09-16 09:36:12.621000,418.3898394710047,15
2024-09-16 09:36:12.624000,418.38374446938695,10
2024-09-16 09:36:12.636000,418.3856340673125,95
2024-09-16 09:36:12.667000,418.3881761196527,98
2024-09-16 09:36:12.757000,418.41500035737226,1003
2024-09-16 09:36:12.779000,418.3843163685856,97
2024-09-16 09:36:12.824000,418.38995496214426,100
2024-09-16 09:36:13.051000,418.38604979450326,12
2024-09-16 09:36:13.346000,418.3916617203106,96
2024-09-16 09:36:13.437000,418.3932043661837,1000
2024-09-16 09:36:13.454000,418.3717409692283,997
2024-09-16 09:36:13.481000,418.4089002473785,105
2024-09-16 09:36:13.505000,418.3731446468447,15
2024-09-16 09:36:13.594000,418.3831964022823,1000
2024-09-16 09:36:13.728000,418.39031689948064,95
2024-09-16 09:36:14.113000,418.3296849308595,13
2024-09-16 09:36:14.365000,418.3434711639918,8
2024-09-16 09:36:14.452000,418.3463179700725,6
2024-09-16 09:36:14.569000,418.3389357860855,995
2024-09-16 09:36:14.587000,418.364093341728,1001
2024-09-16 09:36:14.663000,418.3373595136574,96
2024-09-16 09:36:14.678000,418.3220360761127,996
2024-09-16 09:36:14.768000,418.35143478010735,102
2024-09-16 09:36:15.454000,418.3495211230893,1003
2024-09-16 09:36:15.495000,418.35390221042593,999
2024-09-16 09:36:16.029000,418.35883284593416,7
2024-09-16 09:36:16.068000,418.3520494091008,5
2024-09-16 09:36:16.068000,418.3527604973276,7
2024-09-16 09:36:16.144000,418.3652456278614,999
2024-09-16 09:36:16.188000,418.3690108353654,7
2024-09-16 09:36:16.207000,418.37859748897193,14
2024-09-16 09:36:16.345000,418.3569065752199,15
2024-09-16 09:36:16.483000,418.3696110002685,8
2024-09-16 09:36:16.488000,418.3544171829832,97
2024-09-16 09:36:16.557000,418.3584850135685,1004
2024-09-16 09:36:16.559000,418.3785408695844,1000
2024-09-16 09:36:16.573000,418.4000443746171,997
2024-09-16 09:36:16.596000,418.3447085979378,99
2024-09-16 09:36:16.599000,418.3539453230182,100
2024-09-16 09:36:16.618000,418.35396163905,1003
2024-09-16 09:36:16.720000,418.3810720127539,13
2024-09-16 09:36:16.899000,418.37745323490657,99
2024-09-16 09:36:17.036000,418.4233522218761,7
2024-09-16 09:36:17.248000,418.3917278351609,11
2024-09-16 09:36:17.361000,418.3714012383205,105
2024-09-16 09:36:17.434000,418.38339829359086,998
2024-09-16 09:36:17.544000,418.3892951787135,1005
2024-09-16 09:36:17.678000,418.3565241295268,12
2024-09-16 09:36:17.688000,418.3796117618924,995
2024-09-16 09:36:17.710000,418.39838245366366,997
2024-09-16 09:36:17.741000,418.3824678427572,996
2024-09-16 09:36:17.745000,418.3612439071949,99
2024-09-16 09:36:17.825000,418.3745723882273,995
2024-09-16 09:36:17.860000,418.3632011804012,97
2024-09-16 09:36:17.876000,418.3587903294141,96
2024-09-16 09:36:17.966000,418.4029235858866,7
2024-09-16 09:36:17.982000,418.3756323249952,995
2024-09-16 09:36:18.014000,418.4018596409951,101
2024-09-16 09:36:18.092000,418.42901775432415,6
2024-09-16 09:36:18.236000,418.45308156289184,1002
2024-09-16 09:36:18.444000,418.419011797056,98
2024-09-16 09:36:18.575000,418.4238416586616,104
2024-09-16 09:36:18.613000,418.4043054492144,1002
2024-09-16 09:36:18.631000,418.38912452774855,96
2024-09-16 09:36:18.633000,418.448146865416,105
2024-09-16 09:36:18.646000,418.41110914734617,5
2024-09-16 09:36:18.648000,418.4509523422395,1002
2024-09-16 09:36:18.709000,418.4519926537172,12
2024-09-16 09:36:18.777000,418.4609548964809,6
2024-09-16 09:36:18.787000,418.46137894359833,1001
2024-09-16 09:36:18.787000,418.4588861429976,1002
2024-09-16 09:36:18.852000,418.396531498418,9
2024-09-16 09:36:19.063000,418.4130658531681,15
2024-09-16 09:36:19.303000,418.4254878967088,1004
2024-09-16 09:36:20.089000,418.385408048468,100
2024-09-16 09:36:20.125000,418.39192851867546,96
2024-09-16 09:36:20.191000,418.3798696129772,1005
2024-09-16 09:36:20.203000,418.43713026413343,999
2024-09-16 09:36:20.225000,418.3679631150087,99
2024-09-16 09:36:20.272000,418.3916587023244,12
2024-09-16 09:36:20.302000,418.37680243738,1003
2024-09-16 09:36:20.322000,418.3802893925141,997
2024-09-16 09:36:20.426000,418.39048802943626,95
2024-09-16 09:36:20.434000,418.38541070157527,14
2024-09-16 09:36:20.483000,418.40294155778673,98
2024-09-16 09:36:20.538000,418.3889110208471,105
2024-09-16 09:36:20.558000,418.3882703197157,996
2024-09-16 09:36:20.684000,418.3807112749396,1000
2024-09-16 09:36:20.705000,418.4012317299314,997
2024-09-16 09:36:20.741000,418.4133540343929,12
2024-09-16 09:36:20.843000,418.4099182006872,102
2024-09-16 09:36:20.873000,418.39684651902553,1000
2024-09-16 09:36:20.908000,418.40971636435086,1001
2024-09-16 09:36:21.039000,418.3953139754021,99
2024-09-16 09:36:21.081000,418.405644436488,15
2024-09-16 09:36:21.099000,418.38793820233457,6
2024-09-16 09:36:21.136000,418.4052024580234,1000
2024-09-16 09:36:21.142000,418.3891973823588,103
2024-09-16 09:36:21.159000,418.40564197165673,101
2024-09-16 09:36:21.243000,418.3919638658029,8
2024-09-16 09:36:21.264000,418.3994499739789,997
2024-09-16 09:36:21.330000,418.3718453960304,995
2024-09-16 09:36:21.335000,418.4022987045789,13
2024-09-16 09:36:21.379000,418.3831106570588,1003
2024-09-16 09:36:21.499000,418.3883223511591,99
2024-09-16 09:36:21.505000,418.3960745379992,997
2024-09-16 09:36:21.507000,418.40101172975255,103
2024-09-16 09:36:21.548000,418.3951937516954,5
2024-09-16 09:36:21.580000,418.37766815923374,14
2024-09-16 09:36:21.626000,418.3931710427483,10
2024-09-16 09:36:21.736000,418.40446150709175,8
2024-09-16 09:36:21.822000,418.39744466820434,10
2024-09-16 09:36:21.831000,418.4149671041317,105
2024-09-16 09:36:21.841000,418.4017343406068,100
2024-09-16 09:36:21.869000,418.4041477143009,998
2024-09-16 09:36:22.025000,418.3190163188108,105
2024-09-16 09:36:22.032000,418.3359928724948,15
2024-09-16 09:36:22.035000,418.3980658183202,99
2024-09-16 09:36:22.040000,418.39939383125295,15
2024-09-16 09:36:22.073000,418.33230146186014,101
2024-09-16 09:36:22.155000,418.3378041935177,11
2024-09-16 09:36:22.175000,418.3425972906708,11
2024-09-16 09:36:22.330000,418.3139131393426,101
2024-09-16 09:36:22.382000,418.3167226073582,5
2024-09-16 09:36:22.437000,418.3149344378212,95
2024-09-16 09:36:22.452000,418.33152156884313,1004
2024-09-16 09:36:22.527000,418.3394763509731,11
2024-09-16 09:36:22.576000,418.3250527167089,105
2024-09-16 09:36:22.576000,418.38945239506114,7
2024-09-16 09:36:22.782000,418.38386104518463,99
2024-09-16 09:36:22.858000,418.3347583577665,104
2024-09-16 09:36:22.874000,418.3152821247826,999
2024-09-16 09:36:22.901000,418.32967829307137,8
2024-09-16 09:36:22.923000,418.3556825355071,1002
2024-09-16 09:36:22.931000,418.3950966872425,1001
2024-09-16 09:36:23.015000,418.3371872610855,101
2024-09-16 09:36:23.028000,418.2800615349776,11
2024-09-16 09:36:23.053000,418.313946759233,15
2024-09-16 09:36:23.068000,418.31204598799314,1003
2024-09-16 09:36:23.132000,418.3101076058903,1005
2024-09-16 09:36:23.166000,418.3308766628313,997
2024-09-16 09:36:23.192000,418.2811285576156,6
2024-09-16 09:36:23.205000,418.3110272198832,95
2024-09-16 09:36:23.249000,418.3265475445396,7
2024-09-16 09:36:23.265000,418.3343875537399,8
2024-09-16 09:36:23.267000,418.2918432537044,10
2024-09-16 09:36:23.282000,418.3394839934191,1002
2024-09-16 09:36:23.462000,418.326943755355,98
2024-09-16 09:36:23.652000,418.3054717094204,1005
2024-09-16 09:36:23.670000,418.279338736028,13
2024-09-16 09:36:23.689000,418.3130212149776,5
2024-09-16 09:36:23.718000,418.2669033160085,97
2024-09-16 09:36:23.749000,418.31774366514384,96
2024-09-16 09:36:23.788000,418.3359485413815,1005
2024-09-16 09:36:23.796000,418.3295097105738,96
2024-09-16 09:36:23.802000,418.2731550771015,996
2024-09-16 09:36:23.859000,418.3074175373485,11
2024-09-16 09:36:25.125000,418.3431689484757,9
2024-09-16 09:36:25.171000,418.3594699926356,102
2024-09-16 09:36:25.208000,418.33903299793707,98
2024-09-16 09:36:25.209000,418.31688692575926,13
2024-09-16 09:36:25.271000,418.3556852580178,97
2024-09-16 09:36:25.276000,418.34639401361295,5
2024-09-16 09:36:25.296000,418.3155795464263,1004
2024-09-16 09:36:25.498000,418.3156559523278,995
2024-09-16 09:36:25.504000,418.33669111341936,15
2024-09-16 09:36:25.525000,418.3238562107107,15
2024-09-16 09:36:25.535000,418.3313101251926,14
2024-09-16 09:36:25.582000,418.3133091741319,95
2024-09-16 09:36:25.585000,418.32408138507856,1002
2024-09-16 09:36:25.594000,418.3316593463183,97
2024-09-16 09:36:25.613000,418.3222642142554,11
2024-09-16 09:36:25.636000,418.335480881128,15
2024-09-16 09:36:25.680000,418.3402439286629,11
2024-09-16 09:36:25.698000,418.3283770304371,1005
2024-09-16 09:36:25.879000,418.32235208689247,1003
2024-09-16 09:36:25.879000,418.3402032756112,995
2024-09-16 09:36:25.886000,418.31642008239,14
2024-09-16 09:36:26.097000,418.2749140745525,1003
2024-09-16 09:36:26.119000,418.2922287894791,104
2024-09-16 09:36:26.162000,418.2767103371658,10
2024-09-16 09:36:26.265000,418.2580321996046,99
2024-09-16 09:36:26.317000,418.28680743945097,103
2024-09-16 09:36:26.411000,418.3056888375618,1003
2024-09-16 09:36:26.434000,418.29601317236205,10
2024-09-16 09:36:26.481000,418.3206976436133,13
2024-09-16 09:36:26.561000,418.3046390578001,13
2024-09-16 09:36:26.599000,418.29127503163664,13
2024-09-16 09:36:26.646000,418.3203766982292,105
2024-09-16 09:36:26.677000,418.265168467196,103
2024-09-16 09:36:26.799000,418.2878311818277,104
2024-09-16 09:36:26.838000,418.320754630342,99
2024-09-16 09:36:26.883000,418.3285669130413,96
2024-09-16 09:36:26.883000,418.30747083969953,104
2024-09-16 09:36:26.934000,418.3255152672148,1000
2024-09-16 09:36:26.953000,418.28223738360657,1004
2024-09-16 09:36:27.040000,418.30009738392494,101
2024-09-16 09:36:27.046000,418.28740204593146,1005
2024-09-16 09:36:27.111000,418.249624477716,997
2024-09-16 09:36:27.266000,418.2591361681239,996
2024-09-16 09:36:27.488000,418.2764353322615,96
2024-09-16 09:36:27.512000,418.2720173265352,9
2024-09-16 09:36:27.515000,418.280446909672,102
2024-09-16 09:36:27.681000,418.2722075973184,6
2024-09-16 09:36:27.769000,418.27448088181217,103
2024-09-16 09:36:27.917000,418.258531095194,1005
2024-09-16 09:36:28.010000,418.2245792405245,12
2024-09-16 09:36:28.013000,418.1974430464499,13
2024-09-16 09:36:28.026000,418.20282886358615,1004
2024-09-16 09:36:28.060000,418.19957057974153,995
2024-09-16 09:36:28.072000,418.1993374684,99
2024-09-16 09:36:28.279000,418.2146048327347,11
2024-09-16 09:36:28.290000,418.2089437531391,1001
2024-09-16 09:36:28.342000,418.1856082510757,1001
2024-09-16 09:36:28.480000,418.1722648010102,999
2024-09-16 09:36:28.602000,418.18735784780273,1002
2024-09-16 09:36:28.657000,418.2088259656329,11
2024-09-16 09:36:28.731000,418.17484230181606,1000
2024-09-16 09:36:28.760000,418.19596102810937,1000
2024-09-16 09:36:28.826000,418.211182176714,10
2024-09-16 09:36:28.876000,418.216142569726,5
2024-09-16 09:36:28.963000,418.19759418700295,95
2024-09-16 09:36:29.021000,418.22114844083154,1001
2024-09-16 09:36:29.185000,418.2635514157015,10
2024-09-16 09:36:29.454000,418.2512075226455,8
2024-09-16 09:36:29.522000,418.2168709134351,11
2024-09-16 09:36:29.635000,418.2416509424228,100
2024-09-16 09:36:29.635000,418.2502781375148,105
2024-09-16 09:36:29.872000,418.2417291785165,100
2024-09-16 09:36:30.075000,418.2646209088984,100
2024-09-16 09:36:30.484000,418.25488552611984,98
2024-09-16 09:36:30.609000,418.2576382306819,14
2024-09-16 09:36:31.193000,418.25987743030265,7
2024-09-16 09:36:31.320000,418.30823941866953,1001
2024-09-16 09:36:31.366000,418.2801606911578,104
2024-09-16 09:36:31.492000,418.2624768247356,13
2024-09-16 09:36:32.145000,418.3279825433309,15
2024-09-16 09:36:32.353000,418.371833847973,1001
2024-09-16 09:36:32.498000,418.4004282061719,102
2024-09-16 09:36:32.771000,418.37745336286406,1002
2024-09-16 09:36:32.790000,418.3512658680463,100
2024-09-16 09:36:32.826000,418.3322175057583,996
2024-09-16 09:36:32.948000,418.39425405045455,13
2024-09-16 09:36:33.137000,418.4266789560977,14
2024-09-16 09:36:33.167000,418.4134157337321,9
2024-09-16 09:36:33.178000,418.4308544952936,9
2024-09-16 09:36:33.223000,418.3832857415101,97
2024-09-16 09:36:33.232000,418.4555882262316,999
2024-09-16 09:36:33.256000,418.4041654266752,96
2024-09-16 09:36:33.295000,418.4058158991591,7
2024-09-16 09:36:33.331000,418.430233211478,997
2024-09-16 09:36:33.392000,418.4511982770934,1002
2024-09-16 09:36:33.402000,418.394770563641,13
2024-09-16 09:36:33.410000,418.4085000700254,105
2024-09-16 09:36:33.652000,418.426074482111,995
2024-09-16 09:36:33.662000,418.4466976579843,1003
2024-09-16 09:36:33.722000,418.3849911744143,1004
2024-09-16 09:36:33.745000,418.3912901815929,104
2024-09-16 09:36:33.755000,418.3940699000565,97
2024-09-16 09:36:33.871000,418.3863130318993,1000
2024-09-16 09:36:33.873000,418.41101737272567,13
2024-09-16 09:36:34.005000,418.4098493026085,96
2024-09-16 09:36:34.021000,418.3960900624456,1001
2024-09-16 09:36:34.064000,418.40183797638286,96
2024-09-16 09:36:34.090000,418.439569140661,12
2024-09-16 09:36:34.116000,418.3731820156595,12
2024-09-16 09:36:34.157000,418.41020786275374,10
2024-09-16 09:36:34.187000,418.36497960823016,11
2024-09-16 09:36:34.224000,418.3684894071482,99
2024-09-16 09:36:34.271000,418.4024090495544,1000
2024-09-16 09:36:34.290000,418.4100419849193,100
2024-09-16 09:36:34.314000,418.3681083659936,7
2024-09-16 09:36:34.383000,418.3588443409002,1002
2024-09-16 09:36:34.394000,418.39652381197067,105
2024-09-16 09:36:34.489000,418.3659525643223,95
2024-09-16 09:36:34.490000,418.4351026957689,5
2024-09-16 09:36:34.525000,418.34760424991146,95
2024-09-16 09:36:34.586000,418.40892679126176,5
2024-09-16 09:36:34.600000,418.3946645245649,99
2024-09-16 09:36:34.601000,418.3981644150246,97
2024-09-16 09:36:34.639000,418.3875242827679,97
2024-09-16 09:36:34.661000,418.3572897523576,11
2024-09-16 09:36:34.668000,418.4110708381739,105
2024-09-16 09:36:34.685000,418.3638769556247,997
2024-09-16 09:36:34.778000,418.4064830161301,100
2024-09-16 09:36:34.886000,418.3551418172021,99
2024-09-16 09:36:34.895000,418.4157218465077,7
2024-09-16 09:36:34.938000,418.35807452858825,1003
2024-09-16 09:36:35.084000,418.3470911253767,1005
2024-09-16 09:36:35.385000,418.3378784576408,997
2024-09-16 09:36:36.025000,418.32900319342457,13
2024-09-16 09:36:36.119000,418.3067284137632,995
2024-09-16 09:36:36.142000,418.3212395698026,105
2024-09-16 09:36:36.305000,418.3219469174838,103
2024-09-16 09:36:36.324000,418.32422765911525,14
2024-09-16 09:36:36.473000,418.3427981390335,1004
2024-09-16 09:36:36.636000,418.3167889487377,997
2024-09-16 09:36:36.695000,418.32639381901066,101
2024-09-16 09:36:36.702000,418.3170597378139,14
2024-09-16 09:36:36.723000,418.3449860783114,1002
2024-09-16 09:36:36.751000,418.3378851659386,7
2024-09-16 09:36:36.872000,418.32482818918834,7
2024-09-16 09:36:36.930000,418.3303334902368,1000
2024-09-16 09:36:36.983000,418.3229679139221,96
2024-09-16 09:36:37.005000,418.3109533751765,998
2024-09-16 09:36:37.119000,418.3054923359354,6
2024-09-16 09:36:37.127000,418.36870268904,98
2024-09-16 09:36:37.220000,418.3118158724562,7
2024-09-16 09:36:37.241000,418.3047866765179,10
2024-09-16 09:36:37.241000,418.31145483506657,7
2024-09-16 09:36:37.255000,418.32479335695774,7
2024-09-16 09:36:37.274000,418.2870582940236,13
2024-09-16 09:36:37.341000,418.31430308759366,104
2024-09-16 09:36:37.431000,418.38492051753576,7
2024-09-16 09:36:37.462000,418.323791123034,11
2024-09-16 09:36:37.548000,418.29304497206897,999
2024-09-16 09:36:37.618000,418.3727017487264,8
2024-09-16 09:36:37.672000,418.3209942160781,1002
2024-09-16 09:36:37.734000,418.3622780855085,1002
2024-09-16 09:36:37.794000,418.3096469867909,998
2024-09-16 09:36:37.799000,418.3145560012492,14
2024-09-16 09:36:37.803000,418.3105301509588,997
2024-09-16 09:36:37.806000,418.3530197368015,1000
2024-09-16 09:36:37.830000,418.3253050063648,100
2024-09-16 09:36:37.846000,418.34664544488624,8
2024-09-16 09:36:37.847000,418.3902695934002,13
2024-09-16 09:36:37.872000,418.3259200579384,105
2024-09-16 09:36:37.907000,418.3738486688276,1004
2024-09-16 09:36:37.917000,418.3131150976523,96
2024-09-16 09:36:37.925000,418.3114894771833,997
2024-09-16 09:36:37.935000,418.3301205481986,996
2024-09-16 09:36:37.939000,418.3789905695136,103
2024-09-16 09:36:38,418.4539480572707,995
2024-09-16 09:36:38.047000,418.3795338409789,98
2024-09-16 09:36:38.069000,418.41079749507793,14
2024-09-16 09:36:38.104000,418.3906285114304,998
2024-09-16 09:36:38.110000,418.3499449714673,100
2024-09-16 09:36:38.267000,418.356107631752,997
2024-09-16 09:36:38.360000,418.46277144793584,99
2024-09-16 09:36:38.395000,418.37064742334985,12
2024-09-16 09:36:38.489000,418.3845969350651,996
2024-09-16 09:36:38.491000,418.3532965219552,995
2024-09-16 09:36:38.503000,418.363929429637,8
2024-09-16 09:36:38.562000,418.3620082496731,12
2024-09-16 09:36:38.591000,418.34955586985416,6
2024-09-16 09:36:38.630000,418.4347458564669,10
2024-09-16 09:36:38.633000,418.3509114002266,13
2024-09-16 09:36:38.656000,418.3610805106652,99
2024-09-16 09:36:38.720000,418.3860306024839,8
2024-09-16 09:36:38.762000,418.36329215037983,7
2024-09-16 09:36:38.769000,418.3512420723659,1004
2024-09-16 09:36:38.822000,418.3419437797545,8
2024-09-16 09:36:38.857000,418.46401917576407,10
2024-09-16 09:36:38.876000,418.3564366587448,101
2024-09-16 09:36:38.911000,418.4588749397644,1003
2024-09-16 09:36:39.574000,418.45476358727535,15
2024-09-16 09:36:39.813000,418.4526132821314,995
2024-09-16 09:36:40.045000,418.4232762530333,1002
2024-09-16 09:36:40.058000,418.43495940357263,102
2024-09-16 09:36:40.079000,418.4206642630084,15
2024-09-16 09:36:40.228000,418.41669375829065,99
2024-09-16 09:36:40.266000,418.4105554158414,100
2024-09-16 09:36:40.275000,418.4141342917824,1005
2024-09-16 09:36:40.304000,418.4178145905032,1005
2024-09-16 09:36:40.332000,418.4400354879152,8
2024-09-16 09:36:40.362000,418.4355752359108,6
2024-09-16 09:36:40.374000,418.4208963503572,1003
2024-09-16 09:36:40.381000,418.4118451908346,11
2024-09-16 09:36:40.409000,418.40993410834267,1003
2024-09-16 09:36:40.416000,418.4397850390688,101
2024-09-16 09:36:40.422000,418.4317584994256,7
2024-09-16 09:36:40.465000,418.4189854156392,96
2024-09-16 09:36:40.476000,418.4271170999139,995
2024-09-16 09:36:40.479000,418.423795489634,1002
2024-09-16 09:36:40.561000,418.40329536591867,15
2024-09-16 09:36:40.583000,418.4352873423694,102
2024-09-16 09:36:40.680000,418.421783712771,995
2024-09-16 09:36:40.783000,418.4126702035439,101
2024-09-16 09:36:40.814000,418.4217440948384,8
2024-09-16 09:36:40.989000,418.4430215987903,7
2024-09-16 09:36:40.999000,418.4472917955696,101
2024-09-16 09:36:41.006000,418.4111535057757,8
2024-09-16 09:36:41.014000,418.39386087179184,98
2024-09-16 09:36:41.060000,418.4169352913871,105
2024-09-16 09:36:41.077000,418.401515872169,1005
2024-09-16 09:36:41.087000,418.39407884104105,1004
2024-09-16 09:36:41.117000,418.36975487223816,6
2024-09-16 09:36:41.164000,418.4534020603063,11
2024-09-16 09:36:41.212000,418.4504070568895,15
2024-09-16 09:36:41.230000,418.4563671663164,103
2024-09-16 09:36:41.270000,418.42595484861386,12
2024-09-16 09:36:41.360000,418.4078709230487,97
2024-09-16 09:36:41.363000,418.44532872552656,95
2024-09-16 09:36:41.515000,418.3697024450136,6
2024-09-16 09:36:41.520000,418.44446759470986,1005
2024-09-16 09:36:41.566000,418.4184802969058,97
2024-09-16 09:36:41.667000,418.46119722952426,13
2024-09-16 09:36:41.790000,418.4239510941247,995
2024-09-16 09:36:41.817000,418.3786059951904,8
2024-09-16 09:36:41.826000,418.4615407753008,100
2024-09-16 09:36:41.846000,418.4330658552449,1004
2024-09-16 09:36:41.864000,418.3827889328893,1000
2024-09-16 09:36:41.871000,418.3989590100571,11
2024-09-16 09:36:41.884000,418.4007028266121,1002
2024-09-16 09:36:41.894000,418.4065541738462,105
2024-09-16 09:36:41.905000,418.4162592587381,98
2024-09-16 09:36:42.001000,418.3617090692799,95
2024-09-16 09:36:42.113000,418.37107942998097,7
2024-09-16 09:36:42.226000,418.3556655886558,103
2024-09-16 09:36:42.243000,418.37009017836704,998
2024-09-16 09:36:42.359000,418.3584791633001,995
2024-09-16 09:36:42.420000,418.36240312651057,100
2024-09-16 09:36:42.430000,418.3592770118013,11
2024-09-16 09:36:42.470000,418.3413411630665,96
2024-09-16 09:36:42.579000,418.3846543596695,1002
2024-09-16 09:36:42.582000,418.3730192111148,999
2024-09-16 09:36:42.635000,418.3402658503591,102
2024-09-16 09:36:42.654000,418.3529918805738,997
2024-09-16 09:36:42.712000,418.37449417780095,14
2024-09-16 09:36:42.750000,418.3621632640515,12
2024-09-16 09:36:42.825000,418.3487697844721,1000
2024-09-16 09:36:42.836000,418.345556720692,103
2024-09-16 09:36:42.923000,418.3305169314975,9
2024-09-16 09:36:43.028000,418.400133963404,101
2024-09-16 09:36:43.136000,418.3982730972697,99
2024-09-16 09:36:43.146000,418.3983642412563,104
2024-09-16 09:36:43.263000,418.3952443347304,999
2024-09-16 09:36:43.329000,418.3836989628997,997
2024-09-16 09:36:43.443000,418.4051914797667,15
2024-09-16 09:36:43.612000,418.3981510523488,5
2024-09-16 09:36:43.745000,418.4031749717876,105
2024-09-16 09:36:43.781000,418.40597786102927,8
2024-09-16 09:36:43.798000,418.4066350841086,102
2024-09-16 09:36:43.812000,418.3917205578509,1002
2024-09-16 09:36:43.837000,418.3876897105392,9
2024-09-16 09:36:44.040000,418.4189349257794,97
2024-09-16 09:36:44.053000,418.3997893651422,11
2024-09-16 09:36:44.075000,418.3828183625499,101
2024-09-16 09:36:44.106000,418.3973257259781,997
2024-09-16 09:36:44.291000,418.3779952976766,9
2024-09-16 09:36:44.389000,418.3773126475274,104
2024-09-16 09:36:44.445000,418.4093620795576,11
2024-09-16 09:36:44.456000,418.4014681030125,99
2024-09-16 09:36:44.628000,418.40293664733895,8
2024-09-16 09:36:44.650000,418.39485908575085,1005
2024-09-16 09:36:44.716000,418.41963829046347,1002
2024-09-16 09:36:44.749000,418.3915440390543,13
2024-09-16 09:36:44.770000,418.3942287959171,1002
2024-09-16 09:36:44.812000,418.3892638249454,7
2024-09-16 09:36:44.839000,418.428173537067,9
2024-09-16 09:36:44.936000,418.424768632238,10
2024-09-16 09:36:44.971000,418.3783302077832,12
2024-09-16 09:36:45.392000,418.3959906523464,1002
2024-09-16 09:36:46.003000,418.34863210408406,97
2024-09-16 09:36:46.009000,418.3552038892779,5
2024-09-16 09:36:46.040000,418.3600723736712,996
2024-09-16 09:36:46.047000,418.36706630400863,1001
2024-09-16 09:36:46.073000,418.3762025686196,1001
2024-09-16 09:36:46.103000,418.3840425265249,1003
2024-09-16 09:36:46.123000,418.3718481045789,1002
2024-09-16 09:36:46.339000,418.3882164724324,96
2024-09-16 09:36:46.392000,418.3585392643634,1004
2024-09-16 09:36:46.449000,418.3473783697545,1002
2024-09-16 09:36:46.488000,418.3661787239457,999
2024-09-16 09:36:46.560000,418.3601137145717,997
2024-09-16 09:36:46.611000,418.3632438588981,997
2024-09-16 09:36:46.649000,418.3600528440175,12
2024-09-16 09:36:46.692000,418.3573914804042,100
2024-09-16 09:36:46.711000,418.31568681967576,13
2024-09-16 09:36:46.786000,418.3303262884655,997
2024-09-16 09:36:46.914000,418.3652170787627,1005
2024-09-16 09:36:46.922000,418.36207941397646,11
2024-09-16 09:36:46.945000,418.3547569297229,996
2024-09-16 09:36:47.637000,418.31198750728834,5
2024-09-16 09:36:48.007000,418.3827689793284,96
2024-09-16 09:36:48.029000,418.4044593785807,13
2024-09-16 09:36:48.144000,418.34362963209,97
2024-09-16 09:36:48.168000,418.3588335620788,11
2024-09-16 09:36:48.227000,418.2943841351727,96
2024-09-16 09:36:48.258000,418.301098679759,95
2024-09-16 09:36:48.266000,418.2868417032519,11
2024-09-16 09:36:48.444000,418.32597256552566,1005
2024-09-16 09:36:48.477000,418.32608365895607,11
2024-09-16 09:36:48.584000,418.4109513680459,6
2024-09-16 09:36:48.591000,418.4076270179556,105
2024-09-16 09:36:48.690000,418.30853867652746,95
2024-09-16 09:36:48.721000,418.3374181360613,9
2024-09-16 09:36:48.763000,418.3091142096052,101
2024-09-16 09:36:48.882000,418.3580567653287,1005
2024-09-16 09:36:49.004000,418.3672472607084,105
2024-09-16 09:36:49.004000,418.379427466386,10
2024-09-16 09:36:49.026000,418.38596816398064,105
2024-09-16 09:36:49.059000,418.4183819791026,11
2024-09-16 09:36:49.127000,418.4201287107425,8
2024-09-16 09:36:49.151000,418.41607069837966,1001
2024-09-16 09:36:49.169000,418.4150469271111,105
2024-09-16 09:36:49.287000,418.4384273178055,15
2024-09-16 09:36:49.324000,418.391023818832,12
2024-09-16 09:36:49.326000,418.43583148853656,9
2024-09-16 09:36:49.333000,418.41538237200285,9
2024-09-16 09:36:49.380000,418.4434059212549,1000
2024-09-16 09:36:49.382000,418.4139940468275,15
2024-09-16 09:36:49.419000,418.4427490543568,1005
2024-09-16 09:36:49.429000,418.4449957945353,1002
2024-09-16 09:36:49.444000,418.3938150707617,1000
2024-09-16 09:36:49.453000,418.4274711339195,105
2024-09-16 09:36:49.507000,418.39450144215294,997
2024-09-16 09:36:49.551000,418.3976688518827,97
2024-09-16 09:36:49.580000,418.4423892921768,95
2024-09-16 09:36:49.581000,418.4376711582707,997
2024-09-16 09:36:49.590000,418.4356235778524,1005
2024-09-16 09:36:49.615000,418.38766715939073,102
2024-09-16 09:36:49.749000,418.4095427836356,7
2024-09-16 09:36:49.767000,418.4302240206658,996
2024-09-16 09:36:49.912000,418.4470543903825,6
2024-09-16 09:36:49.921000,418.3643640620174,7
2024-09-16 09:36:50.074000,418.37275574129467,102
2024-09-16 09:36:50.307000,418.3858469321901,101
2024-09-16 09:36:50.344000,418.3851279332268,1001
2024-09-16 09:36:50.383000,418.36199432958256,1004
2024-09-16 09:36:50.638000,418.3988826338059,1004
2024-09-16 09:36:50.742000,418.3811139099138,6
2024-09-16 09:36:50.956000,418.3972940009588,1005
2024-09-16 09:36:50.975000,418.39083843419263,10
2024-09-16 09:36:51.252000,418.3504427638869,1002
2024-09-16 09:36:51.833000,418.3425283910788,1004
2024-09-16 09:36:51.987000,418.360289751216,1000
2024-09-16 09:36:53.178000,418.336836417925,97
2024-09-16 09:36:53.646000,418.3432569450465,104
2024-09-16 09:36:53.933000,418.3380120320072,100
2024-09-16 09:36:55.143000,418.3712890564289,995
2024-09-16 09:36:55.256000,418.335450421979,1005
2024-09-16 09:36:55.354000,418.3467779262594,98
2024-09-16 09:36:55.382000,418.3339287143981,100
2024-09-16 09:36:55.455000,418.37507950081147,5
2024-09-16 09:36:55.465000,418.3517470541864,11
2024-09-16 09:36:55.531000,418.3550402431225,999
2024-09-16 09:36:55.553000,418.3642713472597,996
2024-09-16 09:36:55.625000,418.339543830978,996
2024-09-16 09:36:55.753000,418.3672609721787,9
2024-09-16 09:36:55.756000,418.3630617063685,95
2024-09-16 09:36:55.843000,418.3566314715267,13
2024-09-16 09:36:56.095000,418.38533164099226,10
2024-09-16 09:36:56.310000,418.3623621716488,1004
2024-09-16 09:36:56.343000,418.397396373284,995
2024-09-16 09:36:56.444000,418.3706570094424,103
2024-09-16 09:36:56.544000,418.3724265244976,5
2024-09-16 09:36:56.594000,418.3914454196298,996
2024-09-16 09:36:56.600000,418.4067449901111,7
2024-09-16 09:36:56.600000,418.373729873589,96
2024-09-16 09:36:56.662000,418.3619913421224,11
2024-09-16 09:36:56.667000,418.3606386351139,997
2024-09-16 09:36:56.687000,418.3866599744641,13
2024-09-16 09:36:56.712000,418.3730197194536,95
2024-09-16 09:36:56.721000,418.3797510983151,6
2024-09-16 09:36:56.747000,418.3617623227757,100
2024-09-16 09:36:56.783000,418.39525618363575,1001
2024-09-16 09:36:56.797000,418.36249097307126,998
2024-09-16 09:36:56.911000,418.3895725037968,105
2024-09-16 09:36:56.991000,418.3859303643735,995
2024-09-16 09:36:56.999000,418.4075766604976,996
2024-09-16 09:36:57.089000,418.4443332024373,7
2024-09-16 09:36:57.099000,418.4417710555903,15
2024-09-16 09:36:57.243000,418.41038462569895,1001
2024-09-16 09:36:57.275000,418.4065286025614,1000
2024-09-16 09:36:57.515000,418.4365808335101,6
2024-09-16 09:36:57.537000,418.415488086781,98
2024-09-16 09:36:57.636000,418.4235938682538,1002
2024-09-16 09:36:57.653000,418.44533429633066,97
2024-09-16 09:36:57.673000,418.408131602313,7
2024-09-16 09:36:57.714000,418.4051112636896,1000
2024-09-16 09:36:57.724000,418.4465765875989,9
2024-09-16 09:36:57.785000,418.4005525836547,995
2024-09-16 09:36:57.811000,418.3885154005984,996
2024-09-16 09:36:57.857000,418.4394986799479,8
2024-09-16 09:36:58.040000,418.4304342747026,11
2024-09-16 09:36:58.049000,418.45887218959257,997
2024-09-16 09:36:58.271000,418.4709085452867,1004
2024-09-16 09:36:58.396000,418.4304130402272,95
2024-09-16 09:36:58.440000,418.4493912856853,14
2024-09-16 09:36:58.470000,418.4539661877382,105
2024-09-16 09:36:58.482000,418.4760524636284,1003
2024-09-16 09:36:58.533000,418.4585932309843,100
2024-09-16 09:36:58.601000,418.4301866288973,997
2024-09-16 09:36:58.602000,418.452763182622,6
2024-09-16 09:36:58.611000,418.4506851618121,12
2024-09-16 09:36:58.649000,418.4839267488039,96
2024-09-16 09:36:58.870000,418.4897140483218,14
2024-09-16 09:36:58.906000,418.486488148117,1002
2024-09-16 09:36:58.963000,418.4790153210798,995
2024-09-16 09:36:58.964000,418.4802629544199,9
2024-09-16 09:36:58.974000,418.4567155148056,11
2024-09-16 09:36:58.991000,418.4831735756308,101
2024-09-16 09:36:58.992000,418.4797934468119,12
2024-09-16 09:36:59.087000,418.48000185989054,7
2024-09-16 09:36:59.137000,418.4741642067832,6
2024-09-16 09:36:59.137000,418.4978914969027,100
2024-09-16 09:36:59.186000,418.5056301023337,995
2024-09-16 09:36:59.192000,418.4812775879499,1003
2024-09-16 09:36:59.286000,418.5235259103947,12
2024-09-16 09:36:59.288000,418.4759841346012,5
2024-09-16 09:36:59.310000,418.513177241704,98
2024-09-16 09:36:59.322000,418.4990581743351,1003
2024-09-16 09:36:59.435000,418.4678424827828,99
2024-09-16 09:36:59.450000,418.50765431907257,9
2024-09-16 09:36:59.468000,418.50505262938975,5
2024-09-16 09:36:59.470000,418.4988169997832,1001
2024-09-16 09:36:59.471000,418.50027788856846,8
2024-09-16 09:36:59.495000,418.4829079380761,1003
2024-09-16 09:36:59.507000,418.4929800452956,13
2024-09-16 09:36:59.556000,418.5160540141068,996
2024-09-16 09:36:59.634000,418.48531023448015,995
2024-09-16 09:36:59.773000,418.4721593795964,15
2024-09-16 09:36:59.787000,418.48341458092847,104
2024-09-16 09:36:59.869000,418.512863842941,105
2024-09-16 09:36:59.927000,418.5230610474266,6
2024-09-16 09:36:59.963000,418.4986446521459,96
