Timestamp,Price,Size
2024-09-20 14:44:00.044000,430.6903657750473,103
2024-09-20 14:44:00.115000,430.6361506179732,5
2024-09-20 14:44:00.183000,430.7130631222552,995
2024-09-20 14:44:00.202000,430.7017026475087,6
2024-09-20 14:44:00.252000,430.6784639962591,999
2024-09-20 14:44:00.307000,430.715920796586,999
2024-09-20 14:44:00.311000,430.68038286396495,1002
2024-09-20 14:44:00.343000,430.7087393496748,1003
2024-09-20 14:44:00.347000,430.7221215889626,100
2024-09-20 14:44:00.370000,430.72094231953366,1001
2024-09-20 14:44:00.476000,430.67852304537473,98
2024-09-20 14:44:00.544000,430.71811935242783,97
2024-09-20 14:44:00.559000,430.6853925106778,99
2024-09-20 14:44:00.563000,430.71758842420377,997
2024-09-20 14:44:00.572000,430.6187930426205,103
2024-09-20 14:44:00.617000,430.70609575732607,99
2024-09-20 14:44:00.661000,430.72690757112287,999
2024-09-20 14:44:00.676000,430.6220183644632,15
2024-09-20 14:44:00.694000,430.702414073855,104
2024-09-20 14:44:00.697000,430.690400341792,105
2024-09-20 14:44:00.765000,430.7075907268608,101
2024-09-20 14:44:00.843000,430.6187449046163,97
2024-09-20 14:44:00.965000,430.7215734074984,11
2024-09-20 14:44:00.988000,430.6564067614751,12
2024-09-20 14:44:01.074000,430.6400433084822,995
2024-09-20 14:44:01.135000,430.6454019279424,105
2024-09-20 14:44:01.181000,430.6323023478341,1002
2024-09-20 14:44:01.273000,430.6490020717413,997
2024-09-20 14:44:01.354000,430.6039909255896,1002
2024-09-20 14:44:01.370000,430.6191250229737,996
2024-09-20 14:44:01.440000,430.62997180984127,5
2024-09-20 14:44:01.463000,430.6030905719522,10
2024-09-20 14:44:01.493000,430.6271820440683,101
2024-09-20 14:44:01.620000,430.6395154664461,13
2024-09-20 14:44:01.779000,430.6140434429823,103
2024-09-20 14:44:01.919000,430.6470277904343,96
2024-09-20 14:44:01.950000,430.6096206842665,10
2024-09-20 14:44:02.011000,430.60069643129737,997
2024-09-20 14:44:02.285000,430.5942891347889,12
2024-09-20 14:44:02.324000,430.61778873456126,100
2024-09-20 14:44:02.358000,430.5983613416527,8
2024-09-20 14:44:02.410000,430.6165086463966,6
2024-09-20 14:44:02.417000,430.612253608348,13
2024-09-20 14:44:02.468000,430.6134449115993,99
2024-09-20 14:44:02.542000,430.6022184026073,103
2024-09-20 14:44:02.565000,430.6088248304821,1001
2024-09-20 14:44:02.640000,430.607389324569,9
2024-09-20 14:44:02.767000,430.6129539117199,96
2024-09-20 14:44:02.814000,430.60810138799343,102
2024-09-20 14:44:02.912000,430.5812560137522,101
2024-09-20 14:44:02.919000,430.5965324485902,15
2024-09-20 14:44:02.925000,430.6197123679357,996
2024-09-20 14:44:02.936000,430.5955433192305,1001
2024-09-20 14:44:03.146000,430.5601258088736,1004
2024-09-20 14:44:03.154000,430.6315284619935,1005
2024-09-20 14:44:03.273000,430.57111933102055,11
2024-09-20 14:44:03.276000,430.61624634805537,998
2024-09-20 14:44:03.313000,430.60948183985306,995
2024-09-20 14:44:03.315000,430.5555585849664,97
2024-09-20 14:44:03.601000,430.583173258646,102
2024-09-20 14:44:03.793000,430.6196937161933,997
2024-09-20 14:44:03.812000,430.57472503728,995
2024-09-20 14:44:03.943000,430.5993470929507,1003
2024-09-20 14:44:03.957000,430.6201520750933,9
2024-09-20 14:44:03.972000,430.5674914021893,96
2024-09-20 14:44:03.972000,430.5613644075925,9
2024-09-20 14:44:03.973000,430.6125533417073,99
2024-09-20 14:44:04.224000,430.6331549245591,95
2024-09-20 14:44:04.263000,430.61725154751593,1005
2024-09-20 14:44:04.289000,430.62562647811495,1002
2024-09-20 14:44:04.338000,430.5990701085004,12
2024-09-20 14:44:04.367000,430.59800141070673,996
2024-09-20 14:44:04.406000,430.6454520087216,100
2024-09-20 14:44:04.462000,430.599218417048,1002
2024-09-20 14:44:04.476000,430.6248217792541,98
2024-09-20 14:44:04.477000,430.6122281740408,100
2024-09-20 14:44:04.525000,430.6079492084089,104
2024-09-20 14:44:04.592000,430.6038143358659,13
2024-09-20 14:44:04.634000,430.5980753154674,97
2024-09-20 14:44:04.682000,430.5979983365156,97
2024-09-20 14:44:04.729000,430.6077831975524,1003
2024-09-20 14:44:04.799000,430.6041911137185,995
2024-09-20 14:44:04.839000,430.6072295786495,1003
2024-09-20 14:44:04.860000,430.6423208855212,97
2024-09-20 14:44:04.892000,430.6334021098187,996
2024-09-20 14:44:04.994000,430.5853435648445,10
2024-09-20 14:44:04.997000,430.6019966077344,997
2024-09-20 14:44:05.308000,430.5932807246669,6
2024-09-20 14:44:05.715000,430.60392892991393,1002
2024-09-20 14:44:06.015000,430.60822966640495,999
2024-09-20 14:44:06.033000,430.59896516742873,995
2024-09-20 14:44:06.049000,430.6090957953702,1004
2024-09-20 14:44:06.056000,430.604829839025,998
2024-09-20 14:44:06.370000,430.6030921893837,997
2024-09-20 14:44:06.432000,430.6069672005687,1000
2024-09-20 14:44:06.475000,430.6225889347751,103
2024-09-20 14:44:06.926000,430.5946788499523,104
2024-09-20 14:44:07.012000,430.6190732805229,98
2024-09-20 14:44:07.066000,430.6014554923513,14
2024-09-20 14:44:07.068000,430.57771041532106,12
2024-09-20 14:44:07.098000,430.6046399490118,14
2024-09-20 14:44:07.129000,430.5923113069109,102
2024-09-20 14:44:07.170000,430.6068807971809,1003
2024-09-20 14:44:07.177000,430.578196672815,9
2024-09-20 14:44:07.199000,430.5976227340004,9
2024-09-20 14:44:07.210000,430.6121514238564,8
2024-09-20 14:44:07.267000,430.61683886457394,6
2024-09-20 14:44:07.308000,430.60244899234175,7
2024-09-20 14:44:07.363000,430.5937481613931,98
2024-09-20 14:44:07.425000,430.62411149798777,14
2024-09-20 14:44:07.470000,430.6350513403272,98
2024-09-20 14:44:07.492000,430.5940005659391,103
2024-09-20 14:44:07.547000,430.59004765872754,6
2024-09-20 14:44:07.567000,430.62624146525246,98
2024-09-20 14:44:07.719000,430.5887161944577,15
2024-09-20 14:44:07.743000,430.6032659619668,999
2024-09-20 14:44:07.809000,430.613535574797,101
2024-09-20 14:44:07.820000,430.6074644515723,96
2024-09-20 14:44:07.858000,430.6010996879485,102
2024-09-20 14:44:07.890000,430.6040882936968,1000
2024-09-20 14:44:07.931000,430.583378198575,996
2024-09-20 14:44:08,430.5606889488469,102
2024-09-20 14:44:08.152000,430.6428719379909,12
2024-09-20 14:44:08.155000,430.63438080179816,99
2024-09-20 14:44:08.175000,430.6423038851527,5
2024-09-20 14:44:08.214000,430.6424655869933,101
2024-09-20 14:44:08.290000,430.60884406711335,95
2024-09-20 14:44:08.308000,430.6442716806097,998
2024-09-20 14:44:08.350000,430.5485416530638,996
2024-09-20 14:44:08.383000,430.5795475209047,5
2024-09-20 14:44:08.412000,430.5687850359299,996
2024-09-20 14:44:08.425000,430.5914848165001,998
2024-09-20 14:44:08.524000,430.5811250536351,1002
2024-09-20 14:44:08.526000,430.659499529805,996
2024-09-20 14:44:08.534000,430.6030015215983,14
2024-09-20 14:44:08.591000,430.5988988085808,102
2024-09-20 14:44:08.660000,430.63266771880814,103
2024-09-20 14:44:08.668000,430.5878508573552,995
2024-09-20 14:44:08.671000,430.6304723245788,1000
2024-09-20 14:44:08.714000,430.5456479705738,999
2024-09-20 14:44:08.733000,430.5807198080437,995
2024-09-20 14:44:08.750000,430.5830891539206,15
2024-09-20 14:44:08.751000,430.5807469305649,97
2024-09-20 14:44:08.803000,430.6387789303658,12
2024-09-20 14:44:08.850000,430.5997729765217,999
2024-09-20 14:44:08.935000,430.5662554050494,1001
2024-09-20 14:44:08.946000,430.60894848808425,11
2024-09-20 14:44:08.947000,430.6023695366519,1002
2024-09-20 14:44:08.958000,430.60825507336176,1001
2024-09-20 14:44:08.988000,430.5856216106494,6
2024-09-20 14:44:09.140000,430.7147201433683,9
2024-09-20 14:44:09.164000,430.68673112847256,7
2024-09-20 14:44:09.213000,430.7182439742417,1001
2024-09-20 14:44:09.330000,430.7113410766351,1000
2024-09-20 14:44:09.512000,430.6942652473463,10
2024-09-20 14:44:09.529000,430.6829866974045,996
2024-09-20 14:44:09.850000,430.6605124562768,99
2024-09-20 14:44:09.897000,430.7092885308988,1002
2024-09-20 14:44:09.948000,430.657459213754,102
2024-09-20 14:44:10.053000,430.7410283857709,97
2024-09-20 14:44:10.063000,430.72212294003646,13
2024-09-20 14:44:10.128000,430.7440834072126,105
2024-09-20 14:44:10.130000,430.7258448395826,96
2024-09-20 14:44:10.215000,430.6817513853278,95
2024-09-20 14:44:10.301000,430.6926078561348,5
2024-09-20 14:44:10.334000,430.7119613498135,998
2024-09-20 14:44:10.368000,430.7540114554154,98
2024-09-20 14:44:10.405000,430.71604896035615,997
2024-09-20 14:44:10.415000,430.7009776775283,100
2024-09-20 14:44:10.433000,430.7391614299419,1000
2024-09-20 14:44:10.439000,430.7073130173302,1004
2024-09-20 14:44:10.460000,430.7076260371181,11
2024-09-20 14:44:10.500000,430.7294538885841,1005
2024-09-20 14:44:10.501000,430.7395008606237,996
2024-09-20 14:44:10.546000,430.7308040659204,995
2024-09-20 14:44:10.554000,430.72054430826427,1004
2024-09-20 14:44:10.589000,430.6862528750467,105
2024-09-20 14:44:10.703000,430.7443974098,13
2024-09-20 14:44:10.758000,430.7230417955189,97
2024-09-20 14:44:10.779000,430.6774648191555,996
2024-09-20 14:44:10.810000,430.71324381672673,5
2024-09-20 14:44:10.818000,430.7338900516798,1004
2024-09-20 14:44:10.825000,430.7354563269528,998
2024-09-20 14:44:10.830000,430.7129942032303,11
2024-09-20 14:44:10.878000,430.71420255460976,95
2024-09-20 14:44:10.941000,430.7095947556346,995
2024-09-20 14:44:10.995000,430.71023549055866,999
2024-09-20 14:44:11.142000,430.73175922106617,1000
2024-09-20 14:44:11.148000,430.72115305992327,8
2024-09-20 14:44:11.560000,430.7220622067363,10
2024-09-20 14:44:11.592000,430.71230525370345,15
2024-09-20 14:44:11.780000,430.7274447918993,1005
2024-09-20 14:44:12.007000,430.6897200243709,105
2024-09-20 14:44:12.013000,430.7012153747536,95
2024-09-20 14:44:12.031000,430.6217839948278,96
2024-09-20 14:44:12.057000,430.6456182940461,105
2024-09-20 14:44:12.125000,430.6075495435857,103
2024-09-20 14:44:12.145000,430.5949721695436,998
2024-09-20 14:44:12.157000,430.6010140817193,101
2024-09-20 14:44:12.197000,430.6106499434744,14
2024-09-20 14:44:12.257000,430.6332773890921,995
2024-09-20 14:44:12.279000,430.72258084113713,10
2024-09-20 14:44:12.292000,430.64943676117696,1003
2024-09-20 14:44:12.292000,430.6839504078312,96
2024-09-20 14:44:12.306000,430.71782967019294,1003
2024-09-20 14:44:12.325000,430.59489975632937,103
2024-09-20 14:44:12.352000,430.7063183629642,98
2024-09-20 14:44:12.448000,430.6240110040532,997
2024-09-20 14:44:12.474000,430.59831786257104,105
2024-09-20 14:44:12.495000,430.6085551117234,97
2024-09-20 14:44:12.498000,430.5816880508187,99
2024-09-20 14:44:12.507000,430.6252773414796,1001
2024-09-20 14:44:12.515000,430.6661286016924,1002
2024-09-20 14:44:12.521000,430.59793285250447,12
2024-09-20 14:44:12.617000,430.6138189707449,6
2024-09-20 14:44:12.657000,430.6315059503042,997
2024-09-20 14:44:12.704000,430.5956169786489,5
2024-09-20 14:44:12.818000,430.7104906936746,102
2024-09-20 14:44:12.834000,430.650842010574,101
2024-09-20 14:44:12.850000,430.5951408996636,103
2024-09-20 14:44:12.872000,430.6376495551275,1000
2024-09-20 14:44:12.912000,430.6387742797075,1003
2024-09-20 14:44:13.027000,430.5936222982635,95
2024-09-20 14:44:13.125000,430.5810270635101,100
2024-09-20 14:44:13.236000,430.6140312440321,1002
2024-09-20 14:44:13.254000,430.5984400237512,12
2024-09-20 14:44:13.255000,430.5907992957657,1000
2024-09-20 14:44:13.401000,430.5749716982538,14
2024-09-20 14:44:13.524000,430.6154216557562,5
2024-09-20 14:44:13.540000,430.6087137350998,98
2024-09-20 14:44:13.569000,430.58586276050073,14
2024-09-20 14:44:13.715000,430.592861950611,9
2024-09-20 14:44:13.756000,430.59835454234167,10
2024-09-20 14:44:13.848000,430.6062098584258,99
2024-09-20 14:44:13.973000,430.60663438366544,8
2024-09-20 14:44:14.015000,430.62119014934495,97
2024-09-20 14:44:14.031000,430.599117730689,5
2024-09-20 14:44:14.166000,430.62947777782927,10
2024-09-20 14:44:14.219000,430.61533229136046,13
2024-09-20 14:44:14.232000,430.6043600129655,8
2024-09-20 14:44:14.292000,430.5905828657452,1000
2024-09-20 14:44:14.410000,430.600283363185,13
2024-09-20 14:44:14.461000,430.6228025506476,105
2024-09-20 14:44:14.466000,430.5823353304374,15
2024-09-20 14:44:14.528000,430.5846330047512,8
2024-09-20 14:44:14.621000,430.5986275658024,9
2024-09-20 14:44:14.740000,430.626035136418,1005
2024-09-20 14:44:14.943000,430.5835865060255,13
2024-09-20 14:44:14.978000,430.60829250665,1003
2024-09-20 14:44:14.982000,430.59236001185377,97
2024-09-20 14:44:14.992000,430.6257839416362,10
2024-09-20 14:44:15.028000,430.71615429188574,105
2024-09-20 14:44:15.035000,430.681877812678,12
2024-09-20 14:44:15.099000,430.7295183938552,96
2024-09-20 14:44:15.239000,430.7482922229823,996
2024-09-20 14:44:15.257000,430.723950922832,105
2024-09-20 14:44:15.264000,430.749555500428,102
2024-09-20 14:44:15.271000,430.7191903991359,14
2024-09-20 14:44:15.358000,430.66739770056193,6
2024-09-20 14:44:15.360000,430.6049244670976,9
2024-09-20 14:44:15.385000,430.6067068302453,100
2024-09-20 14:44:15.389000,430.7308047403234,12
2024-09-20 14:44:15.402000,430.7349986612288,12
2024-09-20 14:44:15.459000,430.7177206583523,96
2024-09-20 14:44:15.459000,430.75644817470805,10
2024-09-20 14:44:15.463000,430.6435381263611,100
2024-09-20 14:44:15.505000,430.5977398110065,995
2024-09-20 14:44:15.552000,430.7173422764636,1003
2024-09-20 14:44:15.604000,430.64748779486416,15
2024-09-20 14:44:15.794000,430.7418594518388,12
2024-09-20 14:44:15.816000,430.6325098486759,104
2024-09-20 14:44:15.880000,430.7613504486114,103
2024-09-20 14:44:15.954000,430.596968386498,98
2024-09-20 14:44:15.964000,430.7339006689096,14
2024-09-20 14:44:15.974000,430.7558691009218,9
2024-09-20 14:44:16.095000,430.7407333545956,105
2024-09-20 14:44:16.131000,430.7256475696602,101
2024-09-20 14:44:16.258000,430.7650210231707,999
2024-09-20 14:44:16.265000,430.756598749488,12
2024-09-20 14:44:16.340000,430.7514981086405,100
2024-09-20 14:44:16.365000,430.7454502902654,97
2024-09-20 14:44:16.509000,430.72515357981126,15
2024-09-20 14:44:16.756000,430.7406123465044,101
2024-09-20 14:44:16.757000,430.7338058939988,6
2024-09-20 14:44:16.786000,430.7446683570901,997
2024-09-20 14:44:16.856000,430.7098741865114,1005
2024-09-20 14:44:16.918000,430.7666381819171,10
2024-09-20 14:44:17.040000,430.7625626750818,1000
2024-09-20 14:44:17.045000,430.77773653157936,11
2024-09-20 14:44:17.093000,430.76661414206166,1002
2024-09-20 14:44:17.097000,430.7656648992839,104
2024-09-20 14:44:17.182000,430.7715862472391,996
2024-09-20 14:44:17.275000,430.7693119042592,1004
2024-09-20 14:44:17.294000,430.7648734614749,104
2024-09-20 14:44:17.309000,430.7796050374109,8
2024-09-20 14:44:17.330000,430.74967795267935,14
2024-09-20 14:44:17.392000,430.7676409821239,1004
2024-09-20 14:44:17.429000,430.7455304436696,995
2024-09-20 14:44:17.475000,430.766703585859,10
2024-09-20 14:44:17.478000,430.7818975665394,96
2024-09-20 14:44:17.622000,430.76697350553616,101
2024-09-20 14:44:17.626000,430.79267494147547,14
2024-09-20 14:44:17.650000,430.76949584689424,12
2024-09-20 14:44:17.693000,430.79338848825824,9
2024-09-20 14:44:17.758000,430.767686134907,11
2024-09-20 14:44:17.778000,430.7887795947461,13
2024-09-20 14:44:17.790000,430.7631076910026,998
2024-09-20 14:44:17.820000,430.76325672562217,96
2024-09-20 14:44:17.999000,430.7754034208974,997
2024-09-20 14:44:18.063000,430.7995029051001,11
2024-09-20 14:44:18.092000,430.77556817046906,1004
2024-09-20 14:44:18.133000,430.7627436406257,1001
2024-09-20 14:44:18.558000,430.7798832465765,104
2024-09-20 14:44:18.672000,430.7732028397504,104
2024-09-20 14:44:18.685000,430.7629953404477,997
2024-09-20 14:44:18.694000,430.79929808948,5
2024-09-20 14:44:18.835000,430.7918789278794,103
2024-09-20 14:44:18.920000,430.7644440128892,102
2024-09-20 14:44:19.123000,430.74746814763984,11
2024-09-20 14:44:19.203000,430.7624503429976,104
2024-09-20 14:44:19.216000,430.76240116042703,102
2024-09-20 14:44:19.660000,430.75342061607097,8
2024-09-20 14:44:20.082000,430.6807930167545,13
2024-09-20 14:44:20.091000,430.7328292553398,1002
2024-09-20 14:44:20.106000,430.7311826607927,1002
2024-09-20 14:44:20.132000,430.7270143745625,102
2024-09-20 14:44:20.179000,430.7655489720989,996
2024-09-20 14:44:20.306000,430.7137126560808,104
2024-09-20 14:44:20.343000,430.766810295535,102
2024-09-20 14:44:20.424000,430.7386626651858,14
2024-09-20 14:44:20.466000,430.674073395904,95
2024-09-20 14:44:20.467000,430.6522319111092,5
2024-09-20 14:44:20.475000,430.6932154898155,8
2024-09-20 14:44:20.490000,430.7561550702191,1004
2024-09-20 14:44:20.700000,430.6403502490848,10
2024-09-20 14:44:20.745000,430.7439261908571,999
2024-09-20 14:44:20.748000,430.6514275669013,999
2024-09-20 14:44:20.763000,430.7242410286947,996
2024-09-20 14:44:20.769000,430.7132642662673,1003
2024-09-20 14:44:20.885000,430.7052430587013,997
2024-09-20 14:44:20.899000,430.6709006848399,95
2024-09-20 14:44:20.925000,430.755887048754,7
2024-09-20 14:44:20.933000,430.6491814312958,98
2024-09-20 14:44:20.941000,430.7173890925531,101
2024-09-20 14:44:20.959000,430.6722200180725,97
2024-09-20 14:44:20.986000,430.7012416495997,102
2024-09-20 14:44:20.992000,430.7499031286004,9
2024-09-20 14:44:21.030000,430.6451757552136,100
2024-09-20 14:44:21.113000,430.6213012425703,14
2024-09-20 14:44:21.291000,430.64810693994144,99
2024-09-20 14:44:21.316000,430.6577503588226,7
2024-09-20 14:44:21.363000,430.6298005883438,996
2024-09-20 14:44:21.373000,430.6315534094702,104
2024-09-20 14:44:21.560000,430.6447278980126,8
2024-09-20 14:44:21.574000,430.6488304860436,103
2024-09-20 14:44:21.620000,430.6508089065003,1004
2024-09-20 14:44:21.631000,430.6403167011592,1002
2024-09-20 14:44:21.689000,430.6541835803958,15
2024-09-20 14:44:21.755000,430.6606937004654,13
2024-09-20 14:44:21.840000,430.6656424727679,1003
2024-09-20 14:44:21.904000,430.62098202071786,8
2024-09-20 14:44:21.968000,430.6669917950781,105
2024-09-20 14:44:22.058000,430.6981831108336,8
2024-09-20 14:44:22.125000,430.6537254405506,103
2024-09-20 14:44:22.140000,430.7032178320089,1000
2024-09-20 14:44:22.155000,430.7236683493872,95
2024-09-20 14:44:22.181000,430.6706653941792,105
2024-09-20 14:44:22.218000,430.6696421583331,1005
2024-09-20 14:44:22.244000,430.6600201810485,7
2024-09-20 14:44:22.251000,430.7366770731229,8
2024-09-20 14:44:22.305000,430.7258579325969,1005
2024-09-20 14:44:22.399000,430.66337981339336,102
2024-09-20 14:44:22.416000,430.68778927504246,996
2024-09-20 14:44:22.448000,430.6425914646848,996
2024-09-20 14:44:22.499000,430.6695264239056,10
2024-09-20 14:44:22.512000,430.6807990320376,1001
2024-09-20 14:44:22.561000,430.6506343141188,14
2024-09-20 14:44:22.576000,430.6972162365403,1002
2024-09-20 14:44:22.592000,430.7136526166343,995
2024-09-20 14:44:22.598000,430.69411354545167,1002
2024-09-20 14:44:22.623000,430.6611373502569,14
2024-09-20 14:44:22.689000,430.73494308832255,102
2024-09-20 14:44:22.738000,430.7151324666034,15
2024-09-20 14:44:22.852000,430.6894480243155,1000
2024-09-20 14:44:22.866000,430.7096229190444,996
2024-09-20 14:44:22.869000,430.6965675070375,996
2024-09-20 14:44:22.894000,430.666197342816,104
2024-09-20 14:44:22.895000,430.6740285650015,101
2024-09-20 14:44:22.925000,430.7032672555709,96
2024-09-20 14:44:22.967000,430.712209115082,5
2024-09-20 14:44:23.143000,430.66284966853925,97
2024-09-20 14:44:23.161000,430.6305681935119,101
2024-09-20 14:44:23.206000,430.6643788573115,13
2024-09-20 14:44:23.248000,430.6425039452534,105
2024-09-20 14:44:23.286000,430.6946348514277,103
2024-09-20 14:44:23.294000,430.62377858154,6
2024-09-20 14:44:23.298000,430.66592127138586,99
2024-09-20 14:44:23.339000,430.6822680255456,995
2024-09-20 14:44:23.361000,430.6926885261998,104
2024-09-20 14:44:23.364000,430.6299808258543,999
2024-09-20 14:44:23.553000,430.6824279584866,8
2024-09-20 14:44:23.847000,430.63856671988856,6
2024-09-20 14:44:23.891000,422.5781754372331,102
2024-09-20 14:44:23.921000,430.6434578240583,998
2024-09-20 14:44:23.943000,430.689499097161,100
2024-09-20 14:44:23.944000,430.6965680878357,97
2024-09-20 14:44:23.976000,430.6489201189328,7
2024-09-20 14:44:24.043000,430.6234242037945,95
2024-09-20 14:44:24.056000,430.7038492973716,15
2024-09-20 14:44:24.140000,430.708889181876,1001
2024-09-20 14:44:24.143000,430.667130935234,14
2024-09-20 14:44:24.362000,430.6854531385886,7
2024-09-20 14:44:24.445000,430.6267410932716,997
2024-09-20 14:44:24.530000,430.66855618152965,996
2024-09-20 14:44:24.565000,430.6462864084514,12
2024-09-20 14:44:24.576000,430.63074619915415,97
2024-09-20 14:44:24.628000,430.6241300803988,1001
2024-09-20 14:44:24.684000,430.6433895975848,997
2024-09-20 14:44:24.701000,430.646492956828,8
2024-09-20 14:44:24.796000,430.6275642459127,1004
2024-09-20 14:44:24.806000,430.6292386310301,14
2024-09-20 14:44:24.837000,430.6993291930551,99
2024-09-20 14:44:24.938000,430.6357275753928,97
2024-09-20 14:44:25.427000,430.6115454822626,98
2024-09-20 14:44:25.455000,430.61141813691233,1000
2024-09-20 14:44:25.524000,430.6269200711012,105
2024-09-20 14:44:26.067000,430.6199204396082,1004
2024-09-20 14:44:26.076000,430.6220580669882,98
2024-09-20 14:44:26.080000,430.6352723751593,995
2024-09-20 14:44:26.137000,430.6357123873898,9
2024-09-20 14:44:26.150000,430.62815085029166,6
2024-09-20 14:44:26.245000,430.6373712840289,99
2024-09-20 14:44:26.260000,430.601055624208,96
2024-09-20 14:44:26.312000,430.6147735157696,12
2024-09-20 14:44:26.326000,430.6159616843938,9
2024-09-20 14:44:26.346000,422.5267206395112,999
2024-09-20 14:44:26.362000,430.6213862621312,5
2024-09-20 14:44:26.418000,422.5709922646429,10
2024-09-20 14:44:26.459000,430.6231201512479,12
2024-09-20 14:44:26.526000,430.62245813412585,998
2024-09-20 14:44:26.562000,430.6434019183564,6
2024-09-20 14:44:26.608000,430.6328284643319,101
2024-09-20 14:44:26.637000,430.6481308896672,995
2024-09-20 14:44:26.692000,430.619024334778,5
2024-09-20 14:44:26.938000,430.6278845494461,9
2024-09-20 14:44:26.973000,430.5645067535458,104
2024-09-20 14:44:28.051000,430.564051887636,5
2024-09-20 14:44:28.138000,430.6041382729932,13
2024-09-20 14:44:28.237000,430.5510480264968,10
2024-09-20 14:44:28.262000,430.5736950703837,996
2024-09-20 14:44:28.276000,430.5594174003625,1000
2024-09-20 14:44:28.559000,430.5602095000588,998
2024-09-20 14:44:28.580000,430.5441206919694,6
2024-09-20 14:44:28.715000,430.5483132977809,105
2024-09-20 14:44:28.725000,430.60711853099446,8
2024-09-20 14:44:28.910000,430.5969790794478,1003
2024-09-20 14:44:28.915000,430.5496224657628,1001
2024-09-20 14:44:28.981000,430.5331846271734,97
2024-09-20 14:44:29.012000,430.63128912024905,10
2024-09-20 14:44:29.020000,430.6232350827976,1004
2024-09-20 14:44:29.046000,430.5905695805692,997
2024-09-20 14:44:29.153000,430.6098355443684,102
2024-09-20 14:44:29.299000,430.6067949234087,8
2024-09-20 14:44:29.309000,430.60854397649246,7
2024-09-20 14:44:29.317000,430.605516116296,14
2024-09-20 14:44:29.359000,430.6408631424388,995
2024-09-20 14:44:29.379000,430.631228296916,15
2024-09-20 14:44:29.400000,430.5873466087167,8
2024-09-20 14:44:29.413000,430.6119932214965,104
2024-09-20 14:44:29.463000,430.6371121505176,10
2024-09-20 14:44:29.482000,430.6278405956722,1004
2024-09-20 14:44:29.491000,430.64495247229286,10
2024-09-20 14:44:29.498000,430.6341003849192,996
2024-09-20 14:44:29.523000,430.6250629241292,10
2024-09-20 14:44:29.569000,430.6416916772581,99
2024-09-20 14:44:29.583000,430.6444137853497,95
2024-09-20 14:44:29.659000,430.6030391329234,9
2024-09-20 14:44:29.677000,430.57572664773846,1004
2024-09-20 14:44:29.706000,430.589069364228,1000
2024-09-20 14:44:29.720000,430.6146204315992,103
2024-09-20 14:44:29.804000,430.6077540254437,1003
2024-09-20 14:44:29.843000,430.6466036899606,1001
2024-09-20 14:44:29.907000,430.6314467759861,999
2024-09-20 14:44:29.910000,430.6257928381172,103
2024-09-20 14:44:29.925000,430.61606084518,104
2024-09-20 14:44:29.991000,430.5854011760108,95
2024-09-20 14:44:30.037000,430.51286931981895,10
2024-09-20 14:44:30.053000,430.5773775513364,1004
2024-09-20 14:44:30.056000,430.547215713857,1003
2024-09-20 14:44:30.141000,430.4918962508339,998
2024-09-20 14:44:30.168000,430.4917078082962,97
2024-09-20 14:44:30.172000,430.5802194698166,995
2024-09-20 14:44:30.215000,430.4926996621752,12
2024-09-20 14:44:30.225000,430.5893307934041,100
2024-09-20 14:44:30.237000,430.58301218310777,7
2024-09-20 14:44:30.273000,430.50199972881234,14
2024-09-20 14:44:30.275000,430.4804412936323,102
2024-09-20 14:44:30.281000,430.4995663782692,996
2024-09-20 14:44:30.285000,430.5284884857825,102
2024-09-20 14:44:30.299000,430.5831648524966,1002
2024-09-20 14:44:30.337000,430.52767709309626,1002
2024-09-20 14:44:30.439000,430.4977467739051,15
2024-09-20 14:44:30.638000,430.5576994903943,100
2024-09-20 14:44:30.651000,430.5442308898941,100
2024-09-20 14:44:30.728000,430.5233284457137,5
2024-09-20 14:44:30.761000,430.5836119678244,995
2024-09-20 14:44:30.830000,430.48873066589294,1001
2024-09-20 14:44:30.845000,430.58412902616936,1005
2024-09-20 14:44:30.893000,430.58035911396126,996
2024-09-20 14:44:31.156000,430.4480004683331,104
2024-09-20 14:44:31.187000,430.49902532480615,12
2024-09-20 14:44:31.307000,430.52288030284586,15
2024-09-20 14:44:31.564000,430.487733478031,999
2024-09-20 14:44:31.612000,430.4765557457266,102
2024-09-20 14:44:31.775000,430.5056679913801,100
2024-09-20 14:44:31.846000,430.4883090391394,995
2024-09-20 14:44:31.889000,430.49295203100615,1001
2024-09-20 14:44:32.055000,430.4464448816345,8
2024-09-20 14:44:32.149000,430.4832510712771,101
2024-09-20 14:44:32.201000,430.4621736811175,7
2024-09-20 14:44:32.243000,430.4399559342276,1002
2024-09-20 14:44:32.322000,430.4668727635405,101
2024-09-20 14:44:32.362000,430.4649388165043,102
2024-09-20 14:44:32.400000,430.45740453633385,95
2024-09-20 14:44:32.415000,430.4271995561722,96
2024-09-20 14:44:32.458000,430.4331641007117,103
2024-09-20 14:44:32.474000,430.4792127493556,104
2024-09-20 14:44:32.495000,430.4668366867545,1001
2024-09-20 14:44:32.524000,430.4403590495986,102
2024-09-20 14:44:32.629000,430.460591730274,995
2024-09-20 14:44:32.630000,430.47712999647854,102
2024-09-20 14:44:32.686000,430.46585065431935,97
2024-09-20 14:44:32.688000,430.4794810231591,999
2024-09-20 14:44:32.694000,430.4419031648444,999
2024-09-20 14:44:32.698000,430.4456165099359,10
2024-09-20 14:44:32.703000,430.4471527554095,104
2024-09-20 14:44:32.748000,430.4634918564084,103
2024-09-20 14:44:32.786000,430.46711039945393,105
2024-09-20 14:44:32.832000,430.445799878603,6
2024-09-20 14:44:32.842000,430.4631756719023,1005
2024-09-20 14:44:32.846000,430.4467216261099,1003
2024-09-20 14:44:32.887000,430.4672600054751,6
2024-09-20 14:44:32.915000,430.4700332089099,99
2024-09-20 14:44:32.983000,430.4638209762714,1004
2024-09-20 14:44:33.126000,430.54447953717465,100
2024-09-20 14:44:33.341000,430.5609210278165,14
2024-09-20 14:44:33.424000,430.5397715991094,103
2024-09-20 14:44:33.569000,430.5569094587128,1005
2024-09-20 14:44:33.578000,430.5695797888191,8
2024-09-20 14:44:33.639000,430.50574565984766,99
2024-09-20 14:44:33.650000,430.5002503445827,105
2024-09-20 14:44:33.667000,430.5170168682369,14
2024-09-20 14:44:33.732000,430.5539478282796,102
2024-09-20 14:44:33.745000,430.5134389011218,1002
2024-09-20 14:44:33.773000,430.49623768386414,98
2024-09-20 14:44:33.889000,430.54771667704375,99
2024-09-20 14:44:33.905000,430.5289775780416,100
2024-09-20 14:44:33.954000,430.5412249931879,1005
2024-09-20 14:44:34.009000,430.5846922547366,996
2024-09-20 14:44:34.013000,430.55858471549874,1003
2024-09-20 14:44:34.199000,430.6466408930017,8
2024-09-20 14:44:34.206000,430.58921565155663,10
2024-09-20 14:44:34.222000,430.6596623163,1002
2024-09-20 14:44:34.233000,430.6289946484056,15
2024-09-20 14:44:34.265000,430.5706000239452,7
2024-09-20 14:44:34.280000,430.6491764704296,11
2024-09-20 14:44:34.288000,430.64555263150686,995
2024-09-20 14:44:34.292000,430.6713137408167,9
2024-09-20 14:44:34.323000,430.6499599329084,1000
2024-09-20 14:44:34.338000,430.637168235534,97
2024-09-20 14:44:34.338000,430.5422093932257,105
2024-09-20 14:44:34.353000,430.53947980202406,12
2024-09-20 14:44:34.367000,430.6246841785294,1003
2024-09-20 14:44:34.610000,430.6621358645948,104
2024-09-20 14:44:34.613000,430.65817337888006,5
2024-09-20 14:44:34.697000,430.57384647445065,14
2024-09-20 14:44:34.775000,430.5565831361499,1005
2024-09-20 14:44:34.915000,430.5764589114738,997
2024-09-20 14:44:34.941000,430.6422971381188,15
2024-09-20 14:44:34.974000,430.6492584700831,1000
2024-09-20 14:44:34.979000,430.6556652872997,13
2024-09-20 14:44:35.043000,430.6126047427539,100
2024-09-20 14:44:35.047000,430.6259445792884,7
2024-09-20 14:44:35.051000,430.6572061802656,9
2024-09-20 14:44:35.073000,430.6058482648508,96
2024-09-20 14:44:35.084000,430.5895971928044,95
2024-09-20 14:44:35.147000,430.6163466726618,996
2024-09-20 14:44:35.234000,430.645018637313,1002
2024-09-20 14:44:35.246000,430.596479165256,95
2024-09-20 14:44:35.286000,430.623010892206,15
2024-09-20 14:44:35.308000,430.6452235185232,101
2024-09-20 14:44:35.413000,430.6284310674864,999
2024-09-20 14:44:35.436000,430.6338601295223,105
2024-09-20 14:44:35.446000,430.6544317448984,998
2024-09-20 14:44:35.446000,430.6119797182373,1000
2024-09-20 14:44:35.456000,430.6268978739274,101
2024-09-20 14:44:35.462000,430.6478289192052,9
2024-09-20 14:44:35.513000,430.65799521212455,9
2024-09-20 14:44:35.524000,430.6442002481033,7
2024-09-20 14:44:35.614000,430.58616677302695,104
2024-09-20 14:44:35.655000,430.6243042177061,996
2024-09-20 14:44:35.774000,430.6065848594181,1002
2024-09-20 14:44:35.789000,430.6323397886422,1004
2024-09-20 14:44:35.843000,430.6028412291998,1002
2024-09-20 14:44:36.383000,430.6621323705784,8
2024-09-20 14:44:36.712000,430.64210395043096,7
2024-09-20 14:44:36.835000,430.6479812475957,9
2024-09-20 14:44:36.933000,430.634471753197,104
2024-09-20 14:44:37.001000,430.6328836350829,10
2024-09-20 14:44:37.015000,430.6221075021718,8
2024-09-20 14:44:37.027000,430.6501499217592,99
2024-09-20 14:44:37.033000,430.6783884617026,5
2024-09-20 14:44:37.101000,430.6680380605528,7
2024-09-20 14:44:37.114000,430.6688771401812,13
2024-09-20 14:44:37.129000,430.7032294356145,6
2024-09-20 14:44:37.175000,430.6144026100819,998
2024-09-20 14:44:37.248000,430.673709495013,996
2024-09-20 14:44:37.270000,430.6628894515467,997
2024-09-20 14:44:37.277000,430.6549107358289,1003
2024-09-20 14:44:37.322000,430.6534795673491,104
2024-09-20 14:44:37.331000,430.6298496496389,5
2024-09-20 14:44:37.419000,430.6946745188965,103
2024-09-20 14:44:37.494000,430.6647616586726,1002
2024-09-20 14:44:37.530000,430.6577755128877,103
2024-09-20 14:44:37.544000,430.6595701374751,7
2024-09-20 14:44:37.651000,430.6610725937028,995
2024-09-20 14:44:37.658000,430.6549333744279,14
2024-09-20 14:44:37.663000,430.64769481398486,14
2024-09-20 14:44:37.751000,430.6676191387892,102
2024-09-20 14:44:37.817000,430.6308218936276,97
2024-09-20 14:44:37.879000,430.6850415744602,104
2024-09-20 14:44:37.925000,430.6746520577367,1001
2024-09-20 14:44:38.064000,430.6852258794714,99
2024-09-20 14:44:38.105000,430.70227949417983,6
2024-09-20 14:44:38.112000,430.7112029071423,99
2024-09-20 14:44:38.129000,430.6963399473405,1004
2024-09-20 14:44:38.181000,430.69647051466256,98
2024-09-20 14:44:38.197000,430.720149422285,104
2024-09-20 14:44:38.323000,430.6972616996781,104
2024-09-20 14:44:38.395000,430.7049518835047,1003
2024-09-20 14:44:38.703000,430.6861447407347,99
2024-09-20 14:44:38.761000,430.6825292768722,1004
2024-09-20 14:44:38.790000,430.7023715627584,1005
2024-09-20 14:44:38.795000,430.68216272967993,996
2024-09-20 14:44:38.824000,430.71323493459454,103
2024-09-20 14:44:38.859000,430.7134438961037,14
2024-09-20 14:44:38.869000,430.7207436885485,997
2024-09-20 14:44:38.955000,430.6838683078987,10
2024-09-20 14:44:39.145000,430.6928723842773,97
2024-09-20 14:44:39.673000,430.6934580429906,15
2024-09-20 14:44:39.993000,430.71413687088176,7
2024-09-20 14:44:41.224000,430.76267646403033,12
2024-09-20 14:44:41.302000,430.73466632250455,9
2024-09-20 14:44:41.309000,430.7648649600815,96
2024-09-20 14:44:41.309000,430.7249810172089,104
2024-09-20 14:44:41.439000,430.7100091093277,995
2024-09-20 14:44:41.629000,430.7364883829588,1000
2024-09-20 14:44:41.629000,430.749018863915,998
2024-09-20 14:44:41.652000,430.7755457331546,104
2024-09-20 14:44:41.711000,430.76834766709135,98
2024-09-20 14:44:42.006000,430.76803182610456,103
2024-09-20 14:44:42.025000,430.7663503557779,97
2024-09-20 14:44:42.074000,430.75693011191527,15
2024-09-20 14:44:42.098000,430.75186527802026,11
2024-09-20 14:44:42.188000,430.7545526843983,6
2024-09-20 14:44:42.192000,430.74314279942206,96
2024-09-20 14:44:42.220000,430.758299216357,997
2024-09-20 14:44:42.363000,430.7591203446832,1000
2024-09-20 14:44:42.618000,430.749870006853,1002
2024-09-20 14:44:42.655000,430.75142389582,999
2024-09-20 14:44:42.676000,430.7636333741952,13
2024-09-20 14:44:42.720000,430.7616803404712,999
2024-09-20 14:44:42.756000,430.76274167081885,102
2024-09-20 14:44:42.983000,430.7642722956579,998
2024-09-20 14:44:42.985000,430.74379667912194,995
2024-09-20 14:44:43.006000,430.8098233134018,13
2024-09-20 14:44:43.017000,430.8082054339368,995
2024-09-20 14:44:43.074000,430.828665724755,9
2024-09-20 14:44:43.089000,430.7680396755036,1003
2024-09-20 14:44:43.174000,430.79833471027496,97
2024-09-20 14:44:43.192000,430.8105945031192,98
2024-09-20 14:44:43.288000,430.7569482551654,97
2024-09-20 14:44:43.344000,430.8213388988219,6
2024-09-20 14:44:43.349000,430.8033035213321,1002
2024-09-20 14:44:43.394000,430.8005051728488,97
2024-09-20 14:44:43.448000,430.8035572622279,1004
2024-09-20 14:44:43.450000,430.7977307189855,1003
2024-09-20 14:44:43.458000,430.7910852542569,997
2024-09-20 14:44:43.467000,430.75678082488696,99
2024-09-20 14:44:43.476000,430.76738878578766,9
2024-09-20 14:44:43.519000,430.8087857319646,103
2024-09-20 14:44:43.652000,430.80507987378894,95
2024-09-20 14:44:43.658000,430.763781546308,12
2024-09-20 14:44:43.661000,430.759221302985,7
2024-09-20 14:44:43.683000,430.78468995697904,998
2024-09-20 14:44:43.781000,430.76750772650365,1001
2024-09-20 14:44:43.852000,430.8153217635867,100
2024-09-20 14:44:43.857000,430.79547598340207,98
2024-09-20 14:44:43.894000,430.7773530562996,1000
2024-09-20 14:44:43.898000,430.80272126530633,98
2024-09-20 14:44:43.980000,430.8254467663423,96
2024-09-20 14:44:43.996000,430.7985161477869,998
2024-09-20 14:44:44.145000,430.8367088425623,105
2024-09-20 14:44:44.170000,430.8281636329842,1001
2024-09-20 14:44:44.257000,430.8431410235232,11
2024-09-20 14:44:44.257000,430.8263426770544,10
2024-09-20 14:44:44.264000,430.8453690096919,105
2024-09-20 14:44:44.272000,430.8517282796639,1001
2024-09-20 14:44:44.313000,430.8321604902326,996
2024-09-20 14:44:44.328000,430.804640394414,15
2024-09-20 14:44:44.356000,430.8515701879829,998
2024-09-20 14:44:44.366000,430.8357697548699,1001
2024-09-20 14:44:44.396000,430.8255839932417,1000
2024-09-20 14:44:44.448000,430.8421566531304,96
2024-09-20 14:44:44.513000,430.82159237807326,14
2024-09-20 14:44:44.522000,430.8267481515406,96
2024-09-20 14:44:44.547000,430.8194727214342,15
2024-09-20 14:44:44.560000,430.8325285707002,14
2024-09-20 14:44:44.587000,430.8241105933226,6
2024-09-20 14:44:44.646000,430.85414544490936,101
2024-09-20 14:44:44.720000,430.8229012602706,12
2024-09-20 14:44:44.731000,430.8060038181084,103
2024-09-20 14:44:44.746000,430.8339310320569,995
2024-09-20 14:44:44.820000,430.8251920443572,996
2024-09-20 14:44:44.831000,430.82006020825065,1001
2024-09-20 14:44:44.971000,430.84058378272846,12
2024-09-20 14:44:45.822000,430.8062667993398,11
2024-09-20 14:44:45.865000,430.816940733996,95
2024-09-20 14:44:46.241000,430.82489891610106,999
2024-09-20 14:44:46.628000,430.8576319475898,102
2024-09-20 14:44:46.888000,430.8293725927766,7
2024-09-20 14:44:47.078000,430.8292673269516,9
2024-09-20 14:44:47.126000,430.8474476933624,10
2024-09-20 14:44:47.280000,430.86480766773377,95
2024-09-20 14:44:47.497000,430.823888239016,999
2024-09-20 14:44:47.497000,430.8468034562728,1002
2024-09-20 14:44:47.514000,430.8768552157534,996
2024-09-20 14:44:47.523000,430.89321471292527,97
2024-09-20 14:44:47.573000,430.84918202882096,15
2024-09-20 14:44:47.587000,430.84800500493446,5
2024-09-20 14:44:47.949000,430.8836701767475,998
2024-09-20 14:44:48.028000,430.8633322264246,5
2024-09-20 14:44:48.045000,430.8490856365872,997
2024-09-20 14:44:48.097000,430.8413932601151,5
2024-09-20 14:44:48.099000,430.86470864907096,99
2024-09-20 14:44:48.105000,430.8635005497771,998
2024-09-20 14:44:48.226000,430.8551484231929,13
2024-09-20 14:44:48.288000,430.8506793475043,998
2024-09-20 14:44:48.313000,430.8480779397578,95
2024-09-20 14:44:48.396000,430.8421013067016,8
2024-09-20 14:44:48.405000,430.8552489741748,10
2024-09-20 14:44:48.423000,430.87727185784,996
2024-09-20 14:44:48.435000,430.85220130797353,14
2024-09-20 14:44:48.466000,430.84171251717567,1003
2024-09-20 14:44:48.473000,430.8426177883507,7
2024-09-20 14:44:48.524000,430.8627224732669,1004
2024-09-20 14:44:48.553000,430.8721874270977,96
2024-09-20 14:44:48.560000,430.8506265132901,7
2024-09-20 14:44:48.566000,430.8637232778751,1005
2024-09-20 14:44:48.578000,430.84687859660505,103
2024-09-20 14:44:48.593000,430.87477989187386,103
2024-09-20 14:44:48.650000,430.8535189194914,103
2024-09-20 14:44:48.656000,430.8440618166407,8
2024-09-20 14:44:48.714000,430.8638401729952,1001
2024-09-20 14:44:48.717000,430.8359771695515,104
2024-09-20 14:44:48.923000,430.87042463967066,10
2024-09-20 14:44:48.996000,430.8575658232116,13
2024-09-20 14:44:49.111000,430.8221922896286,997
2024-09-20 14:44:49.218000,430.8445763221533,15
2024-09-20 14:44:49.242000,430.8496386492269,11
2024-09-20 14:44:49.350000,430.8173917762472,101
2024-09-20 14:44:49.370000,430.8449012975635,1004
2024-09-20 14:44:49.383000,430.7808539746431,5
2024-09-20 14:44:49.395000,430.8178492181634,1003
2024-09-20 14:44:49.419000,430.8134811437587,999
2024-09-20 14:44:49.527000,430.8339313715182,999
2024-09-20 14:44:49.548000,430.84634271298114,996
2024-09-20 14:44:49.660000,430.8232794695444,98
2024-09-20 14:44:49.685000,430.8002335509042,11
2024-09-20 14:44:49.696000,430.8425059542157,99
2024-09-20 14:44:49.696000,430.86671957219903,1005
2024-09-20 14:44:49.709000,430.8131580161299,11
2024-09-20 14:44:49.728000,430.8621524888759,13
2024-09-20 14:44:49.731000,430.79678047524624,1002
2024-09-20 14:44:49.748000,430.8262767698273,7
2024-09-20 14:44:49.770000,430.8084212611424,999
2024-09-20 14:44:49.778000,430.8103397801675,1001
2024-09-20 14:44:49.806000,430.8590031893749,96
2024-09-20 14:44:49.936000,430.8110750490677,9
2024-09-20 14:44:49.950000,430.80980295144747,8
2024-09-20 14:44:49.951000,430.84733179347137,101
2024-09-20 14:44:49.966000,430.8473307199838,9
2024-09-20 14:44:50.014000,430.82380758885137,103
2024-09-20 14:44:50.057000,430.8485509075885,97
2024-09-20 14:44:50.195000,430.8616424211789,12
2024-09-20 14:44:50.408000,430.8713262470495,9
2024-09-20 14:44:50.536000,430.87321630169953,1005
2024-09-20 14:44:50.566000,430.8712808916785,100
2024-09-20 14:44:50.567000,430.821094380703,11
2024-09-20 14:44:50.629000,430.8235089047385,97
2024-09-20 14:44:50.680000,430.85875208591926,1001
2024-09-20 14:44:50.742000,430.8310653185626,999
2024-09-20 14:44:51.127000,430.8232374479104,99
2024-09-20 14:44:51.655000,430.80297259901886,996
2024-09-20 14:44:52.051000,430.7832467240149,6
2024-09-20 14:44:52.068000,430.7327517023039,1000
2024-09-20 14:44:52.102000,430.7841396612366,102
2024-09-20 14:44:52.120000,430.7455518047241,97
2024-09-20 14:44:52.123000,430.7394605982893,98
2024-09-20 14:44:52.165000,430.7945623432946,14
2024-09-20 14:44:52.204000,430.7885032067857,996
2024-09-20 14:44:52.205000,430.7787183870064,6
2024-09-20 14:44:52.229000,430.7672065331847,97
2024-09-20 14:44:52.304000,430.7428684826936,6
2024-09-20 14:44:52.326000,430.776149163013,1004
2024-09-20 14:44:52.335000,430.7768480674428,103
2024-09-20 14:44:52.339000,430.7589017370338,995
2024-09-20 14:44:52.438000,430.7813327251928,101
2024-09-20 14:44:52.450000,430.730302572744,14
2024-09-20 14:44:52.459000,430.8079930056512,101
2024-09-20 14:44:52.593000,430.7778035770288,998
2024-09-20 14:44:52.612000,430.74636462235753,15
2024-09-20 14:44:52.667000,430.7782603879997,95
2024-09-20 14:44:52.706000,430.7307278405529,97
2024-09-20 14:44:52.712000,430.72174086109976,102
2024-09-20 14:44:52.719000,430.7452165242184,99
2024-09-20 14:44:52.821000,430.7801016583216,6
2024-09-20 14:44:52.852000,430.7174896056326,999
2024-09-20 14:44:52.928000,430.7782098373127,1004
2024-09-20 14:44:53.040000,430.8119325016807,104
2024-09-20 14:44:53.295000,430.7772215857191,100
2024-09-20 14:44:53.339000,430.8081704748188,998
2024-09-20 14:44:53.449000,430.81877642681474,5
2024-09-20 14:44:53.576000,430.7722054398114,8
2024-09-20 14:44:53.641000,430.8147034217743,7
2024-09-20 14:44:53.717000,430.7911448678898,14
2024-09-20 14:44:53.848000,430.7930827615376,95
2024-09-20 14:44:53.932000,430.7883126614136,1003
2024-09-20 14:44:53.935000,430.8013463064664,99
2024-09-20 14:44:54.615000,430.8102928227097,1004
2024-09-20 14:44:54.723000,430.7889212714292,98
2024-09-20 14:44:55.098000,430.7892539890603,998
2024-09-20 14:44:55.105000,430.7909595836933,103
2024-09-20 14:44:55.150000,430.77087340349897,1003
2024-09-20 14:44:55.162000,430.81220910205934,8
2024-09-20 14:44:55.268000,430.7443643489137,1005
2024-09-20 14:44:55.362000,430.7613297500414,98
2024-09-20 14:44:55.372000,430.76017548837086,100
2024-09-20 14:44:55.404000,430.75964275977896,9
2024-09-20 14:44:55.407000,430.7974802243004,14
2024-09-20 14:44:55.409000,430.752743352345,997
2024-09-20 14:44:55.461000,430.7591813219729,11
2024-09-20 14:44:55.496000,430.783362407087,5
2024-09-20 14:44:55.538000,430.8109715119162,10
2024-09-20 14:44:55.564000,430.7280324849746,102
2024-09-20 14:44:55.695000,430.7997440469176,96
2024-09-20 14:44:55.715000,430.7366510583356,1001
2024-09-20 14:44:55.741000,430.8035549635485,5
2024-09-20 14:44:55.774000,430.77662372578686,14
2024-09-20 14:44:55.780000,430.7758003194972,1002
2024-09-20 14:44:55.879000,430.80080524199695,9
2024-09-20 14:44:55.886000,430.78167975200137,1000
2024-09-20 14:44:55.926000,430.7673406636019,5
2024-09-20 14:44:56.130000,430.7241823352096,96
2024-09-20 14:44:56.406000,430.7154439781783,104
2024-09-20 14:44:56.925000,430.6969700648208,10
2024-09-20 14:44:57.535000,430.6823859491617,10
2024-09-20 14:44:57.692000,430.6781303324559,8
2024-09-20 14:44:58.021000,430.6786926067823,11
2024-09-20 14:44:58.124000,430.66005316000417,996
2024-09-20 14:44:58.218000,430.6683835826847,999
2024-09-20 14:44:58.239000,430.64579483779727,10
2024-09-20 14:44:58.261000,430.6652778268066,11
2024-09-20 14:44:58.264000,430.7233782182384,12
2024-09-20 14:44:58.322000,430.652918234556,10
2024-09-20 14:44:58.353000,430.6564585117001,1005
2024-09-20 14:44:58.440000,430.6626165952045,999
2024-09-20 14:44:58.449000,430.7111748975187,1002
2024-09-20 14:44:58.472000,430.6815640303303,995
2024-09-20 14:44:58.492000,430.649146573784,96
2024-09-20 14:44:58.510000,430.7209640152808,13
2024-09-20 14:44:58.521000,430.72807954431386,1000
2024-09-20 14:44:58.612000,430.6569051508856,97
2024-09-20 14:44:58.675000,430.7109475091374,98
2024-09-20 14:44:58.746000,430.65942315648846,6
2024-09-20 14:44:58.752000,430.69584192842666,15
2024-09-20 14:44:58.762000,430.6769143377454,1001
2024-09-20 14:44:58.900000,430.7227284049249,1000
2024-09-20 14:44:58.917000,430.7160212652168,1005
2024-09-20 14:44:58.936000,430.7313358118011,95
2024-09-20 14:44:58.956000,430.6598342777866,1002
2024-09-20 14:44:58.983000,430.684443243508,998
2024-09-20 14:44:59.079000,430.7003881419139,995
2024-09-20 14:44:59.157000,430.7241514020749,8
2024-09-20 14:44:59.384000,430.7420001320836,998
2024-09-20 14:44:59.410000,430.7216218268509,6
2024-09-20 14:44:59.425000,430.7340640204816,96
2024-09-20 14:44:59.451000,430.7159756398031,999
2024-09-20 14:44:59.494000,430.7155272027447,102
2024-09-20 14:44:59.609000,430.750044223634,10
2024-09-20 14:44:59.710000,430.7183731978609,13
2024-09-20 14:44:59.842000,430.71559518207687,105
2024-09-20 14:44:59.843000,430.7218406646847,1001
2024-09-20 14:44:59.962000,422.75205075275,14
