Timestamp,Price,Size
2024-09-20 15:37:00.031000,428.73735225490327,1002
2024-09-20 15:37:00.068000,428.6763881390435,105
2024-09-20 15:37:00.113000,428.7490325270331,98
2024-09-20 15:37:00.121000,428.73905047424313,11
2024-09-20 15:37:00.146000,428.6809340109039,100
2024-09-20 15:37:00.190000,428.756533082782,95
2024-09-20 15:37:00.255000,428.7388135272699,1004
2024-09-20 15:37:00.263000,428.70970899977823,1005
2024-09-20 15:37:00.292000,428.6852732325238,97
2024-09-20 15:37:00.301000,428.6992730512446,9
2024-09-20 15:37:00.385000,428.6973450644495,7
2024-09-20 15:37:00.425000,428.661448756384,998
2024-09-20 15:37:00.426000,428.7018521048717,101
2024-09-20 15:37:00.568000,428.7592017215524,103
2024-09-20 15:37:00.600000,428.7100034927792,7
2024-09-20 15:37:00.690000,428.7111275703368,998
2024-09-20 15:37:00.729000,428.68771222329,1000
2024-09-20 15:37:00.820000,428.7394915259492,995
2024-09-20 15:37:00.865000,428.7027246357425,999
2024-09-20 15:37:00.947000,428.7162731716795,13
2024-09-20 15:37:01.260000,428.7183458403183,1000
2024-09-20 15:37:01.939000,428.7371528037665,97
2024-09-20 15:37:02.024000,428.7345566344157,95
2024-09-20 15:37:02.061000,428.7490050037749,996
2024-09-20 15:37:02.071000,428.7265623485682,96
2024-09-20 15:37:02.133000,428.73280311907456,104
2024-09-20 15:37:02.135000,428.73306095036605,1005
2024-09-20 15:37:02.156000,428.7271099484483,997
2024-09-20 15:37:02.224000,428.72525049296553,997
2024-09-20 15:37:02.280000,428.6921339335311,102
2024-09-20 15:37:02.417000,428.7019685537064,97
2024-09-20 15:37:02.418000,428.7414967969675,104
2024-09-20 15:37:02.444000,428.71521046679146,999
2024-09-20 15:37:02.497000,428.7478487804161,1004
2024-09-20 15:37:02.525000,428.7412687101723,99
2024-09-20 15:37:02.526000,428.75767084282427,6
2024-09-20 15:37:02.554000,428.7274439547672,8
2024-09-20 15:37:02.558000,428.7312428624924,104
2024-09-20 15:37:02.565000,428.7024111646848,8
2024-09-20 15:37:02.581000,428.71246762012817,5
2024-09-20 15:37:02.601000,428.6976372608549,14
2024-09-20 15:37:02.605000,428.70799205476254,8
2024-09-20 15:37:02.632000,428.70256250222496,9
2024-09-20 15:37:02.663000,428.6846641756289,95
2024-09-20 15:37:02.814000,428.7360440782553,95
2024-09-20 15:37:02.872000,428.7168806724251,999
2024-09-20 15:37:02.958000,428.737998856295,999
2024-09-20 15:37:02.968000,428.7408121552109,96
2024-09-20 15:37:02.979000,428.7328401347832,14
2024-09-20 15:37:03.008000,428.7185961781757,1001
2024-09-20 15:37:03.018000,428.73199947918727,1002
2024-09-20 15:37:03.045000,428.7456624646237,98
2024-09-20 15:37:03.106000,428.7269288179009,101
2024-09-20 15:37:03.171000,428.7036936622659,97
2024-09-20 15:37:03.180000,428.71992715929895,100
2024-09-20 15:37:03.212000,428.74712631785246,6
2024-09-20 15:37:03.251000,428.7020252044563,104
2024-09-20 15:37:03.292000,428.7100764155451,7
2024-09-20 15:37:03.463000,428.7404698472045,12
2024-09-20 15:37:03.529000,428.69124730655454,99
2024-09-20 15:37:03.569000,428.674008056213,95
2024-09-20 15:37:03.606000,428.69625375526937,9
2024-09-20 15:37:03.752000,428.689320893445,1001
2024-09-20 15:37:03.754000,428.7060626643384,998
2024-09-20 15:37:03.810000,428.7303272874971,102
2024-09-20 15:37:03.846000,428.70928488159,12
2024-09-20 15:37:03.851000,428.7378979227936,11
2024-09-20 15:37:03.880000,422.2809490371913,1005
2024-09-20 15:37:03.997000,428.68646928130994,97
2024-09-20 15:37:04.007000,428.73600281183445,1004
2024-09-20 15:37:04.017000,428.743116911705,102
2024-09-20 15:37:04.041000,428.705022315974,8
2024-09-20 15:37:04.066000,428.7160705268749,8
2024-09-20 15:37:04.067000,428.7521229011646,102
2024-09-20 15:37:04.118000,428.7413102175022,1000
2024-09-20 15:37:04.124000,428.70197801721474,105
2024-09-20 15:37:04.247000,428.71170193622976,1000
2024-09-20 15:37:04.272000,428.7429322212108,95
2024-09-20 15:37:04.321000,428.7039063138423,95
2024-09-20 15:37:04.350000,428.7269560568364,10
2024-09-20 15:37:04.399000,428.7548129160394,8
2024-09-20 15:37:04.407000,428.7539986071397,96
2024-09-20 15:37:04.408000,428.7267477529477,103
2024-09-20 15:37:04.433000,428.7416709024504,1003
2024-09-20 15:37:04.528000,428.7342258377469,97
2024-09-20 15:37:04.530000,428.7085171478464,996
2024-09-20 15:37:04.558000,428.7291946779741,14
2024-09-20 15:37:04.564000,428.7251508716184,999
2024-09-20 15:37:04.673000,428.7336778873449,9
2024-09-20 15:37:04.819000,428.72006736563776,103
2024-09-20 15:37:04.846000,428.7505398575181,96
2024-09-20 15:37:04.894000,428.7180011073234,98
2024-09-20 15:37:04.900000,428.7061947487993,103
2024-09-20 15:37:04.956000,428.7096306687337,9
2024-09-20 15:37:05.004000,428.82097940571975,12
2024-09-20 15:37:05.061000,428.80355725769823,999
2024-09-20 15:37:05.101000,428.8682823230925,995
2024-09-20 15:37:05.174000,428.7238635220404,102
2024-09-20 15:37:05.182000,428.8145760565347,99
2024-09-20 15:37:05.231000,428.835652560666,100
2024-09-20 15:37:05.232000,428.8524698224606,6
2024-09-20 15:37:05.238000,428.8928313543436,97
2024-09-20 15:37:05.297000,428.7576416646707,1005
2024-09-20 15:37:05.350000,428.87814049711903,11
2024-09-20 15:37:05.352000,428.8817178834635,102
2024-09-20 15:37:05.426000,428.8340843065776,6
2024-09-20 15:37:05.467000,428.80852540811,5
2024-09-20 15:37:05.519000,428.8983857284898,14
2024-09-20 15:37:05.606000,428.7664287757111,999
2024-09-20 15:37:05.642000,428.8614862413832,1001
2024-09-20 15:37:05.654000,428.79716538600815,1005
2024-09-20 15:37:05.677000,428.8742822543724,995
2024-09-20 15:37:05.693000,428.7917556749055,1003
2024-09-20 15:37:05.698000,428.80622299643375,1000
2024-09-20 15:37:05.717000,428.8301244368479,10
2024-09-20 15:37:05.758000,428.823828982794,96
2024-09-20 15:37:05.780000,428.8424891512106,9
2024-09-20 15:37:05.790000,428.8090463175943,95
2024-09-20 15:37:05.797000,428.7887393615684,10
2024-09-20 15:37:05.825000,428.8570333217689,14
2024-09-20 15:37:05.834000,428.7456166331725,5
2024-09-20 15:37:05.951000,428.7349708634492,100
2024-09-20 15:37:05.978000,428.8048699713841,1002
2024-09-20 15:37:05.978000,428.8814548659981,11
2024-09-20 15:37:06.431000,428.8965720902032,11
2024-09-20 15:37:06.526000,428.90318058466846,1005
2024-09-20 15:37:06.664000,428.9001005385357,995
2024-09-20 15:37:07.053000,428.8747070507855,1003
2024-09-20 15:37:07.172000,428.8124199162266,12
2024-09-20 15:37:07.178000,428.892592563359,9
2024-09-20 15:37:07.285000,428.8627039522578,98
2024-09-20 15:37:07.346000,428.90114139403056,1001
2024-09-20 15:37:07.395000,428.84633390700174,99
2024-09-20 15:37:07.501000,422.48477989336834,96
2024-09-20 15:37:07.695000,428.8766425083234,10
2024-09-20 15:37:07.756000,428.90467679472897,1003
2024-09-20 15:37:07.868000,428.8809558387175,104
2024-09-20 15:37:08.008000,428.8014279486334,11
2024-09-20 15:37:08.012000,428.7921501036384,102
2024-09-20 15:37:08.136000,428.7954252536696,103
2024-09-20 15:37:08.165000,428.8154398511998,104
2024-09-20 15:37:08.175000,428.7887332975438,10
2024-09-20 15:37:08.235000,428.80490939308913,10
2024-09-20 15:37:08.275000,428.7883149329643,999
2024-09-20 15:37:08.331000,428.7851858742171,1002
2024-09-20 15:37:08.341000,428.8208885321297,9
2024-09-20 15:37:08.417000,428.7950770066564,98
2024-09-20 15:37:08.501000,428.79290008334993,15
2024-09-20 15:37:08.517000,428.7765528342232,7
2024-09-20 15:37:08.620000,428.78493767447833,6
2024-09-20 15:37:08.629000,428.7896864931986,11
2024-09-20 15:37:08.670000,428.8058296573369,1005
2024-09-20 15:37:08.690000,428.8092901271334,995
2024-09-20 15:37:08.740000,428.80034768946496,7
2024-09-20 15:37:08.829000,428.7904649785951,9
2024-09-20 15:37:08.840000,428.7890763085773,95
2024-09-20 15:37:08.847000,428.7993179742728,996
2024-09-20 15:37:08.849000,422.5133559948986,1001
2024-09-20 15:37:08.859000,428.79557303442,6
2024-09-20 15:37:08.925000,428.8004041611254,997
2024-09-20 15:37:08.981000,422.4922436383551,98
2024-09-20 15:37:09.007000,428.893596208338,98
2024-09-20 15:37:09.018000,428.8850586640408,5
2024-09-20 15:37:09.049000,428.83303994800855,1000
2024-09-20 15:37:09.075000,422.533083442346,15
2024-09-20 15:37:09.084000,428.8766863200137,13
2024-09-20 15:37:09.090000,428.88863168302487,101
2024-09-20 15:37:09.135000,428.8194104008646,997
2024-09-20 15:37:09.143000,428.9003506412817,996
2024-09-20 15:37:09.221000,428.8852306262322,999
2024-09-20 15:37:09.245000,428.8614069816652,7
2024-09-20 15:37:09.275000,428.8291594430127,102
2024-09-20 15:37:09.286000,428.8277953727782,1000
2024-09-20 15:37:09.304000,428.8891170980464,999
2024-09-20 15:37:09.377000,428.8502341788517,95
2024-09-20 15:37:09.377000,428.8052892577159,15
2024-09-20 15:37:09.414000,428.88827132073766,999
2024-09-20 15:37:09.429000,428.826177611226,8
2024-09-20 15:37:09.470000,428.8345977204486,1000
2024-09-20 15:37:09.471000,428.8973288120364,1001
2024-09-20 15:37:09.602000,428.870053740211,1004
2024-09-20 15:37:09.607000,428.8436600696725,12
2024-09-20 15:37:09.691000,428.8298300283104,99
2024-09-20 15:37:09.706000,428.8858689793648,998
2024-09-20 15:37:09.818000,428.81786710152767,5
2024-09-20 15:37:09.853000,428.8114579773229,102
2024-09-20 15:37:09.860000,428.86183128235166,95
2024-09-20 15:37:09.901000,428.8120322462038,1001
2024-09-20 15:37:09.911000,428.87333612674337,99
2024-09-20 15:37:09.959000,428.8846443354332,9
2024-09-20 15:37:09.982000,428.8312037412707,104
2024-09-20 15:37:10.152000,428.8598953669106,995
2024-09-20 15:37:10.155000,428.8324012171144,1005
2024-09-20 15:37:10.204000,428.893193596353,100
2024-09-20 15:37:10.219000,428.8386375223695,101
2024-09-20 15:37:10.245000,428.906009997301,103
2024-09-20 15:37:10.269000,428.882909751683,13
2024-09-20 15:37:10.277000,428.833316847162,8
2024-09-20 15:37:10.297000,428.9066812544929,1002
2024-09-20 15:37:10.357000,428.8757402409892,996
2024-09-20 15:37:10.380000,428.85245395184114,10
2024-09-20 15:37:10.392000,428.85966339846766,7
2024-09-20 15:37:10.403000,428.8895202207341,997
2024-09-20 15:37:10.413000,428.8210529805425,6
2024-09-20 15:37:10.421000,428.8874950549725,1004
2024-09-20 15:37:10.432000,428.890600605404,11
2024-09-20 15:37:10.573000,428.80961745369024,14
2024-09-20 15:37:10.709000,428.840681580684,13
2024-09-20 15:37:10.726000,428.8505573090935,1004
2024-09-20 15:37:10.778000,428.8343231232278,11
2024-09-20 15:37:10.780000,428.87276619455577,1003
2024-09-20 15:37:10.788000,428.8646678413768,100
2024-09-20 15:37:10.869000,428.8383060560579,95
2024-09-20 15:37:10.876000,428.822101027942,101
2024-09-20 15:37:10.963000,428.8430965060784,1004
2024-09-20 15:37:10.972000,428.858770375401,104
2024-09-20 15:37:10.985000,428.8742125292552,101
2024-09-20 15:37:11.026000,428.8170751297166,12
2024-09-20 15:37:11.099000,428.8272368642665,95
2024-09-20 15:37:11.208000,428.8300828801783,101
2024-09-20 15:37:11.250000,428.8229787181557,11
2024-09-20 15:37:11.294000,428.84864774092455,996
2024-09-20 15:37:11.939000,428.8109131827412,95
2024-09-20 15:37:12.156000,428.798714356972,98
2024-09-20 15:37:12.201000,428.80549620204846,15
2024-09-20 15:37:12.232000,428.7930486038651,102
2024-09-20 15:37:12.245000,428.8020540931847,999
2024-09-20 15:37:12.343000,428.78628072244936,102
2024-09-20 15:37:12.400000,428.77598259937537,1005
2024-09-20 15:37:12.436000,428.79090605176935,999
2024-09-20 15:37:12.558000,428.80247995460576,99
2024-09-20 15:37:12.568000,428.7723319482099,998
2024-09-20 15:37:12.617000,428.7705940728695,999
2024-09-20 15:37:12.677000,428.7839223270504,14
2024-09-20 15:37:12.745000,428.7680988184471,11
2024-09-20 15:37:12.809000,428.7704120947372,14
2024-09-20 15:37:12.827000,428.7634617172238,99
2024-09-20 15:37:12.920000,428.78535726371945,105
2024-09-20 15:37:12.927000,428.7615147905549,102
2024-09-20 15:37:12.932000,428.775804609476,999
2024-09-20 15:37:12.975000,428.7730316833483,7
2024-09-20 15:37:13.093000,428.8309756763846,995
2024-09-20 15:37:13.100000,428.825678984552,7
2024-09-20 15:37:13.324000,428.8285405328796,14
2024-09-20 15:37:13.376000,428.8422902047866,997
2024-09-20 15:37:13.462000,428.781797829102,1003
2024-09-20 15:37:13.471000,428.8213807535844,1005
2024-09-20 15:37:13.480000,428.84728995270825,5
2024-09-20 15:37:13.507000,428.804811082587,10
2024-09-20 15:37:13.571000,428.838179728792,1001
2024-09-20 15:37:13.572000,428.8540186943772,104
2024-09-20 15:37:13.585000,428.8533407159301,7
2024-09-20 15:37:13.599000,428.8136589494473,8
2024-09-20 15:37:13.617000,428.7835170496025,105
2024-09-20 15:37:13.683000,428.79448361792186,1005
2024-09-20 15:37:13.687000,428.8095224315029,998
2024-09-20 15:37:13.733000,428.8503657259472,97
2024-09-20 15:37:13.879000,428.7923537076057,996
2024-09-20 15:37:13.945000,428.8530620622271,997
2024-09-20 15:37:13.946000,428.82171886512725,998
2024-09-20 15:37:13.948000,428.836976835216,999
2024-09-20 15:37:13.997000,422.5177870721173,13
2024-09-20 15:37:14.024000,428.9209882056755,96
2024-09-20 15:37:14.041000,428.8960390788512,5
2024-09-20 15:37:14.198000,428.8888939169414,6
2024-09-20 15:37:14.202000,428.9247200136065,103
2024-09-20 15:37:14.268000,428.8714092943713,6
2024-09-20 15:37:14.285000,428.8961324237087,15
2024-09-20 15:37:14.303000,428.9412781064309,103
2024-09-20 15:37:14.405000,428.9208272450204,95
2024-09-20 15:37:14.460000,428.9017534195194,12
2024-09-20 15:37:14.463000,428.91921018092427,12
2024-09-20 15:37:14.492000,428.8915988031172,997
2024-09-20 15:37:14.499000,428.87625478904266,15
2024-09-20 15:37:14.583000,428.9122741575968,5
2024-09-20 15:37:14.717000,428.8602262547538,996
2024-09-20 15:37:14.718000,428.90735885242793,95
2024-09-20 15:37:14.804000,428.9189031942257,14
2024-09-20 15:37:14.840000,428.8780284084899,103
2024-09-20 15:37:14.848000,428.90968147758537,999
2024-09-20 15:37:14.862000,428.89426557003605,98
2024-09-20 15:37:14.909000,428.8983088533328,13
2024-09-20 15:37:14.930000,428.9196577388036,6
2024-09-20 15:37:14.979000,428.8578518602827,13
2024-09-20 15:37:15.015000,428.8859704065309,9
2024-09-20 15:37:15.058000,428.9061822823321,6
2024-09-20 15:37:15.086000,428.888919163808,15
2024-09-20 15:37:15.087000,428.89692679540974,995
2024-09-20 15:37:15.193000,428.8920773995003,12
2024-09-20 15:37:15.208000,428.905271774316,996
2024-09-20 15:37:15.281000,428.9108340152378,95
2024-09-20 15:37:15.403000,428.8770358096166,104
2024-09-20 15:37:15.457000,428.8869202408995,97
2024-09-20 15:37:15.493000,428.911387239372,15
2024-09-20 15:37:15.495000,428.876164604552,8
2024-09-20 15:37:15.570000,428.8851243617896,9
2024-09-20 15:37:15.607000,428.8915557141134,8
2024-09-20 15:37:15.645000,428.89627147928337,102
2024-09-20 15:37:15.725000,428.8847162788279,14
2024-09-20 15:37:15.785000,428.8974838497837,103
2024-09-20 15:37:15.796000,428.9173475978082,96
2024-09-20 15:37:15.840000,428.88934513509497,995
2024-09-20 15:37:15.850000,428.9148376513831,13
2024-09-20 15:37:15.860000,428.9031672570864,102
2024-09-20 15:37:15.883000,428.8994897271202,1003
2024-09-20 15:37:15.902000,428.9158855195552,13
2024-09-20 15:37:15.951000,428.8791377985731,103
2024-09-20 15:37:15.973000,428.8972826091412,9
2024-09-20 15:37:16.018000,428.89378796958187,15
2024-09-20 15:37:16.183000,428.8935933300995,99
2024-09-20 15:37:16.313000,428.8768477190727,104
2024-09-20 15:37:16.497000,428.9053563545384,995
2024-09-20 15:37:16.568000,428.8816189588197,14
2024-09-20 15:37:16.638000,428.89637362010114,98
2024-09-20 15:37:16.699000,428.8790096974613,1003
2024-09-20 15:37:16.899000,428.8728669938657,99
2024-09-20 15:37:16.904000,428.8966970011056,1004
2024-09-20 15:37:16.958000,428.8863492147164,999
2024-09-20 15:37:16.997000,428.8698855468516,100
2024-09-20 15:37:17.108000,428.9105165754098,12
2024-09-20 15:37:17.457000,428.8961141266992,11
2024-09-20 15:37:17.747000,428.8863070599679,1003
2024-09-20 15:37:18.077000,428.9547629675175,999
2024-09-20 15:37:18.229000,428.9565305879026,1003
2024-09-20 15:37:18.431000,428.9738830282157,100
2024-09-20 15:37:18.437000,428.9293684815027,1003
2024-09-20 15:37:18.448000,428.95095392477776,7
2024-09-20 15:37:18.508000,428.9515817660825,999
2024-09-20 15:37:18.646000,428.9040501842497,14
2024-09-20 15:37:18.708000,428.9186755589004,1003
2024-09-20 15:37:18.855000,428.9601658578644,996
2024-09-20 15:37:18.918000,428.9696562930735,7
2024-09-20 15:37:18.941000,428.93052453448064,98
2024-09-20 15:37:18.997000,428.9488747263143,8
2024-09-20 15:37:20.053000,428.9597080153589,8
2024-09-20 15:37:20.156000,428.9666433639396,101
2024-09-20 15:37:20.173000,428.9741882008114,103
2024-09-20 15:37:20.208000,428.96674308374537,7
2024-09-20 15:37:20.308000,428.96529072686974,13
2024-09-20 15:37:20.351000,428.96901531316,11
2024-09-20 15:37:20.441000,428.9605774056068,14
2024-09-20 15:37:20.448000,428.94855847100064,103
2024-09-20 15:37:20.468000,428.9716456109069,1005
2024-09-20 15:37:20.553000,428.9734410389647,1005
2024-09-20 15:37:20.563000,428.9818748247002,1004
2024-09-20 15:37:20.571000,428.9667976317589,104
2024-09-20 15:37:20.616000,428.9520113158469,97
2024-09-20 15:37:20.628000,428.9579253060608,996
2024-09-20 15:37:20.657000,428.98390814781817,997
2024-09-20 15:37:20.675000,428.9678974375715,105
2024-09-20 15:37:20.684000,428.9754189894602,5
2024-09-20 15:37:20.705000,428.95990503907007,8
2024-09-20 15:37:20.804000,428.9605708392862,105
2024-09-20 15:37:20.808000,428.95970064579257,7
2024-09-20 15:37:20.843000,422.5686479664191,12
2024-09-20 15:37:20.957000,428.97545638067766,5
2024-09-20 15:37:21.187000,428.97952431780834,8
2024-09-20 15:37:21.264000,428.9595957531146,7
2024-09-20 15:37:21.329000,428.9993056125576,96
2024-09-20 15:37:21.351000,428.9203850722778,10
2024-09-20 15:37:21.406000,428.9554448214389,1003
2024-09-20 15:37:21.454000,428.976201775655,104
2024-09-20 15:37:21.484000,428.9323050572472,12
2024-09-20 15:37:21.495000,428.9756001110202,14
2024-09-20 15:37:21.555000,428.9493484240649,995
2024-09-20 15:37:21.561000,428.9589146733724,102
2024-09-20 15:37:21.582000,428.95435755277146,12
2024-09-20 15:37:21.627000,429.010278115715,13
2024-09-20 15:37:21.664000,428.9740381404511,997
2024-09-20 15:37:21.717000,428.9228894162026,996
2024-09-20 15:37:21.739000,428.9630995391719,997
2024-09-20 15:37:21.809000,428.9178734329801,999
2024-09-20 15:37:21.952000,428.9510808338555,97
2024-09-20 15:37:22.003000,428.9794223911453,1005
2024-09-20 15:37:22.071000,429.03422348558,100
2024-09-20 15:37:22.072000,429.0224661778182,14
2024-09-20 15:37:22.125000,428.97123636750587,96
2024-09-20 15:37:22.143000,429.0269847727223,14
2024-09-20 15:37:22.181000,429.0100000747264,96
2024-09-20 15:37:22.195000,428.9875668368785,996
2024-09-20 15:37:22.304000,429.01137158863776,97
2024-09-20 15:37:22.329000,429.02049155253576,11
2024-09-20 15:37:22.359000,429.02612288833546,100
2024-09-20 15:37:22.386000,428.9701265311157,102
2024-09-20 15:37:22.400000,429.0104843338368,996
2024-09-20 15:37:22.595000,428.96377522361576,15
2024-09-20 15:37:22.614000,428.97988110531975,1005
2024-09-20 15:37:22.627000,428.9935121511807,104
2024-09-20 15:37:22.634000,428.98399482239387,5
2024-09-20 15:37:22.638000,429.04246966482987,100
2024-09-20 15:37:22.651000,429.0245309033145,1000
2024-09-20 15:37:22.651000,429.021787819438,1000
2024-09-20 15:37:22.662000,428.98579260175393,6
2024-09-20 15:37:22.666000,428.9831049512328,9
2024-09-20 15:37:22.698000,428.9694635084996,100
2024-09-20 15:37:22.750000,429.0010225294356,7
2024-09-20 15:37:22.781000,429.0128054679751,11
2024-09-20 15:37:22.828000,429.026597793898,1003
2024-09-20 15:37:22.911000,429.04798678290985,997
2024-09-20 15:37:23.095000,428.989027071719,8
2024-09-20 15:37:23.117000,428.94964717569655,1002
2024-09-20 15:37:23.165000,428.9900655477192,5
2024-09-20 15:37:23.234000,428.9800879199081,102
2024-09-20 15:37:23.315000,428.960821178262,8
2024-09-20 15:37:23.328000,428.9643042905857,97
2024-09-20 15:37:23.513000,428.9758047720708,1005
2024-09-20 15:37:23.770000,428.9407242918207,15
2024-09-20 15:37:23.813000,428.976138836429,95
2024-09-20 15:37:23.839000,428.9721116527327,6
2024-09-20 15:37:23.855000,428.97579661712746,995
2024-09-20 15:37:23.908000,428.94699587379847,98
2024-09-20 15:37:24.542000,428.9496998569599,96
2024-09-20 15:37:24.772000,428.9717498034743,96
2024-09-20 15:37:25.282000,428.9850754773006,1000
2024-09-20 15:37:25.417000,428.95791585260207,1005
2024-09-20 15:37:25.557000,428.9882615821019,96
2024-09-20 15:37:25.664000,428.9749036975069,10
2024-09-20 15:37:25.785000,428.9552729967942,103
2024-09-20 15:37:25.906000,428.97762060673,1005
2024-09-20 15:37:25.955000,428.9682794677833,995
2024-09-20 15:37:26,428.9824456907455,999
2024-09-20 15:37:26.047000,428.9779735539495,96
2024-09-20 15:37:26.056000,428.9363527924393,997
2024-09-20 15:37:26.084000,428.9616259518044,995
2024-09-20 15:37:26.142000,428.9509677169924,13
2024-09-20 15:37:26.214000,428.9813383206102,99
2024-09-20 15:37:26.298000,428.9332482223129,995
2024-09-20 15:37:26.346000,428.95410708291416,5
2024-09-20 15:37:26.477000,428.96729843168447,997
2024-09-20 15:37:26.477000,428.9768150977928,1005
2024-09-20 15:37:26.560000,428.9756552835802,1001
2024-09-20 15:37:26.570000,428.98202290419096,98
2024-09-20 15:37:26.692000,428.9400576278202,1003
2024-09-20 15:37:26.803000,428.9533596563112,5
2024-09-20 15:37:26.832000,428.9661798360183,9
2024-09-20 15:37:26.955000,428.98858614693097,7
2024-09-20 15:37:27.249000,428.9561139277212,9
2024-09-20 15:37:28.286000,422.5358301884248,15
2024-09-20 15:37:28.355000,429.0011682643447,10
2024-09-20 15:37:28.371000,428.95569797267376,998
2024-09-20 15:37:28.380000,428.9442023227729,1000
2024-09-20 15:37:28.527000,428.982782204341,12
2024-09-20 15:37:28.543000,428.9628867224574,998
2024-09-20 15:37:28.579000,428.95138620424746,12
2024-09-20 15:37:28.586000,428.9343474913426,1005
2024-09-20 15:37:28.596000,428.9771668271134,1003
2024-09-20 15:37:28.608000,428.94376188283104,97
2024-09-20 15:37:28.663000,429.0021538284227,9
2024-09-20 15:37:28.689000,428.9522455928103,997
2024-09-20 15:37:28.745000,428.96524483274334,9
2024-09-20 15:37:28.823000,428.971587660814,7
2024-09-20 15:37:28.878000,428.9674745458837,999
2024-09-20 15:37:28.886000,428.9927173086305,12
2024-09-20 15:37:28.918000,428.9681956521,97
2024-09-20 15:37:28.920000,428.9418901943058,102
2024-09-20 15:37:28.935000,428.9556125602755,6
2024-09-20 15:37:29.096000,428.94694274495146,996
2024-09-20 15:37:29.455000,428.9682309081869,95
2024-09-20 15:37:29.596000,428.9713850744567,5
2024-09-20 15:37:29.617000,428.96971981784816,103
2024-09-20 15:37:29.993000,428.950519907574,99
2024-09-20 15:37:30.001000,428.9580833916899,103
2024-09-20 15:37:30.003000,428.96628128218,105
2024-09-20 15:37:30.060000,428.955848208486,996
2024-09-20 15:37:30.061000,428.94990313989,13
2024-09-20 15:37:30.061000,429.057626194673,102
2024-09-20 15:37:30.129000,429.0329636115424,1002
2024-09-20 15:37:30.227000,428.94906519431225,7
2024-09-20 15:37:30.290000,428.9501217117966,1000
2024-09-20 15:37:30.375000,428.9580263496237,102
2024-09-20 15:37:30.386000,422.5795173085804,1001
2024-09-20 15:37:30.409000,428.993905217618,7
2024-09-20 15:37:30.468000,428.97927724471697,105
2024-09-20 15:37:30.474000,428.995102235986,100
2024-09-20 15:37:30.510000,429.0588267515564,98
2024-09-20 15:37:30.520000,428.9489889820293,101
2024-09-20 15:37:30.528000,428.9496996416679,101
2024-09-20 15:37:30.541000,428.9903644690301,100
2024-09-20 15:37:30.564000,428.995908775224,13
2024-09-20 15:37:30.636000,428.9827265786586,14
2024-09-20 15:37:30.639000,428.96357339516896,99
2024-09-20 15:37:30.753000,429.0451492043388,1005
2024-09-20 15:37:30.821000,429.0524985722261,9
2024-09-20 15:37:30.841000,429.0641752093079,99
2024-09-20 15:37:30.894000,429.00193691484486,96
2024-09-20 15:37:30.916000,429.0359794383395,1005
2024-09-20 15:37:30.995000,429.0150123815641,999
2024-09-20 15:37:31,429.0735396052865,95
2024-09-20 15:37:31.003000,429.12879726364577,1000
2024-09-20 15:37:31.049000,429.1521809783658,999
2024-09-20 15:37:31.086000,429.098206543692,95
2024-09-20 15:37:31.093000,429.09440070227424,10
2024-09-20 15:37:31.147000,429.1073897361271,995
2024-09-20 15:37:31.158000,429.1485852345479,1005
2024-09-20 15:37:31.191000,429.1253443804183,14
2024-09-20 15:37:31.205000,429.156719073621,7
2024-09-20 15:37:31.346000,429.08741520516,13
2024-09-20 15:37:31.405000,429.1382693543436,11
2024-09-20 15:37:31.410000,429.1466026750835,102
2024-09-20 15:37:31.441000,429.0930315865812,10
2024-09-20 15:37:31.451000,429.1493535102997,101
2024-09-20 15:37:31.490000,429.1410845442498,95
2024-09-20 15:37:31.538000,429.144916569429,14
2024-09-20 15:37:31.578000,422.6041390737468,997
2024-09-20 15:37:31.582000,429.1012857429625,14
2024-09-20 15:37:31.631000,429.1514755239764,1000
2024-09-20 15:37:31.661000,429.1500326739807,1001
2024-09-20 15:37:31.686000,429.1166601949375,95
2024-09-20 15:37:31.729000,429.14512332946,995
2024-09-20 15:37:31.738000,429.10304314032015,102
2024-09-20 15:37:31.749000,429.0379022753121,995
2024-09-20 15:37:31.844000,429.10091672883567,999
2024-09-20 15:37:31.990000,429.1434860129824,99
2024-09-20 15:37:32.075000,429.1523165370968,6
2024-09-20 15:37:32.086000,429.1145410668676,1005
2024-09-20 15:37:32.156000,429.1466841529594,1005
2024-09-20 15:37:32.188000,429.0987223010352,13
2024-09-20 15:37:32.236000,429.1460541303435,1000
2024-09-20 15:37:32.254000,429.1488948806826,1002
2024-09-20 15:37:32.410000,429.0992216997387,10
2024-09-20 15:37:32.469000,429.1586344324258,998
2024-09-20 15:37:32.527000,429.1389010451152,96
2024-09-20 15:37:32.584000,429.1197793885154,95
2024-09-20 15:37:32.585000,429.1365395051346,8
2024-09-20 15:37:32.623000,429.097879959297,15
2024-09-20 15:37:32.635000,429.1353638538037,101
2024-09-20 15:37:32.682000,429.13346347964944,995
2024-09-20 15:37:32.923000,429.1638449057144,103
2024-09-20 15:37:32.929000,429.1627825137172,104
2024-09-20 15:37:33.056000,429.1754371638499,999
2024-09-20 15:37:33.106000,429.1833780058594,999
2024-09-20 15:37:33.108000,429.158420517197,996
2024-09-20 15:37:33.170000,429.12243619058125,96
2024-09-20 15:37:33.176000,429.1177882581901,1003
2024-09-20 15:37:33.321000,429.2004198113535,7
2024-09-20 15:37:33.386000,429.15667450520914,105
2024-09-20 15:37:33.467000,429.1914872625136,103
2024-09-20 15:37:33.486000,429.1664991219184,10
2024-09-20 15:37:33.554000,429.14224054442064,998
2024-09-20 15:37:33.583000,429.176834814688,996
2024-09-20 15:37:33.613000,429.1103109085694,105
2024-09-20 15:37:33.616000,429.1380822041653,12
2024-09-20 15:37:33.622000,429.15176912248194,96
2024-09-20 15:37:33.631000,429.1253005801164,1000
2024-09-20 15:37:33.642000,429.1782084755264,104
2024-09-20 15:37:33.705000,429.1866081843521,1001
2024-09-20 15:37:33.817000,429.1760026017573,7
2024-09-20 15:37:33.835000,429.215712653897,999
2024-09-20 15:37:33.837000,429.1978780012528,102
2024-09-20 15:37:33.837000,429.1315511350803,15
2024-09-20 15:37:33.903000,429.1520319810687,15
2024-09-20 15:37:33.959000,429.1257828694483,99
2024-09-20 15:37:33.981000,429.179365762714,105
2024-09-20 15:37:34.001000,429.05019454796985,999
2024-09-20 15:37:34.003000,429.1333724697048,10
2024-09-20 15:37:34.010000,429.03075115162136,95
2024-09-20 15:37:34.012000,429.09586374023576,95
2024-09-20 15:37:34.045000,429.0776517798287,101
2024-09-20 15:37:34.086000,429.0776539530064,11
2024-09-20 15:37:34.091000,429.0782081510943,996
2024-09-20 15:37:34.099000,429.0714950297137,1003
2024-09-20 15:37:34.114000,429.0444391155324,997
2024-09-20 15:37:34.170000,429.0888940188012,96
2024-09-20 15:37:34.197000,429.1308990511413,14
2024-09-20 15:37:34.233000,429.0939346138771,102
2024-09-20 15:37:34.247000,429.1342856697,1001
2024-09-20 15:37:34.273000,429.07693338876,13
2024-09-20 15:37:34.338000,429.0821901892252,1003
2024-09-20 15:37:34.453000,429.1199840992355,11
2024-09-20 15:37:34.494000,429.1084987300252,13
2024-09-20 15:37:34.559000,429.0782490727209,996
2024-09-20 15:37:34.588000,429.0868973823431,998
2024-09-20 15:37:34.667000,429.0665018437964,996
2024-09-20 15:37:34.723000,429.1035508291534,104
2024-09-20 15:37:34.749000,429.0966158222876,12
2024-09-20 15:37:34.858000,429.1117766539826,104
2024-09-20 15:37:34.892000,429.1202194364095,1005
2024-09-20 15:37:34.956000,429.0734310068259,11
2024-09-20 15:37:34.960000,429.0722174426127,15
2024-09-20 15:37:35.128000,429.1942447512273,9
2024-09-20 15:37:35.258000,429.1734823417144,10
2024-09-20 15:37:35.304000,429.1688582996436,100
2024-09-20 15:37:35.354000,429.179604763967,6
2024-09-20 15:37:35.467000,429.1783328393422,99
2024-09-20 15:37:35.473000,429.1812121618922,102
2024-09-20 15:37:35.516000,429.1482730521432,996
2024-09-20 15:37:35.528000,429.176906408885,9
2024-09-20 15:37:35.623000,429.1716585665704,104
2024-09-20 15:37:35.695000,429.1912760774206,1005
2024-09-20 15:37:35.721000,429.1809997494226,7
2024-09-20 15:37:35.766000,429.1886860905458,5
2024-09-20 15:37:35.769000,429.1343153396543,101
2024-09-20 15:37:35.774000,429.17999010861945,10
2024-09-20 15:37:35.783000,429.1443774884018,100
2024-09-20 15:37:35.830000,429.198958080528,999
2024-09-20 15:37:35.979000,429.1474529296713,14
2024-09-20 15:37:36.027000,429.1897018428094,100
2024-09-20 15:37:36.104000,429.2409975688342,8
2024-09-20 15:37:36.439000,429.2544225297107,13
2024-09-20 15:37:36.731000,429.2429047603352,5
2024-09-20 15:37:36.816000,429.19375112302856,1001
2024-09-20 15:37:36.847000,429.2277352078571,11
2024-09-20 15:37:36.926000,429.2008627267247,104
2024-09-20 15:37:37.043000,429.3164807796136,105
2024-09-20 15:37:37.097000,429.29028514627583,1002
2024-09-20 15:37:37.134000,429.2873018813078,1004
2024-09-20 15:37:37.297000,429.2872426185915,997
2024-09-20 15:37:37.394000,429.2697364621615,999
2024-09-20 15:37:37.486000,429.3132099751139,9
2024-09-20 15:37:37.541000,429.31070086138135,997
2024-09-20 15:37:37.688000,429.3145768539304,102
2024-09-20 15:37:37.822000,429.252696044721,98
2024-09-20 15:37:37.825000,429.32685190135385,7
2024-09-20 15:37:37.844000,429.2753558131688,8
2024-09-20 15:37:37.846000,429.30320678236194,1002
2024-09-20 15:37:37.954000,429.2911336747987,1005
2024-09-20 15:37:38.033000,429.3210967971256,9
2024-09-20 15:37:38.095000,429.30680509561375,12
2024-09-20 15:37:38.121000,429.3056209239937,1002
2024-09-20 15:37:38.178000,429.3012564409734,12
2024-09-20 15:37:38.227000,429.3083965191495,10
2024-09-20 15:37:38.267000,429.3071312506988,15
2024-09-20 15:37:38.285000,429.3282794014213,103
2024-09-20 15:37:38.339000,429.31923738724703,6
2024-09-20 15:37:38.371000,429.3183050800035,995
2024-09-20 15:37:38.381000,429.3214675411038,10
2024-09-20 15:37:38.409000,429.3419400609593,13
2024-09-20 15:37:38.432000,429.30662831835497,1001
2024-09-20 15:37:38.445000,429.34034377130985,105
2024-09-20 15:37:38.464000,429.3192692127519,14
2024-09-20 15:37:38.503000,429.3126522043023,105
2024-09-20 15:37:38.586000,429.33536243527874,999
2024-09-20 15:37:38.695000,429.3182313548917,10
2024-09-20 15:37:38.752000,429.3229527797175,96
2024-09-20 15:37:38.779000,429.312539240281,998
2024-09-20 15:37:38.814000,429.3199996755855,105
2024-09-20 15:37:38.848000,429.3068202194204,12
2024-09-20 15:37:39.077000,429.28421648162697,14
2024-09-20 15:37:39.177000,429.2951430421728,9
2024-09-20 15:37:39.185000,429.2992130524148,7
2024-09-20 15:37:39.235000,429.1943297115917,97
2024-09-20 15:37:39.267000,429.2973871857721,15
2024-09-20 15:37:39.318000,429.3057745764843,11
2024-09-20 15:37:39.362000,429.28357019909646,99
2024-09-20 15:37:39.371000,429.2223619220535,1005
2024-09-20 15:37:39.401000,429.2033161137393,13
2024-09-20 15:37:39.454000,429.284964845941,1004
2024-09-20 15:37:39.472000,429.2901125474918,1005
2024-09-20 15:37:39.474000,429.2048336797191,997
2024-09-20 15:37:39.481000,429.2971646623509,7
2024-09-20 15:37:39.538000,429.1796990154187,102
2024-09-20 15:37:39.563000,429.1899660572482,104
2024-09-20 15:37:39.566000,429.1847560251527,999
2024-09-20 15:37:39.572000,429.1902829998055,102
2024-09-20 15:37:39.676000,429.2757730587428,1004
2024-09-20 15:37:39.680000,429.20342452809456,997
2024-09-20 15:37:39.772000,429.2538302370589,101
2024-09-20 15:37:39.779000,429.2879324850319,1001
2024-09-20 15:37:39.807000,429.18411711653937,105
2024-09-20 15:37:39.816000,429.18840337380624,8
2024-09-20 15:37:39.899000,429.2830511774816,1000
2024-09-20 15:37:39.932000,429.2992054342049,98
2024-09-20 15:37:40.024000,429.2041608661042,102
2024-09-20 15:37:40.606000,429.1885177161732,5
2024-09-20 15:37:41.008000,429.2609173070296,10
2024-09-20 15:37:41.012000,429.291916523405,99
2024-09-20 15:37:41.053000,429.24457078857296,101
2024-09-20 15:37:41.114000,429.2414380360276,105
2024-09-20 15:37:41.246000,429.2524154832223,13
2024-09-20 15:37:41.338000,429.24145479890745,998
2024-09-20 15:37:41.350000,429.2536234661408,8
2024-09-20 15:37:41.452000,429.2784490192687,1000
2024-09-20 15:37:41.458000,429.2567448524334,103
2024-09-20 15:37:41.485000,429.2733231642202,999
2024-09-20 15:37:41.525000,429.239083790208,1000
2024-09-20 15:37:41.560000,429.2695198631023,98
2024-09-20 15:37:41.577000,429.1971900676722,6
2024-09-20 15:37:41.580000,429.27506945874535,10
2024-09-20 15:37:41.709000,429.2757382999699,1002
2024-09-20 15:37:41.732000,429.27870965386194,1002
2024-09-20 15:37:41.761000,429.282453319088,95
2024-09-20 15:37:41.774000,429.2628717705391,15
2024-09-20 15:37:41.791000,429.21644695556944,995
2024-09-20 15:37:41.838000,429.2548545823885,95
2024-09-20 15:37:41.862000,429.2516928469726,1001
2024-09-20 15:37:41.872000,429.243032080808,1004
2024-09-20 15:37:41.989000,429.2530530243101,99
2024-09-20 15:37:42.018000,429.2827404825506,998
2024-09-20 15:37:42.059000,429.2972412678337,999
2024-09-20 15:37:42.182000,429.2906034135556,1002
2024-09-20 15:37:42.367000,429.2812768161925,1001
2024-09-20 15:37:42.422000,429.3100183831572,100
2024-09-20 15:37:42.511000,429.3212280485519,105
2024-09-20 15:37:42.781000,429.3213236687963,95
2024-09-20 15:37:42.953000,429.2999611149558,8
2024-09-20 15:37:43.022000,429.28396175955726,11
2024-09-20 15:37:43.028000,429.247500905718,105
2024-09-20 15:37:43.100000,429.292867205963,996
2024-09-20 15:37:43.253000,429.25799928248887,95
2024-09-20 15:37:43.272000,429.2566375303224,13
2024-09-20 15:37:43.320000,429.2598075591462,1004
2024-09-20 15:37:43.327000,429.2619508199698,95
2024-09-20 15:37:43.389000,429.2744829214088,6
2024-09-20 15:37:43.402000,429.2674379862357,104
2024-09-20 15:37:43.440000,429.2681267410409,11
2024-09-20 15:37:43.550000,429.26032672229377,8
2024-09-20 15:37:43.566000,429.27506672345424,98
2024-09-20 15:37:43.582000,429.290022674302,98
2024-09-20 15:37:43.611000,429.2864343175453,10
2024-09-20 15:37:43.612000,429.2513397179851,11
2024-09-20 15:37:43.732000,429.2952611250226,15
2024-09-20 15:37:43.889000,429.29764626251534,104
2024-09-20 15:37:43.925000,429.2775631077792,1005
2024-09-20 15:37:43.973000,429.2353398556758,101
2024-09-20 15:37:43.989000,429.27334169713953,5
2024-09-20 15:37:44.134000,429.275626312664,1000
2024-09-20 15:37:44.320000,429.2328587470944,1005
2024-09-20 15:37:44.332000,429.237240094298,15
2024-09-20 15:37:44.431000,429.241632189956,995
2024-09-20 15:37:44.440000,429.216952935128,1004
2024-09-20 15:37:44.445000,429.2579168943688,1002
2024-09-20 15:37:44.472000,429.2545742872804,102
2024-09-20 15:37:44.473000,429.2230779867039,997
2024-09-20 15:37:44.536000,429.26035875209215,1004
2024-09-20 15:37:44.611000,429.231682291233,98
2024-09-20 15:37:44.618000,429.2217054040508,98
2024-09-20 15:37:44.713000,429.2208099786208,999
2024-09-20 15:37:44.816000,429.249111245418,1000
2024-09-20 15:37:44.833000,429.2278869780486,997
2024-09-20 15:37:44.861000,429.2425769539168,1005
2024-09-20 15:37:44.873000,429.24560820840566,7
2024-09-20 15:37:45.013000,429.2109173669541,997
2024-09-20 15:37:45.134000,429.2207803709206,95
2024-09-20 15:37:45.137000,429.216429514261,1000
2024-09-20 15:37:45.287000,429.1969971689462,15
2024-09-20 15:37:45.311000,429.22702475604734,5
2024-09-20 15:37:45.314000,429.22548794438586,101
2024-09-20 15:37:45.350000,429.2140324441712,100
2024-09-20 15:37:45.380000,429.2040989210383,13
2024-09-20 15:37:45.408000,429.23283823126326,12
2024-09-20 15:37:45.466000,429.1957726077632,98
2024-09-20 15:37:45.523000,429.2018890849993,12
2024-09-20 15:37:45.564000,422.2845222958655,15
2024-09-20 15:37:45.668000,429.20837035486,7
2024-09-20 15:37:45.671000,429.23156345244695,9
2024-09-20 15:37:45.703000,429.2324572142632,15
2024-09-20 15:37:45.790000,429.2177111238922,98
2024-09-20 15:37:45.831000,429.194710887901,1003
2024-09-20 15:37:45.839000,422.2430999543906,997
2024-09-20 15:37:45.881000,429.1898704452684,8
2024-09-20 15:37:45.900000,429.23084588982914,96
2024-09-20 15:37:45.933000,429.2200467250839,103
2024-09-20 15:37:45.957000,429.2240991456365,101
2024-09-20 15:37:45.995000,429.2127910877068,1004
2024-09-20 15:37:46.039000,429.2281698627945,997
2024-09-20 15:37:46.113000,429.2183066978691,105
2024-09-20 15:37:46.129000,429.20268324967066,98
2024-09-20 15:37:46.187000,429.2054619083336,95
2024-09-20 15:37:46.200000,429.2241724905889,5
2024-09-20 15:37:46.205000,429.21034607074535,1004
2024-09-20 15:37:46.299000,429.2044203580934,103
2024-09-20 15:37:46.446000,429.2148516482552,98
2024-09-20 15:37:46.626000,429.2103810062631,1003
2024-09-20 15:37:46.644000,429.214180455156,1000
2024-09-20 15:37:46.654000,429.2079073675519,996
2024-09-20 15:37:46.662000,429.2278366038436,10
2024-09-20 15:37:46.680000,429.2255061188152,102
2024-09-20 15:37:46.722000,429.2086235351615,7
2024-09-20 15:37:46.723000,429.2114241390861,7
2024-09-20 15:37:46.830000,429.2287990881795,105
2024-09-20 15:37:46.897000,429.2063897778567,6
2024-09-20 15:37:46.958000,429.22141847859086,105
2024-09-20 15:37:46.979000,429.2146273287523,1002
2024-09-20 15:37:47.021000,429.20141153581534,96
2024-09-20 15:37:47.162000,429.2170706251231,1000
2024-09-20 15:37:47.229000,429.2037312531912,996
2024-09-20 15:37:47.244000,422.34335744692095,995
2024-09-20 15:37:47.256000,429.27684638792687,10
2024-09-20 15:37:47.329000,429.2761603920121,13
2024-09-20 15:37:47.350000,429.1967028959567,11
2024-09-20 15:37:47.394000,429.21305679201606,9
2024-09-20 15:37:47.401000,429.25665384443977,5
2024-09-20 15:37:47.444000,429.2773400396009,104
2024-09-20 15:37:47.561000,429.20929430349065,998
2024-09-20 15:37:47.584000,429.2854008625772,8
2024-09-20 15:37:47.604000,429.2280868693024,998
2024-09-20 15:37:47.655000,429.2257625113692,11
2024-09-20 15:37:47.818000,429.2403688428773,15
2024-09-20 15:37:47.852000,429.2568271381446,1002
2024-09-20 15:37:47.880000,429.2321621832576,1004
2024-09-20 15:37:47.894000,429.258713156002,11
2024-09-20 15:37:47.902000,429.1939686280246,12
2024-09-20 15:37:47.957000,429.2551930872655,15
2024-09-20 15:37:48.236000,429.21831701975793,100
2024-09-20 15:37:48.290000,429.22449918876384,9
2024-09-20 15:37:48.298000,429.2418362728353,98
2024-09-20 15:37:48.487000,429.2132851714079,1003
2024-09-20 15:37:48.750000,422.2699624713379,1005
2024-09-20 15:37:48.782000,429.23099512753663,5
2024-09-20 15:37:48.982000,429.2173481971896,100
2024-09-20 15:37:49.037000,422.26857356485823,103
2024-09-20 15:37:49.050000,429.2213111481102,101
2024-09-20 15:37:49.140000,429.2609236325763,1005
2024-09-20 15:37:49.147000,429.2740802156194,101
2024-09-20 15:37:49.254000,429.28039490701934,104
2024-09-20 15:37:49.279000,429.2501655414919,105
2024-09-20 15:37:49.371000,429.2625763940276,7
2024-09-20 15:37:49.387000,429.2359648770821,97
2024-09-20 15:37:49.470000,429.2817258782509,11
2024-09-20 15:37:49.521000,429.2404165963192,999
2024-09-20 15:37:49.568000,429.25908863616,100
2024-09-20 15:37:49.592000,429.2810586255026,997
2024-09-20 15:37:49.697000,429.2447597423439,105
2024-09-20 15:37:49.805000,429.2371335012869,1003
2024-09-20 15:37:49.811000,429.26000991495454,1000
2024-09-20 15:37:49.850000,429.23042234213904,1003
2024-09-20 15:37:49.869000,429.2672256354372,96
2024-09-20 15:37:49.917000,429.2224383797212,11
2024-09-20 15:37:49.926000,429.2464028829773,98
2024-09-20 15:37:49.976000,429.2602502468339,12
2024-09-20 15:37:50.064000,429.2005714819889,7
2024-09-20 15:37:50.092000,429.20857003384185,12
2024-09-20 15:37:50.101000,429.2224533422087,995
2024-09-20 15:37:50.197000,429.19519545528135,101
2024-09-20 15:37:50.304000,429.21624383513984,98
2024-09-20 15:37:50.308000,429.1862621962664,14
2024-09-20 15:37:50.344000,429.2107513571803,14
2024-09-20 15:37:50.425000,429.1823209022304,103
2024-09-20 15:37:50.585000,429.18234753823145,998
2024-09-20 15:37:50.597000,429.225501967496,13
2024-09-20 15:37:50.624000,429.2216503932788,5
2024-09-20 15:37:50.630000,429.164538860797,103
2024-09-20 15:37:50.739000,429.2162076389436,1002
2024-09-20 15:37:50.784000,429.1623697996413,7
2024-09-20 15:37:50.869000,429.196752606745,9
2024-09-20 15:37:51.578000,429.1820696787543,101
2024-09-20 15:37:51.587000,422.3650792862664,14
2024-09-20 15:37:52.015000,429.20698922199,1001
2024-09-20 15:37:52.209000,429.200622772016,98
2024-09-20 15:37:52.246000,429.2303324888628,995
2024-09-20 15:37:52.799000,429.2662342733243,1004
2024-09-20 15:37:52.970000,429.2006829105893,7
2024-09-20 15:37:53.047000,429.30886616397873,99
2024-09-20 15:37:53.058000,429.2886282396021,15
2024-09-20 15:37:53.073000,429.31001332884085,102
2024-09-20 15:37:53.085000,429.2992515201007,98
2024-09-20 15:37:53.265000,429.2912226983528,100
2024-09-20 15:37:53.444000,429.2843540984322,13
2024-09-20 15:37:53.704000,429.3146293065542,105
2024-09-20 15:37:53.727000,429.2739646822532,997
2024-09-20 15:37:53.768000,429.2938031636006,12
2024-09-20 15:37:53.801000,429.2845126247039,101
2024-09-20 15:37:53.922000,429.30418007682295,995
2024-09-20 15:37:54.199000,429.3317427130584,1001
2024-09-20 15:37:54.239000,429.3545222983725,7
2024-09-20 15:37:54.617000,429.3403418469428,102
2024-09-20 15:37:54.699000,429.3023884224401,995
2024-09-20 15:37:54.762000,429.3220535893426,1004
2024-09-20 15:37:54.848000,429.3357472501781,100
2024-09-20 15:37:54.903000,429.31352858914175,997
2024-09-20 15:37:54.970000,429.3166832784081,103
2024-09-20 15:37:55.023000,429.3458478623284,7
2024-09-20 15:37:55.166000,429.3597463319685,997
2024-09-20 15:37:55.332000,429.33140245133137,8
2024-09-20 15:37:55.446000,429.3470802200811,98
2024-09-20 15:37:55.446000,429.333736305273,1005
2024-09-20 15:37:55.460000,429.35468125617945,1002
2024-09-20 15:37:55.788000,429.3563780025512,7
2024-09-20 15:37:55.832000,429.3269040917372,99
2024-09-20 15:37:56.014000,429.3632892367289,8
2024-09-20 15:37:56.289000,429.3980127197681,105
2024-09-20 15:37:56.344000,429.4359435519873,13
2024-09-20 15:37:56.351000,429.32744013317006,8
2024-09-20 15:37:56.362000,429.408164378646,10
2024-09-20 15:37:56.373000,429.3287779774018,1004
2024-09-20 15:37:56.400000,429.3277344529581,5
2024-09-20 15:37:56.414000,429.3647432969542,100
2024-09-20 15:37:56.488000,429.3601103523339,100
2024-09-20 15:37:56.494000,429.3405668830471,13
2024-09-20 15:37:56.529000,429.3711500594206,99
2024-09-20 15:37:56.613000,429.3529960491081,8
2024-09-20 15:37:56.619000,429.3529641385304,6
2024-09-20 15:37:56.641000,429.4000863465429,5
2024-09-20 15:37:56.708000,429.3656904157019,996
2024-09-20 15:37:56.783000,429.3848956780655,1004
2024-09-20 15:37:56.850000,429.3640674073185,104
2024-09-20 15:37:56.960000,429.377908740718,995
2024-09-20 15:37:56.974000,429.430862437328,15
2024-09-20 15:37:57.416000,429.44745860340606,102
2024-09-20 15:37:57.718000,429.4305940924726,1005
2024-09-20 15:37:57.754000,429.4397134832346,100
2024-09-20 15:37:57.869000,429.4384257098536,1004
2024-09-20 15:37:58.210000,429.4487925009955,96
2024-09-20 15:37:58.732000,429.4685107577559,95
2024-09-20 15:37:58.939000,429.44917305470807,104
2024-09-20 15:37:59.090000,429.39636687049847,12
2024-09-20 15:37:59.228000,429.44017319076926,996
2024-09-20 15:37:59.412000,429.4270656970623,103
2024-09-20 15:37:59.606000,429.4050521153677,98
2024-09-20 15:37:59.711000,429.40183959321945,997
2024-09-20 15:37:59.820000,429.4008364695188,8
2024-09-20 15:37:59.946000,429.39105557623935,1000
2024-09-20 15:37:59.950000,422.3533974943754,5
2024-09-20 15:37:59.958000,429.3997971285047,6
