Timestamp,Price,Size
2024-09-18 14:54:00.014000,413.98541553079184,997
2024-09-18 14:54:00.079000,414.0095337762057,1002
2024-09-18 14:54:00.122000,413.9810067024379,103
2024-09-18 14:54:00.135000,414.0241060198131,1002
2024-09-18 14:54:00.152000,413.99723086612926,101
2024-09-18 14:54:00.152000,414.00144069471287,102
2024-09-18 14:54:00.184000,413.9788555664381,103
2024-09-18 14:54:00.192000,413.9795230085712,1003
2024-09-18 14:54:00.234000,413.9842715097872,103
2024-09-18 14:54:00.235000,414.00301567434497,14
2024-09-18 14:54:00.241000,413.9791546770008,101
2024-09-18 14:54:00.286000,413.9875272534175,104
2024-09-18 14:54:00.289000,413.9847831415661,103
2024-09-18 14:54:00.305000,414.00993057410267,1003
2024-09-18 14:54:00.318000,413.9933923785936,9
2024-09-18 14:54:00.374000,414.0221145255951,97
2024-09-18 14:54:00.406000,413.9969341871881,97
2024-09-18 14:54:00.421000,414.0257197480408,1003
2024-09-18 14:54:00.477000,413.9766230383078,105
2024-09-18 14:54:00.513000,413.9712351668664,100
2024-09-18 14:54:00.519000,414.0162611454437,1005
2024-09-18 14:54:00.529000,413.96612766545314,100
2024-09-18 14:54:00.535000,413.9779112275426,1001
2024-09-18 14:54:00.535000,413.9920113151652,99
2024-09-18 14:54:00.770000,414.0322570211847,997
2024-09-18 14:54:00.823000,414.00122971017737,104
2024-09-18 14:54:00.909000,414.0117420470827,1004
2024-09-18 14:54:00.959000,413.96305625833696,99
2024-09-18 14:54:01.019000,414.03817052020406,101
2024-09-18 14:54:01.020000,414.00284055357054,95
2024-09-18 14:54:01.136000,414.0333649775764,1003
2024-09-18 14:54:01.183000,414.0314996056746,6
2024-09-18 14:54:01.203000,414.0399211660415,99
2024-09-18 14:54:01.224000,414.0411322873427,999
2024-09-18 14:54:01.330000,414.0474327977125,1002
2024-09-18 14:54:01.797000,414.0011819911385,997
2024-09-18 14:54:01.802000,414.0238042936786,11
2024-09-18 14:54:01.826000,414.0352816971501,103
2024-09-18 14:54:01.847000,414.02195767257786,101
2024-09-18 14:54:01.954000,414.0440542253705,98
2024-09-18 14:54:02.019000,414.0567111708668,12
2024-09-18 14:54:02.036000,414.0223868251817,11
2024-09-18 14:54:02.044000,414.0646116643542,995
2024-09-18 14:54:02.102000,414.0596024111655,995
2024-09-18 14:54:02.114000,414.0376025290796,9
2024-09-18 14:54:02.123000,414.0596510178736,15
2024-09-18 14:54:02.339000,414.07123312449096,97
2024-09-18 14:54:02.415000,414.07191272110487,1001
2024-09-18 14:54:02.490000,414.041552229146,995
2024-09-18 14:54:02.559000,414.06928820081606,7
2024-09-18 14:54:02.723000,414.0430051982897,7
2024-09-18 14:54:02.774000,414.0480787204545,6
2024-09-18 14:54:02.826000,414.0620613640377,998
2024-09-18 14:54:02.838000,414.0420866024891,999
2024-09-18 14:54:02.925000,414.0386411227866,100
2024-09-18 14:54:02.961000,414.0625517538369,1002
2024-09-18 14:54:03.251000,414.1393397414975,99
2024-09-18 14:54:03.811000,414.0944679106331,5
2024-09-18 14:54:03.842000,414.11225052342434,1003
2024-09-18 14:54:03.964000,414.13531018329786,995
2024-09-18 14:54:03.967000,414.0972758031768,5
2024-09-18 14:54:04.067000,414.21180177379983,99
2024-09-18 14:54:04.633000,414.1613593111862,97
2024-09-18 14:54:04.656000,414.20252421341945,1005
2024-09-18 14:54:04.778000,414.173312645194,95
2024-09-18 14:54:05.149000,414.18139993963024,14
2024-09-18 14:54:05.180000,414.1863399035468,998
2024-09-18 14:54:05.238000,414.1807854611382,5
2024-09-18 14:54:05.508000,414.1938519439264,7
2024-09-18 14:54:05.549000,414.1753813327248,98
2024-09-18 14:54:05.565000,414.1873499732341,1004
2024-09-18 14:54:05.738000,414.2009147969871,999
2024-09-18 14:54:05.800000,414.1928654737577,7
2024-09-18 14:54:05.831000,414.2047985595568,9
2024-09-18 14:54:06.032000,414.23307614218953,1001
2024-09-18 14:54:06.069000,414.19213170755023,997
2024-09-18 14:54:06.101000,414.2352839713163,101
2024-09-18 14:54:06.158000,414.2269077828858,95
2024-09-18 14:54:06.301000,414.166851690544,15
2024-09-18 14:54:06.325000,414.1611246721357,11
2024-09-18 14:54:06.348000,414.1713077260771,1000
2024-09-18 14:54:06.465000,414.2333450380447,13
2024-09-18 14:54:06.601000,414.1427619717859,101
2024-09-18 14:54:06.662000,414.1779223499969,103
2024-09-18 14:54:06.669000,414.1736726353674,10
2024-09-18 14:54:06.697000,414.21003167936345,100
2024-09-18 14:54:06.765000,414.13624430839445,1002
2024-09-18 14:54:06.829000,414.1750551821489,101
2024-09-18 14:54:06.905000,414.14648506624246,100
2024-09-18 14:54:06.933000,414.2112476691356,1005
2024-09-18 14:54:06.941000,414.19557405904806,995
2024-09-18 14:54:06.962000,414.1969575953839,5
2024-09-18 14:54:07.088000,414.251960140794,15
2024-09-18 14:54:07.152000,414.2354074381727,15
2024-09-18 14:54:07.168000,414.2430587704032,101
2024-09-18 14:54:07.184000,414.238021807832,1000
2024-09-18 14:54:07.360000,414.259136095766,6
2024-09-18 14:54:07.570000,414.2208503336308,1002
2024-09-18 14:54:07.689000,414.2442046396174,96
2024-09-18 14:54:07.775000,414.2370078247027,98
2024-09-18 14:54:07.825000,414.24022255475904,6
2024-09-18 14:54:08.041000,414.2661680417848,1004
2024-09-18 14:54:08.096000,414.3559647344397,6
2024-09-18 14:54:08.126000,414.342129152036,11
2024-09-18 14:54:08.129000,414.31249415590565,9
2024-09-18 14:54:08.182000,414.28173070061297,6
2024-09-18 14:54:08.211000,414.3079449565856,102
2024-09-18 14:54:08.240000,414.27335081025024,99
2024-09-18 14:54:08.277000,414.2914694400449,1001
2024-09-18 14:54:08.290000,414.2714601817872,995
2024-09-18 14:54:08.410000,414.279623039468,9
2024-09-18 14:54:08.438000,414.31283951613295,100
2024-09-18 14:54:08.451000,414.3501162272966,999
2024-09-18 14:54:08.454000,414.3264028401954,1000
2024-09-18 14:54:08.467000,414.3080235335869,995
2024-09-18 14:54:08.485000,414.26229055714526,8
2024-09-18 14:54:08.572000,414.2731752959523,9
2024-09-18 14:54:08.606000,414.30525754395467,1003
2024-09-18 14:54:08.721000,414.3042754356192,11
2024-09-18 14:54:08.767000,414.2690307135191,1000
2024-09-18 14:54:08.768000,414.32994722940856,10
2024-09-18 14:54:08.849000,414.3230043154978,8
2024-09-18 14:54:08.880000,414.3291149818477,1005
2024-09-18 14:54:08.886000,414.3092914287662,98
2024-09-18 14:54:08.902000,414.2963687366217,999
2024-09-18 14:54:09.053000,414.3971300188874,99
2024-09-18 14:54:09.092000,414.3896296282304,100
2024-09-18 14:54:09.145000,414.2966666359317,99
2024-09-18 14:54:09.178000,414.4132968294231,1000
2024-09-18 14:54:09.216000,414.3875885360469,14
2024-09-18 14:54:09.231000,414.4398501474057,1000
2024-09-18 14:54:09.233000,414.2903243776842,7
2024-09-18 14:54:09.287000,414.4249097853501,999
2024-09-18 14:54:09.329000,414.3225229007557,999
2024-09-18 14:54:09.355000,414.33339276551607,1001
2024-09-18 14:54:09.361000,414.3277079231474,12
2024-09-18 14:54:09.491000,414.3387881081407,13
2024-09-18 14:54:09.545000,414.40129275649065,104
2024-09-18 14:54:09.619000,414.40080303649154,14
2024-09-18 14:54:09.637000,414.4222958603575,995
2024-09-18 14:54:09.660000,414.3309792051343,9
2024-09-18 14:54:09.669000,414.3872780496068,9
2024-09-18 14:54:09.758000,414.3882801293158,996
2024-09-18 14:54:09.771000,414.35806691509936,1000
2024-09-18 14:54:09.850000,414.3835121430624,8
2024-09-18 14:54:09.871000,414.3528021439283,99
2024-09-18 14:54:09.879000,414.3718068985041,997
2024-09-18 14:54:09.885000,414.3710898600989,104
2024-09-18 14:54:09.912000,414.3886361207282,99
2024-09-18 14:54:09.919000,414.3690332292182,12
2024-09-18 14:54:09.952000,414.3653447592899,100
2024-09-18 14:54:09.957000,414.3396951399272,12
2024-09-18 14:54:09.966000,414.367384043352,13
2024-09-18 14:54:09.979000,414.357092414692,1005
2024-09-18 14:54:10.016000,414.5156791493006,7
2024-09-18 14:54:10.043000,414.4649608014793,1001
2024-09-18 14:54:10.131000,414.5346279563971,99
2024-09-18 14:54:10.170000,414.5116135542794,1004
2024-09-18 14:54:10.201000,414.4953116593048,102
2024-09-18 14:54:10.305000,414.51890050251416,97
2024-09-18 14:54:10.351000,414.5421012440917,996
2024-09-18 14:54:10.358000,414.5225260132793,11
2024-09-18 14:54:10.453000,414.51235127720406,1001
2024-09-18 14:54:10.459000,414.531447351628,13
2024-09-18 14:54:10.464000,414.5531302625959,11
2024-09-18 14:54:10.507000,414.5223890282849,14
2024-09-18 14:54:10.568000,414.5482857661701,1001
2024-09-18 14:54:10.587000,414.5287842818801,100
2024-09-18 14:54:10.646000,414.5471115328848,105
2024-09-18 14:54:10.682000,414.52039557456766,7
2024-09-18 14:54:10.717000,414.4903531234988,7
2024-09-18 14:54:10.757000,414.5045069811792,1002
2024-09-18 14:54:10.777000,414.4609511127466,95
2024-09-18 14:54:10.784000,414.5060058617452,11
2024-09-18 14:54:10.787000,414.5500603830428,1004
2024-09-18 14:54:10.844000,414.51876224664335,1005
2024-09-18 14:54:10.962000,414.5088452001866,9
2024-09-18 14:54:10.965000,414.5413394559485,1005
2024-09-18 14:54:10.998000,414.5221211259429,12
2024-09-18 14:54:11.499000,414.5451921718933,999
2024-09-18 14:54:11.856000,414.5538737914256,15
2024-09-18 14:54:13.038000,414.5744109414807,1002
2024-09-18 14:54:13.075000,414.55822843577175,6
2024-09-18 14:54:13.187000,414.55394847592817,1000
2024-09-18 14:54:13.233000,414.5882886765841,99
2024-09-18 14:54:13.268000,414.5709877647274,101
2024-09-18 14:54:13.449000,414.5609945476992,11
2024-09-18 14:54:13.597000,414.55333013082407,8
2024-09-18 14:54:13.609000,414.5427122049813,9
2024-09-18 14:54:13.652000,414.5604925183437,1000
2024-09-18 14:54:13.750000,414.5377620537414,97
2024-09-18 14:54:13.772000,414.5525313869255,8
2024-09-18 14:54:13.837000,414.55029324917183,1004
2024-09-18 14:54:13.869000,414.5559060607313,105
2024-09-18 14:54:13.957000,414.566709009577,96
2024-09-18 14:54:13.985000,414.54985370506034,1001
2024-09-18 14:54:13.986000,414.5680243086049,100
2024-09-18 14:54:13.997000,414.549202118938,8
2024-09-18 14:54:14.001000,414.53439803325193,10
2024-09-18 14:54:14.016000,414.5176210903441,11
2024-09-18 14:54:14.018000,414.5331350409959,996
2024-09-18 14:54:14.052000,414.53042023887735,101
2024-09-18 14:54:14.072000,414.571364642125,15
2024-09-18 14:54:14.080000,414.518094106412,100
2024-09-18 14:54:14.216000,414.529925080466,997
2024-09-18 14:54:14.243000,414.5716569777122,15
2024-09-18 14:54:14.271000,414.517296522148,1000
2024-09-18 14:54:14.278000,414.5467303090746,8
2024-09-18 14:54:14.283000,414.5094346877399,103
2024-09-18 14:54:14.332000,414.56202823413616,102
2024-09-18 14:54:14.482000,414.5910874044048,995
2024-09-18 14:54:14.532000,414.5592581637089,15
2024-09-18 14:54:14.546000,414.5836435896216,104
2024-09-18 14:54:14.589000,414.58436954025655,102
2024-09-18 14:54:14.644000,414.51447838046914,12
2024-09-18 14:54:14.681000,414.5034335004615,11
2024-09-18 14:54:14.729000,414.524231433396,13
2024-09-18 14:54:14.759000,414.5557247574518,1005
2024-09-18 14:54:14.783000,414.5218190240411,96
2024-09-18 14:54:14.799000,414.5488651090529,1005
2024-09-18 14:54:14.824000,414.5424273580255,6
2024-09-18 14:54:14.877000,414.5279763467464,105
2024-09-18 14:54:14.880000,414.5343234822861,95
2024-09-18 14:54:14.926000,414.5417125304149,104
2024-09-18 14:54:14.939000,414.5259913803606,10
2024-09-18 14:54:14.999000,414.56498223118666,997
2024-09-18 14:54:15.068000,414.5935596608685,12
2024-09-18 14:54:15.121000,414.5610510547402,6
2024-09-18 14:54:15.133000,414.602595878841,995
2024-09-18 14:54:15.143000,414.56394693141465,15
2024-09-18 14:54:15.201000,414.55581555172,11
2024-09-18 14:54:15.326000,414.5740496432645,11
2024-09-18 14:54:15.422000,414.576044877388,104
2024-09-18 14:54:15.470000,414.5803568464948,10
2024-09-18 14:54:15.521000,414.57126224747066,95
2024-09-18 14:54:15.546000,414.6028690540473,996
2024-09-18 14:54:15.551000,414.5831247400563,6
2024-09-18 14:54:15.671000,414.5835894660253,99
2024-09-18 14:54:15.790000,414.5702377339896,13
2024-09-18 14:54:16.007000,414.5964060689649,101
2024-09-18 14:54:16.041000,414.5719249862237,13
2024-09-18 14:54:16.043000,414.5950833991697,5
2024-09-18 14:54:16.068000,414.6352103670003,99
2024-09-18 14:54:16.219000,414.6414078134917,98
2024-09-18 14:54:16.404000,414.6138594696912,95
2024-09-18 14:54:16.490000,414.5868536957552,103
2024-09-18 14:54:16.545000,414.59667844926366,11
2024-09-18 14:54:16.576000,414.6325602869151,998
2024-09-18 14:54:16.687000,414.6082199579956,996
2024-09-18 14:54:16.712000,414.6102777265562,1000
2024-09-18 14:54:16.717000,414.6083908446121,99
2024-09-18 14:54:16.720000,414.6390987101302,97
2024-09-18 14:54:16.753000,414.5740076578669,999
2024-09-18 14:54:16.845000,414.5887893076982,6
2024-09-18 14:54:16.851000,414.6033202317101,9
2024-09-18 14:54:16.887000,414.56727955684,995
2024-09-18 14:54:16.968000,414.6316791374686,98
2024-09-18 14:54:16.984000,414.5915237724906,13
2024-09-18 14:54:17.298000,414.67015426248815,1002
2024-09-18 14:54:17.509000,414.6659642513846,995
2024-09-18 14:54:17.705000,414.6636320533527,14
2024-09-18 14:54:18.059000,414.6181295182387,9
2024-09-18 14:54:18.073000,414.6010074575336,6
2024-09-18 14:54:18.087000,414.659732293343,104
2024-09-18 14:54:18.145000,414.6520999398113,105
2024-09-18 14:54:18.148000,414.6021143477012,6
2024-09-18 14:54:18.353000,414.6748843171222,99
2024-09-18 14:54:18.372000,414.60970752902847,101
2024-09-18 14:54:18.385000,414.6140402959766,5
2024-09-18 14:54:18.430000,414.61472503826633,12
2024-09-18 14:54:18.591000,414.6391350500551,996
2024-09-18 14:54:18.768000,414.61736258367085,98
2024-09-18 14:54:18.801000,414.6123380156975,96
2024-09-18 14:54:18.826000,414.5989665032317,14
2024-09-18 14:54:18.857000,414.6234021020279,1004
2024-09-18 14:54:18.919000,414.6135189362252,14
2024-09-18 14:54:18.930000,414.6355815382688,104
2024-09-18 14:54:19.029000,414.5844838925482,999
2024-09-18 14:54:19.063000,414.5822319734815,104
2024-09-18 14:54:19.216000,414.5884352535725,1003
2024-09-18 14:54:19.399000,414.5943529333555,99
2024-09-18 14:54:19.424000,414.6058093604025,12
2024-09-18 14:54:19.522000,414.59341808825246,6
2024-09-18 14:54:19.538000,414.5932060164041,102
2024-09-18 14:54:19.588000,414.5844152133468,14
2024-09-18 14:54:19.856000,414.58047509228624,97
2024-09-18 14:54:20.098000,414.6078107906441,100
2024-09-18 14:54:20.184000,414.6012385551633,995
2024-09-18 14:54:20.227000,414.6170008753468,105
2024-09-18 14:54:20.236000,414.5960197766578,997
2024-09-18 14:54:20.330000,414.61183191678936,104
2024-09-18 14:54:20.330000,414.59656569457366,995
2024-09-18 14:54:20.338000,414.60376031917264,998
2024-09-18 14:54:20.493000,414.61867777397305,1005
2024-09-18 14:54:20.533000,414.5738091157249,102
2024-09-18 14:54:20.550000,414.56978350783606,103
2024-09-18 14:54:20.625000,414.5966930421716,102
2024-09-18 14:54:20.640000,414.6228636380965,99
2024-09-18 14:54:20.710000,414.5872556825509,7
2024-09-18 14:54:20.718000,414.6450393649969,10
2024-09-18 14:54:20.760000,414.6229819281138,998
2024-09-18 14:54:20.778000,414.65148950628543,96
2024-09-18 14:54:20.784000,414.5868352088328,102
2024-09-18 14:54:20.883000,414.6223367587469,10
2024-09-18 14:54:20.936000,414.5968331567655,999
2024-09-18 14:54:20.997000,414.6344816333526,5
2024-09-18 14:54:21.029000,414.51117182280666,13
2024-09-18 14:54:21.047000,414.5609756942793,102
2024-09-18 14:54:21.069000,414.585341190696,12
2024-09-18 14:54:21.148000,414.5344306615046,7
2024-09-18 14:54:21.149000,414.5768922513108,103
2024-09-18 14:54:21.167000,414.5550295878133,999
2024-09-18 14:54:21.194000,414.4996350543384,8
2024-09-18 14:54:21.198000,414.5652110545762,96
2024-09-18 14:54:21.282000,414.5507947870302,100
2024-09-18 14:54:21.291000,414.5424744794927,97
2024-09-18 14:54:21.323000,414.5490439263569,1003
2024-09-18 14:54:21.330000,414.52268190706286,7
2024-09-18 14:54:21.332000,414.5593797826856,96
2024-09-18 14:54:21.424000,414.5291373633922,6
2024-09-18 14:54:21.441000,414.5072950835,10
2024-09-18 14:54:21.518000,414.54920677468607,15
2024-09-18 14:54:21.518000,414.5724923143579,105
2024-09-18 14:54:21.528000,414.5539488681525,99
2024-09-18 14:54:21.565000,414.54128454271296,1004
2024-09-18 14:54:21.616000,414.5734497618949,1001
2024-09-18 14:54:21.636000,414.5321219984435,7
2024-09-18 14:54:21.689000,414.539981389552,13
2024-09-18 14:54:21.711000,414.5639202322832,100
2024-09-18 14:54:21.756000,414.55956176748464,5
2024-09-18 14:54:21.760000,414.52079967075895,95
2024-09-18 14:54:21.784000,414.55417500090704,1005
2024-09-18 14:54:21.798000,414.4940994243522,998
2024-09-18 14:54:21.818000,414.581651338888,14
2024-09-18 14:54:21.863000,414.50498252335456,101
2024-09-18 14:54:21.974000,414.5561924628489,1000
2024-09-18 14:54:22.002000,414.5149380201419,996
2024-09-18 14:54:22.017000,414.5436090685678,998
2024-09-18 14:54:22.150000,414.54300471136287,1005
2024-09-18 14:54:22.196000,414.5196333311093,5
2024-09-18 14:54:22.204000,414.549148790776,7
2024-09-18 14:54:22.334000,414.53841795504337,103
2024-09-18 14:54:22.398000,414.5533984127261,1005
2024-09-18 14:54:22.407000,414.5373130753517,102
2024-09-18 14:54:22.423000,414.53880535751534,13
2024-09-18 14:54:22.526000,414.5298038571482,1002
2024-09-18 14:54:22.636000,414.5226148441909,102
2024-09-18 14:54:22.703000,414.5114422317379,102
2024-09-18 14:54:22.708000,414.5351298541204,103
2024-09-18 14:54:22.712000,414.5153188255524,104
2024-09-18 14:54:22.752000,414.51278062137663,11
2024-09-18 14:54:22.782000,414.5564691752172,5
2024-09-18 14:54:22.828000,414.5203780948417,8
2024-09-18 14:54:22.832000,414.521714612144,6
2024-09-18 14:54:22.839000,414.5285573761407,6
2024-09-18 14:54:22.845000,414.5357950951917,1003
2024-09-18 14:54:22.972000,414.5499422240596,13
2024-09-18 14:54:23.026000,414.5103290944103,103
2024-09-18 14:54:23.100000,414.500990015227,96
2024-09-18 14:54:23.101000,414.511045699846,98
2024-09-18 14:54:23.124000,414.4501999859296,1001
2024-09-18 14:54:23.266000,414.4911645598877,10
2024-09-18 14:54:23.284000,414.5039248352415,8
2024-09-18 14:54:23.380000,414.4433259444878,97
2024-09-18 14:54:23.438000,414.4648614065132,101
2024-09-18 14:54:23.472000,414.4616814876295,995
2024-09-18 14:54:23.582000,414.43360453924817,103
2024-09-18 14:54:23.583000,414.43483307732185,104
2024-09-18 14:54:23.620000,414.45303884969536,999
2024-09-18 14:54:23.704000,414.4947952159157,13
2024-09-18 14:54:23.864000,414.4938336759392,103
2024-09-18 14:54:23.871000,414.5008018335031,10
2024-09-18 14:54:23.874000,414.43345671152616,102
2024-09-18 14:54:23.896000,414.44743118720254,5
2024-09-18 14:54:23.939000,414.4472901937514,6
2024-09-18 14:54:24.049000,414.4357511172825,98
2024-09-18 14:54:24.108000,414.4214880094315,12
2024-09-18 14:54:24.116000,414.4338796854884,12
2024-09-18 14:54:24.141000,414.41570396641146,100
2024-09-18 14:54:24.198000,414.4293958521688,104
2024-09-18 14:54:24.271000,414.4275668077248,11
2024-09-18 14:54:24.479000,414.42501468020697,1002
2024-09-18 14:54:24.564000,414.40580640843154,998
2024-09-18 14:54:24.619000,414.4374926878484,95
2024-09-18 14:54:24.692000,414.43975103208896,9
2024-09-18 14:54:24.714000,414.4106384530106,11
2024-09-18 14:54:24.813000,414.4352973264808,103
2024-09-18 14:54:24.885000,414.4303731951186,6
2024-09-18 14:54:24.995000,414.4086940194277,14
2024-09-18 14:54:25.121000,414.4077872806535,13
2024-09-18 14:54:25.188000,414.3974041465007,998
2024-09-18 14:54:25.247000,414.41286581850784,96
2024-09-18 14:54:25.337000,414.43677881844417,104
2024-09-18 14:54:25.357000,414.4002626586509,96
2024-09-18 14:54:25.381000,414.3990329766971,96
2024-09-18 14:54:25.509000,414.4109165718676,1004
2024-09-18 14:54:25.687000,407.4520128502758,99
2024-09-18 14:54:25.727000,414.4247960673956,12
2024-09-18 14:54:25.782000,414.39667204046526,10
2024-09-18 14:54:26.028000,414.4186186365223,99
2024-09-18 14:54:26.061000,414.4748057405893,102
2024-09-18 14:54:26.077000,414.3886492850911,6
2024-09-18 14:54:26.083000,414.4394210260984,95
2024-09-18 14:54:26.107000,414.4712503502257,95
2024-09-18 14:54:26.174000,414.45793421085295,101
2024-09-18 14:54:26.205000,414.3851760700562,1003
2024-09-18 14:54:26.215000,414.3764783121305,95
2024-09-18 14:54:26.261000,414.4288870367788,98
2024-09-18 14:54:26.291000,414.3738538260135,1002
2024-09-18 14:54:26.331000,414.4244324409872,103
2024-09-18 14:54:26.374000,414.4023386999671,9
2024-09-18 14:54:26.378000,414.4654331988862,15
2024-09-18 14:54:26.433000,414.42188754921153,1002
2024-09-18 14:54:26.509000,414.3955105711706,5
2024-09-18 14:54:26.717000,414.4508666267356,997
2024-09-18 14:54:26.780000,414.4683842233141,1002
2024-09-18 14:54:26.784000,414.4689380411427,15
2024-09-18 14:54:26.793000,414.46720410456686,15
2024-09-18 14:54:26.805000,414.4524088184844,98
2024-09-18 14:54:26.807000,414.387158356676,1005
2024-09-18 14:54:26.866000,414.4423219501151,99
2024-09-18 14:54:26.962000,414.42367515541366,1001
2024-09-18 14:54:27.098000,414.4143524304248,997
2024-09-18 14:54:27.460000,414.3811547015529,101
2024-09-18 14:54:27.790000,414.4155006492955,5
2024-09-18 14:54:28.071000,414.3280238013066,999
2024-09-18 14:54:28.082000,414.3556456806219,995
2024-09-18 14:54:28.137000,414.3572428337327,10
2024-09-18 14:54:28.175000,414.2919113944323,996
2024-09-18 14:54:28.192000,414.3370998713127,1001
2024-09-18 14:54:28.217000,414.3563727027516,105
2024-09-18 14:54:28.226000,414.337129186064,95
2024-09-18 14:54:28.230000,414.3425569628862,10
2024-09-18 14:54:28.255000,414.3385693642622,104
2024-09-18 14:54:28.298000,414.32253600693576,1000
2024-09-18 14:54:28.331000,414.3432134110202,8
2024-09-18 14:54:28.341000,414.3426256488482,97
2024-09-18 14:54:28.363000,414.338517897583,101
2024-09-18 14:54:28.462000,414.3425188375229,6
2024-09-18 14:54:28.493000,414.3538537414615,7
2024-09-18 14:54:28.569000,414.3372000351847,998
2024-09-18 14:54:28.598000,414.3143310926303,101
2024-09-18 14:54:28.627000,414.3759094874376,102
2024-09-18 14:54:28.644000,414.3044180727095,101
2024-09-18 14:54:28.653000,414.3681206595192,1003
2024-09-18 14:54:28.796000,414.3583649750266,1005
2024-09-18 14:54:28.799000,414.3513029251096,995
2024-09-18 14:54:28.906000,414.3673962055043,104
2024-09-18 14:54:29.060000,414.2944833206371,95
2024-09-18 14:54:29.363000,414.2962397681882,100
2024-09-18 14:54:29.436000,414.30558619524766,1005
2024-09-18 14:54:29.798000,414.2873806981864,104
2024-09-18 14:54:30.003000,414.30856581938014,8
2024-09-18 14:54:30.086000,414.3021495467182,995
2024-09-18 14:54:30.421000,414.3114521237042,1003
2024-09-18 14:54:30.527000,414.3281762014937,998
2024-09-18 14:54:30.692000,414.3204437678448,11
2024-09-18 14:54:30.860000,414.33054508460594,6
2024-09-18 14:54:31.003000,414.2918014943422,101
2024-09-18 14:54:31.027000,414.2689753507424,1004
2024-09-18 14:54:31.027000,414.28105797032407,102
2024-09-18 14:54:31.043000,414.29842321251255,998
2024-09-18 14:54:31.046000,414.3146965555096,13
2024-09-18 14:54:31.302000,414.2895077626019,14
2024-09-18 14:54:31.407000,414.3166640254471,11
2024-09-18 14:54:31.474000,414.3475320381032,98
2024-09-18 14:54:31.493000,414.2843751701852,96
2024-09-18 14:54:31.511000,414.2901524571528,14
2024-09-18 14:54:31.516000,414.307953916706,95
2024-09-18 14:54:31.780000,414.32085792657927,97
2024-09-18 14:54:31.817000,414.3030864630528,1000
2024-09-18 14:54:31.839000,414.32457141303377,9
2024-09-18 14:54:31.862000,414.3048636488174,8
2024-09-18 14:54:31.862000,414.31721425322223,96
2024-09-18 14:54:31.956000,414.2992122076237,996
2024-09-18 14:54:31.971000,414.3190872566173,104
2024-09-18 14:54:32.058000,414.3062950546165,97
2024-09-18 14:54:32.096000,414.3431492858858,997
2024-09-18 14:54:32.101000,414.3156126621546,100
2024-09-18 14:54:32.103000,414.32044526472487,996
2024-09-18 14:54:32.123000,414.32443123910673,103
2024-09-18 14:54:32.182000,414.3415157173712,997
2024-09-18 14:54:32.183000,414.3375123178137,5
2024-09-18 14:54:32.263000,414.3174650693112,1001
2024-09-18 14:54:32.266000,414.33534504684746,10
2024-09-18 14:54:32.305000,414.3223579877757,1004
2024-09-18 14:54:32.317000,414.3301438020002,7
2024-09-18 14:54:32.325000,414.3093955210698,15
2024-09-18 14:54:32.385000,414.36605277998143,99
2024-09-18 14:54:32.399000,414.32899240814,997
2024-09-18 14:54:32.449000,414.2884351085594,98
2024-09-18 14:54:32.527000,414.358087700765,13
2024-09-18 14:54:32.552000,414.305031057741,12
2024-09-18 14:54:32.559000,414.3417925806108,1000
2024-09-18 14:54:32.592000,414.34252593650496,11
2024-09-18 14:54:32.628000,414.3266914516559,996
2024-09-18 14:54:32.643000,414.3451795304396,95
2024-09-18 14:54:32.656000,414.3369807902574,96
2024-09-18 14:54:32.670000,414.2883025151143,15
2024-09-18 14:54:32.721000,414.3496551131887,9
2024-09-18 14:54:32.740000,414.2973814058731,995
2024-09-18 14:54:32.830000,414.3170734065874,7
2024-09-18 14:54:32.845000,414.35653484289344,7
2024-09-18 14:54:32.873000,414.3638760017549,100
2024-09-18 14:54:32.972000,414.3418315714727,13
2024-09-18 14:54:32.981000,414.33534083269046,10
2024-09-18 14:54:33.060000,414.29781800476206,1002
2024-09-18 14:54:33.113000,414.2609998561468,14
2024-09-18 14:54:33.139000,414.2949540547897,12
2024-09-18 14:54:33.210000,414.296559262262,995
2024-09-18 14:54:33.213000,414.2656634318623,12
2024-09-18 14:54:33.214000,414.2777973922412,12
2024-09-18 14:54:33.218000,414.27011080461136,997
2024-09-18 14:54:33.331000,414.25137911478,996
2024-09-18 14:54:33.439000,414.270199848544,5
2024-09-18 14:54:33.558000,414.255446624325,1003
2024-09-18 14:54:33.630000,414.2454828592912,10
2024-09-18 14:54:33.784000,414.2441336087063,100
2024-09-18 14:54:33.898000,414.2956961304168,100
2024-09-18 14:54:33.915000,414.2878898020557,999
2024-09-18 14:54:33.972000,414.2653409045477,995
2024-09-18 14:54:33.977000,414.2789252783792,999
2024-09-18 14:54:33.981000,414.2503501140047,13
2024-09-18 14:54:33.986000,414.273717718258,100
2024-09-18 14:54:34.062000,414.3399033865701,9
2024-09-18 14:54:34.078000,414.33217798647024,1002
2024-09-18 14:54:34.215000,414.29784052535297,105
2024-09-18 14:54:34.360000,414.31153621570775,1005
2024-09-18 14:54:34.617000,414.3251650135857,995
2024-09-18 14:54:34.761000,414.3132323316375,10
2024-09-18 14:54:34.954000,414.3001287016969,995
2024-09-18 14:54:35.032000,407.4263478999201,98
2024-09-18 14:54:36,414.304011137244,6
2024-09-18 14:54:36.045000,414.3123960480335,1002
2024-09-18 14:54:36.082000,414.2681824642426,6
2024-09-18 14:54:36.131000,414.3260662227677,1002
2024-09-18 14:54:36.197000,414.3078517593323,995
2024-09-18 14:54:36.216000,414.3247759450072,104
2024-09-18 14:54:36.288000,414.3341528551316,995
2024-09-18 14:54:36.339000,414.256532916913,97
2024-09-18 14:54:36.367000,414.3178460532348,996
2024-09-18 14:54:36.370000,414.2720985000214,995
2024-09-18 14:54:36.388000,414.3306018364141,1003
2024-09-18 14:54:36.393000,414.3303566010344,96
2024-09-18 14:54:36.436000,414.2758942776722,98
2024-09-18 14:54:36.443000,414.3147017921566,1004
2024-09-18 14:54:36.460000,414.2975221435759,997
2024-09-18 14:54:36.511000,414.3209168574697,1003
2024-09-18 14:54:36.541000,414.3237789544289,14
2024-09-18 14:54:36.543000,414.2857062765364,11
2024-09-18 14:54:36.673000,414.2810882465439,5
2024-09-18 14:54:36.723000,414.2690686157365,997
2024-09-18 14:54:36.773000,414.3164463486441,97
2024-09-18 14:54:36.902000,414.3192381782018,11
2024-09-18 14:54:37.141000,414.25735690161,1002
2024-09-18 14:54:37.570000,414.2381823417856,10
2024-09-18 14:54:37.735000,414.262572303264,105
2024-09-18 14:54:37.786000,414.2243469662397,14
2024-09-18 14:54:37.850000,414.2651495555217,13
2024-09-18 14:54:37.955000,407.4031766070949,14
2024-09-18 14:54:37.965000,414.2405350127948,99
2024-09-18 14:54:38.048000,414.2120801759833,6
2024-09-18 14:54:38.135000,414.199855641299,95
2024-09-18 14:54:38.160000,414.1949135558476,14
2024-09-18 14:54:38.203000,414.2026846212216,102
2024-09-18 14:54:38.221000,414.2018732017857,995
2024-09-18 14:54:38.249000,414.19097451492905,6
2024-09-18 14:54:38.280000,414.2133256105619,13
2024-09-18 14:54:38.366000,414.2259439533773,1001
2024-09-18 14:54:38.379000,414.18920288155897,15
2024-09-18 14:54:38.424000,414.21345924870855,999
2024-09-18 14:54:38.464000,414.2043463120652,96
2024-09-18 14:54:38.465000,414.1699423781516,103
2024-09-18 14:54:38.500000,414.22266690419775,102
2024-09-18 14:54:38.584000,414.19626943502783,103
2024-09-18 14:54:38.635000,414.1930711052909,5
2024-09-18 14:54:38.704000,414.20291680671687,15
2024-09-18 14:54:38.848000,414.1992086015126,101
2024-09-18 14:54:38.940000,414.1893390529548,103
2024-09-18 14:54:39.137000,414.17668570061466,97
2024-09-18 14:54:39.349000,414.1890087776716,12
2024-09-18 14:54:39.422000,414.2178307444672,5
2024-09-18 14:54:39.553000,414.1996687251278,995
2024-09-18 14:54:39.714000,414.1817283422079,8
2024-09-18 14:54:39.715000,414.1572494820524,104
2024-09-18 14:54:39.717000,414.194743359257,11
2024-09-18 14:54:39.720000,414.15517977173226,1002
2024-09-18 14:54:39.793000,414.16641145517,13
2024-09-18 14:54:39.838000,414.20879649891936,8
2024-09-18 14:54:39.860000,414.1782963398354,6
2024-09-18 14:54:39.915000,414.22453091045145,998
2024-09-18 14:54:39.935000,414.21278546559057,7
2024-09-18 14:54:39.986000,414.1789498003668,998
2024-09-18 14:54:40.626000,414.167892321292,96
2024-09-18 14:54:40.651000,414.1937250665273,12
2024-09-18 14:54:40.675000,414.1416079401198,8
2024-09-18 14:54:40.705000,414.2235843259817,1003
2024-09-18 14:54:40.750000,414.2161368460457,103
2024-09-18 14:54:40.805000,414.182860027445,97
2024-09-18 14:54:40.818000,414.2181883600341,10
2024-09-18 14:54:40.966000,414.2104273537103,12
2024-09-18 14:54:41.145000,414.0320882107441,10
2024-09-18 14:54:41.158000,414.06929293756286,98
2024-09-18 14:54:41.175000,414.0608183971332,1001
2024-09-18 14:54:41.181000,414.0432659514265,6
2024-09-18 14:54:41.268000,414.04888318493727,10
2024-09-18 14:54:41.376000,414.05760643211727,1004
2024-09-18 14:54:41.447000,414.0709963775647,101
2024-09-18 14:54:41.486000,414.0180031222307,98
2024-09-18 14:54:41.486000,414.0475021588614,1001
2024-09-18 14:54:41.516000,414.05155253759904,998
2024-09-18 14:54:41.518000,414.1281716761312,104
2024-09-18 14:54:41.629000,414.07570145110657,8
2024-09-18 14:54:41.717000,414.065877697395,7
2024-09-18 14:54:41.766000,414.0761210723296,95
2024-09-18 14:54:41.800000,414.09397526428046,14
2024-09-18 14:54:41.867000,414.06672815141405,97
2024-09-18 14:54:41.873000,414.0378535352978,12
2024-09-18 14:54:41.901000,414.1065603148005,998
2024-09-18 14:54:41.931000,414.0660218066371,1002
2024-09-18 14:54:42.004000,414.03053159245457,1004
2024-09-18 14:54:42.035000,413.9954392211224,1000
2024-09-18 14:54:42.083000,413.97162907323553,102
2024-09-18 14:54:42.086000,414.00053564675903,10
2024-09-18 14:54:42.100000,414.0293812972308,6
2024-09-18 14:54:42.107000,413.9950178511087,5
2024-09-18 14:54:42.161000,413.9968754041231,1002
2024-09-18 14:54:42.201000,414.0300352455205,100
2024-09-18 14:54:42.207000,413.9888226639349,96
2024-09-18 14:54:42.210000,413.9914448435245,5
2024-09-18 14:54:42.231000,413.9867681191098,99
2024-09-18 14:54:42.295000,414.0377042094956,97
2024-09-18 14:54:42.320000,414.0371968181323,10
2024-09-18 14:54:42.454000,414.0240524042604,5
2024-09-18 14:54:42.484000,414.0357625666213,10
2024-09-18 14:54:42.543000,414.0262095995925,100
2024-09-18 14:54:42.570000,413.9923784110008,8
2024-09-18 14:54:42.575000,414.01520706704696,1005
2024-09-18 14:54:42.586000,414.013393741205,996
2024-09-18 14:54:42.687000,414.0088897767596,7
2024-09-18 14:54:42.691000,414.0214254038535,7
2024-09-18 14:54:42.846000,414.0183932269079,102
2024-09-18 14:54:43.099000,413.9388105670935,9
2024-09-18 14:54:43.116000,413.962743318886,999
2024-09-18 14:54:43.175000,413.9132768997278,9
2024-09-18 14:54:43.312000,413.9893482430989,1001
2024-09-18 14:54:43.316000,413.9382151950013,101
2024-09-18 14:54:43.346000,414.0050506368017,5
2024-09-18 14:54:43.441000,413.9377826170437,14
2024-09-18 14:54:43.452000,413.9347149633053,6
2024-09-18 14:54:43.520000,413.9520411118872,9
2024-09-18 14:54:43.557000,413.9505543682996,104
2024-09-18 14:54:43.611000,413.95037775333,1004
2024-09-18 14:54:43.699000,413.983016756068,1000
2024-09-18 14:54:43.816000,413.9249825409238,97
2024-09-18 14:54:43.830000,414.000029742731,98
2024-09-18 14:54:43.921000,413.9618941541671,97
2024-09-18 14:54:44.039000,413.9072233085452,1004
2024-09-18 14:54:44.210000,413.927238259278,11
2024-09-18 14:54:44.224000,413.8784818855229,105
2024-09-18 14:54:44.338000,413.9401223081073,96
2024-09-18 14:54:44.495000,413.9116147674815,998
2024-09-18 14:54:44.588000,413.857208087586,15
2024-09-18 14:54:44.668000,413.8957270723475,1002
2024-09-18 14:54:44.694000,413.9017825389901,96
2024-09-18 14:54:45.012000,413.8671216293645,14
2024-09-18 14:54:45.049000,413.8744215266272,1004
2024-09-18 14:54:45.122000,413.85415490940574,996
2024-09-18 14:54:45.182000,413.8380180661482,95
2024-09-18 14:54:45.226000,413.83479406883873,6
2024-09-18 14:54:45.241000,413.8873081474056,12
2024-09-18 14:54:45.272000,413.85332390317257,11
2024-09-18 14:54:45.332000,413.8798553021365,997
2024-09-18 14:54:45.372000,413.8578329063898,98
2024-09-18 14:54:45.461000,413.884573174525,13
2024-09-18 14:54:45.569000,413.8746381373799,10
2024-09-18 14:54:45.647000,413.8633084817864,1001
2024-09-18 14:54:45.769000,413.8972754218137,97
2024-09-18 14:54:45.832000,413.8938180120346,102
2024-09-18 14:54:45.877000,413.8740649384841,1000
2024-09-18 14:54:45.919000,413.8526850941661,9
2024-09-18 14:54:45.954000,413.8735808274585,999
2024-09-18 14:54:46.042000,413.889213868168,95
2024-09-18 14:54:46.144000,413.85721499400006,998
2024-09-18 14:54:46.169000,413.8530084857644,105
2024-09-18 14:54:46.172000,413.9070612861144,98
2024-09-18 14:54:46.172000,413.8750249931778,8
2024-09-18 14:54:46.221000,413.9004679447187,8
2024-09-18 14:54:46.291000,413.8798759942877,1003
2024-09-18 14:54:46.452000,413.8763482922597,999
2024-09-18 14:54:46.486000,413.91820443172674,97
2024-09-18 14:54:46.545000,413.8389615188868,1000
2024-09-18 14:54:46.568000,413.8657397452276,997
2024-09-18 14:54:46.574000,413.84718047207946,96
2024-09-18 14:54:46.622000,413.8918093023496,999
2024-09-18 14:54:46.718000,413.8599893963301,1001
2024-09-18 14:54:47.039000,413.8689764837221,99
2024-09-18 14:54:47.054000,413.8568039746809,14
2024-09-18 14:54:47.084000,413.8523827784907,97
2024-09-18 14:54:47.118000,413.8620597995316,7
2024-09-18 14:54:47.135000,413.9085443293976,95
2024-09-18 14:54:47.139000,413.8618673138483,104
2024-09-18 14:54:47.181000,413.8472540041412,1003
2024-09-18 14:54:47.392000,413.8850811569459,1001
2024-09-18 14:54:47.415000,413.8456247224671,98
2024-09-18 14:54:47.498000,413.8349247134042,1003
2024-09-18 14:54:47.625000,413.84949417773146,95
2024-09-18 14:54:47.705000,413.8488670786708,102
2024-09-18 14:54:47.713000,413.8355067763047,99
2024-09-18 14:54:47.837000,413.8565408883998,14
2024-09-18 14:54:47.880000,413.9002652456402,997
2024-09-18 14:54:47.923000,413.859310078495,101
2024-09-18 14:54:47.926000,413.848816852153,104
2024-09-18 14:54:47.927000,413.8528226878718,12
2024-09-18 14:54:48.068000,413.8484734580926,105
2024-09-18 14:54:48.076000,413.8529397603828,10
2024-09-18 14:54:48.085000,413.82363326368375,8
2024-09-18 14:54:48.110000,413.8266930887165,1002
2024-09-18 14:54:48.130000,413.84762101893415,105
2024-09-18 14:54:48.304000,413.8672472369557,98
2024-09-18 14:54:48.317000,413.8455196986633,1005
2024-09-18 14:54:48.322000,413.8233319904747,1004
2024-09-18 14:54:48.357000,413.8741465246063,997
2024-09-18 14:54:48.418000,413.7971794775908,104
2024-09-18 14:54:48.470000,413.8563062599744,11
2024-09-18 14:54:48.532000,413.804513984689,105
2024-09-18 14:54:48.539000,413.8594509971567,997
2024-09-18 14:54:48.558000,413.8368713063848,8
2024-09-18 14:54:48.562000,413.8524431130452,10
2024-09-18 14:54:48.591000,413.8194532811408,13
2024-09-18 14:54:48.665000,413.8311201867748,13
2024-09-18 14:54:48.698000,413.7898027756484,1003
2024-09-18 14:54:48.720000,413.8780155577149,99
2024-09-18 14:54:48.753000,413.8437834409012,9
2024-09-18 14:54:48.792000,413.8321336597466,1005
2024-09-18 14:54:48.808000,413.8493207047981,105
2024-09-18 14:54:48.882000,413.8459078232608,105
2024-09-18 14:54:48.995000,413.84184180579786,1005
2024-09-18 14:54:49.051000,413.8418956393408,102
2024-09-18 14:54:49.055000,413.8248039007367,1002
2024-09-18 14:54:49.143000,413.8633627529308,999
2024-09-18 14:54:49.157000,413.8673550394071,101
2024-09-18 14:54:49.159000,413.81792212442105,14
2024-09-18 14:54:49.161000,413.8640369207927,101
2024-09-18 14:54:49.193000,413.8859065302386,101
2024-09-18 14:54:49.227000,413.8916869185488,1000
2024-09-18 14:54:49.250000,413.8810946093983,12
2024-09-18 14:54:49.290000,413.8596519437421,11
2024-09-18 14:54:49.292000,413.8883183504979,6
2024-09-18 14:54:49.343000,413.8573934035355,12
2024-09-18 14:54:49.458000,413.7949900040871,995
2024-09-18 14:54:49.469000,413.824679668002,13
2024-09-18 14:54:49.632000,413.8183617838351,15
2024-09-18 14:54:49.641000,413.8882976113636,98
2024-09-18 14:54:49.644000,413.859717294297,103
2024-09-18 14:54:49.646000,413.8644705355094,998
2024-09-18 14:54:49.776000,413.8633496283088,1001
2024-09-18 14:54:49.788000,413.8860811762747,1000
2024-09-18 14:54:49.855000,413.83279976749645,1004
2024-09-18 14:54:49.891000,413.8751541887172,10
2024-09-18 14:54:49.976000,413.867626040525,102
2024-09-18 14:54:50.185000,413.9379534963799,12
2024-09-18 14:54:50.238000,413.9064667371749,1002
2024-09-18 14:54:50.246000,413.897702270892,13
2024-09-18 14:54:50.374000,413.9241850746392,15
2024-09-18 14:54:50.550000,413.9351552758517,1004
2024-09-18 14:54:50.550000,413.89760264201857,103
2024-09-18 14:54:50.636000,413.92566171238497,995
2024-09-18 14:54:50.638000,413.9129652525262,11
2024-09-18 14:54:50.657000,413.8957116436212,15
2024-09-18 14:54:50.992000,413.8865101656925,999
2024-09-18 14:54:51.056000,413.8220726868734,995
2024-09-18 14:54:51.070000,413.8327013316231,1005
2024-09-18 14:54:51.119000,407.124078556092,1005
2024-09-18 14:54:51.126000,413.83686521963335,10
2024-09-18 14:54:51.142000,413.82477068469046,7
2024-09-18 14:54:51.203000,413.8352771748996,99
2024-09-18 14:54:51.230000,413.8402935618815,6
2024-09-18 14:54:51.253000,413.8182431248407,13
2024-09-18 14:54:51.260000,413.8407289360684,998
2024-09-18 14:54:51.293000,413.87002686285706,1000
2024-09-18 14:54:51.470000,413.8337959103813,1001
2024-09-18 14:54:51.589000,413.8442036732832,105
2024-09-18 14:54:51.679000,413.829064677146,102
2024-09-18 14:54:51.693000,413.8776329591403,99
2024-09-18 14:54:51.734000,413.8368023283643,1004
2024-09-18 14:54:51.762000,413.8098428651321,101
2024-09-18 14:54:51.867000,413.8277337886207,15
2024-09-18 14:54:51.872000,413.8179226581552,1003
2024-09-18 14:54:52.074000,413.8318089977335,104
2024-09-18 14:54:52.196000,413.8236116968505,1002
2024-09-18 14:54:52.276000,413.8135485965196,997
2024-09-18 14:54:52.860000,413.8249851540757,996
2024-09-18 14:54:53.003000,413.8535839284141,6
2024-09-18 14:54:53.045000,413.8130730428568,6
2024-09-18 14:54:53.082000,413.83087866359415,1005
2024-09-18 14:54:53.105000,413.8127400937513,99
2024-09-18 14:54:53.209000,413.8377713799544,995
2024-09-18 14:54:53.236000,413.83148980939137,1001
2024-09-18 14:54:53.237000,413.83479740652166,104
2024-09-18 14:54:53.269000,413.8240696834217,97
2024-09-18 14:54:53.351000,413.8177795641538,1001
2024-09-18 14:54:53.360000,413.80151746618975,1000
2024-09-18 14:54:53.380000,413.8130409273985,102
2024-09-18 14:54:53.384000,413.8166785705092,99
2024-09-18 14:54:53.507000,413.85687080539685,996
2024-09-18 14:54:53.665000,413.84608476258586,1002
2024-09-18 14:54:53.666000,413.8486483617559,98
2024-09-18 14:54:53.678000,413.8168116793314,5
2024-09-18 14:54:53.723000,413.8428127432238,104
2024-09-18 14:54:53.796000,413.83464999948814,105
2024-09-18 14:54:53.836000,413.8248376572992,6
2024-09-18 14:54:53.856000,413.8292985258968,100
2024-09-18 14:54:53.873000,413.8627444410456,12
2024-09-18 14:54:53.889000,413.82469664899423,97
2024-09-18 14:54:53.898000,413.8337868457767,11
2024-09-18 14:54:53.970000,413.83994893532,1000
2024-09-18 14:54:54.520000,413.82032008199207,102
2024-09-18 14:54:55.398000,413.8068486756392,103
2024-09-18 14:54:55.715000,413.7968124082766,6
2024-09-18 14:54:55.852000,413.7902783668552,1003
2024-09-18 14:54:56.213000,413.7798699054768,6
2024-09-18 14:54:56.283000,413.80438211028087,14
2024-09-18 14:54:56.601000,413.81374459531366,105
2024-09-18 14:54:56.648000,413.8017413096196,1003
2024-09-18 14:54:56.683000,413.79558372866666,995
2024-09-18 14:54:56.696000,413.81644604676967,95
2024-09-18 14:54:56.823000,413.8252123350549,995
2024-09-18 14:54:56.885000,413.79333711019495,10
2024-09-18 14:54:56.894000,413.8006613869821,998
2024-09-18 14:54:56.961000,413.8038510428392,101
2024-09-18 14:54:56.984000,413.7928770073366,8
2024-09-18 14:54:57.005000,413.7961018922986,998
2024-09-18 14:54:57.096000,413.78517200857294,998
2024-09-18 14:54:57.212000,413.74235101075175,99
2024-09-18 14:54:57.304000,413.78240505917626,999
2024-09-18 14:54:57.315000,413.79352077085525,7
2024-09-18 14:54:57.377000,413.736984140585,9
2024-09-18 14:54:57.513000,413.7721125245351,9
2024-09-18 14:54:57.525000,407.19643217123104,1004
2024-09-18 14:54:57.566000,413.7037542854047,1000
2024-09-18 14:54:57.666000,413.7519999888266,95
2024-09-18 14:54:57.669000,413.7749373635547,8
2024-09-18 14:54:57.698000,413.74697818980906,999
2024-09-18 14:54:57.778000,413.7501948859672,14
2024-09-18 14:54:57.817000,413.7787980248757,1004
2024-09-18 14:54:57.866000,413.7674641590115,1004
2024-09-18 14:54:57.949000,413.7333786291545,99
2024-09-18 14:54:57.992000,413.7871884892913,14
2024-09-18 14:54:57.999000,413.79397394398455,996
2024-09-18 14:54:58.275000,413.72899899868185,102
2024-09-18 14:54:58.302000,413.70302105626,995
2024-09-18 14:54:59.009000,413.7453045816901,14
2024-09-18 14:54:59.019000,413.771435310952,96
2024-09-18 14:54:59.028000,413.7687799784547,1002
2024-09-18 14:54:59.042000,413.7332781421616,1000
2024-09-18 14:54:59.055000,413.7422348849393,96
2024-09-18 14:54:59.086000,413.7335244035612,102
2024-09-18 14:54:59.093000,413.7336627969988,999
2024-09-18 14:54:59.133000,413.71811739185216,1002
2024-09-18 14:54:59.137000,413.7087149812828,96
2024-09-18 14:54:59.159000,413.7225787345548,997
2024-09-18 14:54:59.226000,413.7752244958032,96
2024-09-18 14:54:59.245000,413.7536665076145,102
2024-09-18 14:54:59.302000,413.7532314836324,999
2024-09-18 14:54:59.412000,413.7235176392935,95
2024-09-18 14:54:59.466000,413.7948827824615,995
2024-09-18 14:54:59.496000,413.7264853372939,6
2024-09-18 14:54:59.536000,413.7142629226488,99
2024-09-18 14:54:59.625000,413.74470568112525,1001
2024-09-18 14:54:59.672000,413.7307774446414,1004
2024-09-18 14:54:59.677000,413.80644015697374,15
2024-09-18 14:54:59.724000,413.7540356631052,998
2024-09-18 14:54:59.752000,413.74728965623,105
2024-09-18 14:54:59.872000,413.7220240822649,11
2024-09-18 14:54:59.924000,413.8186092725819,98
2024-09-18 14:54:59.925000,413.7264454695385,96
2024-09-18 14:54:59.927000,413.72627538054087,1000
2024-09-18 14:54:59.957000,413.7227394441448,1002
2024-09-18 14:54:59.982000,413.7923521580407,1003
2024-09-18 14:54:59.999000,413.7895022338527,999
