Timestamp,Price,Size
2024-09-19 11:23:00.005000,420.4007824530096,1005
2024-09-19 11:23:00.038000,420.3734184055045,7
2024-09-19 11:23:00.053000,420.3750628411892,1002
2024-09-19 11:23:00.056000,420.447818213022,997
2024-09-19 11:23:00.178000,420.3973888492529,7
2024-09-19 11:23:00.261000,420.3728541795175,11
2024-09-19 11:23:00.387000,420.3760683789472,998
2024-09-19 11:23:00.488000,420.4200720496941,104
2024-09-19 11:23:00.534000,420.3570491861319,12
2024-09-19 11:23:00.580000,420.4388268700832,12
2024-09-19 11:23:00.600000,420.3607655433095,997
2024-09-19 11:23:00.606000,420.3931605146505,105
2024-09-19 11:23:00.624000,420.38647447687896,100
2024-09-19 11:23:00.666000,420.3453945581695,97
2024-09-19 11:23:00.678000,420.39037574432206,100
2024-09-19 11:23:00.693000,420.4252868475357,1000
2024-09-19 11:23:00.714000,420.3972762107972,1005
2024-09-19 11:23:00.736000,420.3874193531245,103
2024-09-19 11:23:00.736000,420.3890881751076,1003
2024-09-19 11:23:00.741000,420.39205265311705,96
2024-09-19 11:23:00.778000,420.35616892519727,102
2024-09-19 11:23:00.799000,420.4317554493684,999
2024-09-19 11:23:00.901000,420.4111739974724,11
2024-09-19 11:23:00.980000,420.3587060703739,1005
2024-09-19 11:23:01.147000,420.3597540731649,1003
2024-09-19 11:23:01.195000,420.413316773471,96
2024-09-19 11:23:01.250000,420.4044513321173,1002
2024-09-19 11:23:01.268000,420.4194275445289,96
2024-09-19 11:23:01.321000,420.3757185006369,103
2024-09-19 11:23:01.432000,420.404495395341,9
2024-09-19 11:23:01.595000,420.41566380657554,100
2024-09-19 11:23:01.646000,420.4126134439064,998
2024-09-19 11:23:01.735000,420.39437995097177,997
2024-09-19 11:23:01.778000,420.3870185202357,97
2024-09-19 11:23:01.782000,420.3894945425576,999
2024-09-19 11:23:01.851000,420.3678064080236,1002
2024-09-19 11:23:01.928000,420.3742914397442,103
2024-09-19 11:23:02.053000,420.4695536904462,5
2024-09-19 11:23:02.126000,420.4304755104244,13
2024-09-19 11:23:02.245000,420.461328639124,97
2024-09-19 11:23:02.258000,420.5327071526674,104
2024-09-19 11:23:02.283000,420.4119197174949,103
2024-09-19 11:23:02.333000,420.54967305785584,9
2024-09-19 11:23:02.561000,420.4539428924007,102
2024-09-19 11:23:02.571000,420.5446879340949,1004
2024-09-19 11:23:02.606000,420.5051383923253,9
2024-09-19 11:23:02.637000,420.43864938235913,97
2024-09-19 11:23:02.678000,420.5492766748559,98
2024-09-19 11:23:02.681000,420.5016186885406,1003
2024-09-19 11:23:02.687000,420.5152505460241,105
2024-09-19 11:23:02.693000,420.4464892316283,1002
2024-09-19 11:23:02.716000,420.4712029097229,1001
2024-09-19 11:23:02.722000,420.4383421802975,102
2024-09-19 11:23:02.823000,420.5549097707605,98
2024-09-19 11:23:02.848000,420.53555480677807,98
2024-09-19 11:23:02.899000,420.4686363029462,103
2024-09-19 11:23:02.942000,420.4529227216993,104
2024-09-19 11:23:02.950000,420.417851000361,11
2024-09-19 11:23:02.982000,420.4343583194354,103
2024-09-19 11:23:02.995000,420.4568827295426,5
2024-09-19 11:23:03.008000,420.5014341441847,1000
2024-09-19 11:23:03.017000,420.55997954454136,1005
2024-09-19 11:23:03.083000,420.5163002114937,100
2024-09-19 11:23:03.125000,420.5600175895662,105
2024-09-19 11:23:03.175000,420.5451906939044,999
2024-09-19 11:23:03.221000,420.4957584778718,1002
2024-09-19 11:23:03.325000,420.52810185120296,5
2024-09-19 11:23:03.345000,420.5411592088984,999
2024-09-19 11:23:03.425000,420.4925433211978,102
2024-09-19 11:23:03.447000,420.5002873913555,13
2024-09-19 11:23:03.627000,420.5274193097384,105
2024-09-19 11:23:03.629000,420.49533048922376,998
2024-09-19 11:23:03.658000,420.5318668028796,105
2024-09-19 11:23:03.714000,420.4852802865084,14
2024-09-19 11:23:03.749000,420.5548521265357,14
2024-09-19 11:23:03.816000,420.4879356147113,6
2024-09-19 11:23:03.819000,420.50550229882174,1004
2024-09-19 11:23:03.820000,420.5032198968127,96
2024-09-19 11:23:03.836000,420.53353540452,5
2024-09-19 11:23:03.857000,420.4939597303163,995
2024-09-19 11:23:03.870000,420.5127006289529,12
2024-09-19 11:23:03.894000,420.55239259782593,104
2024-09-19 11:23:03.927000,420.5642630359269,14
2024-09-19 11:23:03.945000,420.4988612305513,1004
2024-09-19 11:23:03.985000,420.5385950745968,7
2024-09-19 11:23:04.048000,420.554303926514,99
2024-09-19 11:23:04.063000,420.5522370362356,103
2024-09-19 11:23:04.109000,420.5312123523758,96
2024-09-19 11:23:04.115000,420.5613299915522,1004
2024-09-19 11:23:04.234000,420.56568224106616,999
2024-09-19 11:23:04.294000,420.5480363146477,7
2024-09-19 11:23:04.341000,420.5695634613447,11
2024-09-19 11:23:04.363000,420.5517233325359,99
2024-09-19 11:23:04.381000,420.5662888644621,1000
2024-09-19 11:23:04.409000,420.5689590413719,101
2024-09-19 11:23:04.421000,420.55832860477966,104
2024-09-19 11:23:04.432000,420.5260757429658,95
2024-09-19 11:23:04.459000,420.57082250453146,997
2024-09-19 11:23:04.504000,420.5220072652397,999
2024-09-19 11:23:04.510000,420.5577063169303,10
2024-09-19 11:23:04.522000,420.5293902102608,5
2024-09-19 11:23:04.557000,420.5494937280738,6
2024-09-19 11:23:04.760000,420.57859692881,1002
2024-09-19 11:23:04.879000,420.54418577312697,12
2024-09-19 11:23:05.129000,420.5573759312744,95
2024-09-19 11:23:05.171000,420.5796686449809,100
2024-09-19 11:23:05.209000,420.55179984732223,1003
2024-09-19 11:23:05.244000,420.5615779116122,14
2024-09-19 11:23:05.252000,420.5766696620362,1000
2024-09-19 11:23:05.257000,420.5571308869343,14
2024-09-19 11:23:05.351000,420.5507404542752,95
2024-09-19 11:23:05.398000,420.5862142116637,1004
2024-09-19 11:23:05.463000,420.5877636723274,95
2024-09-19 11:23:05.576000,420.5750445210825,98
2024-09-19 11:23:05.763000,420.57938716363407,996
2024-09-19 11:23:05.767000,420.5542767777415,98
2024-09-19 11:23:05.809000,420.5658574867471,105
2024-09-19 11:23:05.818000,420.5424526262024,102
2024-09-19 11:23:05.951000,420.5630506688051,104
2024-09-19 11:23:06.055000,420.5321213686583,997
2024-09-19 11:23:06.084000,420.5607487648312,7
2024-09-19 11:23:06.151000,420.5574045704501,997
2024-09-19 11:23:06.291000,420.555427084572,14
2024-09-19 11:23:06.332000,420.54056486026445,105
2024-09-19 11:23:06.445000,420.54503568023466,101
2024-09-19 11:23:06.619000,420.55138625513314,11
2024-09-19 11:23:06.820000,420.5212841556111,95
2024-09-19 11:23:06.838000,420.5532416539086,9
2024-09-19 11:23:07.085000,420.4119763296701,7
2024-09-19 11:23:07.202000,420.4429499988513,103
2024-09-19 11:23:07.210000,420.4695622361711,995
2024-09-19 11:23:07.373000,420.4125503701989,98
2024-09-19 11:23:07.439000,420.5196356386194,98
2024-09-19 11:23:07.499000,420.5032915056458,13
2024-09-19 11:23:07.550000,420.4290906816119,14
2024-09-19 11:23:07.551000,420.454757027453,1001
2024-09-19 11:23:07.837000,420.4751856357543,997
2024-09-19 11:23:07.911000,420.4285474176932,1000
2024-09-19 11:23:08.004000,420.41732099293705,96
2024-09-19 11:23:08.008000,420.4042598597454,5
2024-09-19 11:23:08.010000,420.37462363755736,12
2024-09-19 11:23:08.265000,420.3708580846532,1000
2024-09-19 11:23:08.507000,420.4064468110684,6
2024-09-19 11:23:08.614000,420.4112518589197,13
2024-09-19 11:23:08.643000,420.3871859059717,1005
2024-09-19 11:23:08.685000,420.3625880568672,1004
2024-09-19 11:23:08.809000,420.4042820413875,998
2024-09-19 11:23:08.811000,420.3731805810823,6
2024-09-19 11:23:08.859000,420.3650385998992,1004
2024-09-19 11:23:08.877000,420.36981732896464,96
2024-09-19 11:23:09.047000,420.4170856045505,99
2024-09-19 11:23:09.055000,420.3530639266537,15
2024-09-19 11:23:09.057000,420.3794840818352,5
2024-09-19 11:23:09.124000,420.4140108089895,15
2024-09-19 11:23:09.137000,420.3807531146038,103
2024-09-19 11:23:09.192000,420.379998103644,13
2024-09-19 11:23:09.199000,420.4400284491395,14
2024-09-19 11:23:09.248000,420.36971625081816,102
2024-09-19 11:23:09.267000,420.4341259830124,96
2024-09-19 11:23:09.269000,420.41553083239353,13
2024-09-19 11:23:09.473000,420.4253880364395,100
2024-09-19 11:23:09.566000,420.4211202673259,7
2024-09-19 11:23:09.638000,420.3756041780552,102
2024-09-19 11:23:09.645000,420.4044043358121,9
2024-09-19 11:23:09.667000,420.4255223184174,11
2024-09-19 11:23:09.819000,420.4061536588627,100
2024-09-19 11:23:09.975000,420.3545430081823,15
2024-09-19 11:23:10.009000,420.3223524634798,1004
2024-09-19 11:23:10.164000,420.3452744014132,7
2024-09-19 11:23:10.433000,420.323592462651,1004
2024-09-19 11:23:10.439000,420.3080912717247,101
2024-09-19 11:23:10.571000,420.2949450132667,96
2024-09-19 11:23:10.574000,420.3059572145564,99
2024-09-19 11:23:10.683000,420.3150324307641,12
2024-09-19 11:23:10.992000,420.3186488862007,997
2024-09-19 11:23:11.078000,420.3412817948316,1001
2024-09-19 11:23:11.109000,420.2345935526587,10
2024-09-19 11:23:11.133000,420.3415105423477,12
2024-09-19 11:23:11.149000,420.3295152242358,7
2024-09-19 11:23:11.151000,420.3056009631712,99
2024-09-19 11:23:11.157000,420.2889705051661,9
2024-09-19 11:23:11.203000,420.24496434383184,102
2024-09-19 11:23:11.211000,420.32483156808286,998
2024-09-19 11:23:11.246000,420.290349941573,1003
2024-09-19 11:23:11.278000,420.2827715363098,104
2024-09-19 11:23:11.362000,420.27408861889376,97
2024-09-19 11:23:11.376000,420.2879917006442,996
2024-09-19 11:23:11.384000,420.28312418967874,6
2024-09-19 11:23:11.388000,420.24664459119407,103
2024-09-19 11:23:11.421000,420.2225509836141,98
2024-09-19 11:23:11.523000,420.2485423138305,999
2024-09-19 11:23:11.535000,420.24328889614753,97
2024-09-19 11:23:11.632000,420.2911196023899,96
2024-09-19 11:23:11.718000,420.2371135208266,998
2024-09-19 11:23:11.750000,420.2727227605087,98
2024-09-19 11:23:11.846000,420.3219237407729,13
2024-09-19 11:23:11.867000,420.3068812755996,5
2024-09-19 11:23:11.907000,420.281580551594,998
2024-09-19 11:23:11.974000,420.265289616088,11
2024-09-19 11:23:11.986000,420.3095640012188,996
2024-09-19 11:23:12.013000,420.1118003682841,5
2024-09-19 11:23:12.079000,420.1462744775031,999
2024-09-19 11:23:12.100000,420.1535159221975,996
2024-09-19 11:23:12.141000,420.1401788524813,13
2024-09-19 11:23:12.157000,420.14610182728,11
2024-09-19 11:23:12.191000,420.1562878113596,98
2024-09-19 11:23:12.197000,420.15351176914817,998
2024-09-19 11:23:12.270000,420.1528781781076,11
2024-09-19 11:23:12.294000,420.1562846058834,101
2024-09-19 11:23:12.313000,420.2232407849445,1005
2024-09-19 11:23:12.319000,420.1849721641476,1000
2024-09-19 11:23:12.341000,420.1426748030439,6
2024-09-19 11:23:12.356000,420.1551687510396,99
2024-09-19 11:23:12.375000,420.2287959376656,996
2024-09-19 11:23:12.414000,420.197376440109,12
2024-09-19 11:23:12.437000,420.1754101247652,103
2024-09-19 11:23:12.490000,420.2218237385638,98
2024-09-19 11:23:12.532000,420.22689835486494,99
2024-09-19 11:23:12.660000,420.1394743537941,99
2024-09-19 11:23:12.793000,420.137466544931,101
2024-09-19 11:23:12.826000,420.1730714612221,103
2024-09-19 11:23:12.849000,420.229515151098,1003
2024-09-19 11:23:12.907000,420.1847914240235,10
2024-09-19 11:23:12.920000,420.2336023765297,104
2024-09-19 11:23:13.015000,420.1745229030009,9
2024-09-19 11:23:14.161000,420.2060761105995,97
2024-09-19 11:23:14.219000,420.2640724195378,10
2024-09-19 11:23:14.232000,420.2900010883379,104
2024-09-19 11:23:14.232000,420.251141449884,7
2024-09-19 11:23:14.269000,420.3162225681416,100
2024-09-19 11:23:14.281000,420.2580060446747,999
2024-09-19 11:23:14.309000,420.3238029641767,14
2024-09-19 11:23:14.310000,420.2623048613507,95
2024-09-19 11:23:14.339000,420.2637875722545,95
2024-09-19 11:23:14.395000,420.28687310014055,999
2024-09-19 11:23:14.486000,420.23971644732455,999
2024-09-19 11:23:14.487000,420.329447905099,998
2024-09-19 11:23:14.540000,420.2738526242301,12
2024-09-19 11:23:14.597000,420.2688110425775,96
2024-09-19 11:23:14.620000,420.2488938516255,11
2024-09-19 11:23:14.648000,420.3278238343034,1004
2024-09-19 11:23:14.649000,420.32773271287937,997
2024-09-19 11:23:14.652000,420.276693022156,12
2024-09-19 11:23:14.773000,420.326181239637,995
2024-09-19 11:23:14.787000,420.3000686018981,12
2024-09-19 11:23:14.790000,420.3179758634792,103
2024-09-19 11:23:14.794000,420.2602638666887,99
2024-09-19 11:23:14.852000,420.2454046661648,97
2024-09-19 11:23:14.873000,420.3170944496293,103
2024-09-19 11:23:14.907000,420.3116970427061,1002
2024-09-19 11:23:14.911000,420.28565468971976,99
2024-09-19 11:23:14.965000,420.1987258962639,103
2024-09-19 11:23:14.978000,420.286511903413,995
2024-09-19 11:23:14.985000,420.28609071503934,14
2024-09-19 11:23:14.995000,420.2609682404857,100
2024-09-19 11:23:15.016000,420.317385981762,105
2024-09-19 11:23:15.021000,420.31313591255713,102
2024-09-19 11:23:15.074000,420.29504701678894,1001
2024-09-19 11:23:15.174000,420.3158326532521,10
2024-09-19 11:23:15.209000,420.2949202501284,8
2024-09-19 11:23:15.212000,420.3207729558925,12
2024-09-19 11:23:15.250000,420.3115086305472,97
2024-09-19 11:23:15.348000,420.3040457544029,1002
2024-09-19 11:23:15.402000,420.31871158192206,15
2024-09-19 11:23:15.446000,420.3066305649738,1004
2024-09-19 11:23:15.557000,420.30873497772,1003
2024-09-19 11:23:15.610000,420.3054368477269,97
2024-09-19 11:23:15.658000,420.3297892267848,12
2024-09-19 11:23:15.668000,420.30797576654754,997
2024-09-19 11:23:15.684000,420.2933828357732,995
2024-09-19 11:23:15.705000,420.3060805089922,998
2024-09-19 11:23:15.785000,420.2968231654655,999
2024-09-19 11:23:15.849000,420.3115895510642,102
2024-09-19 11:23:16.284000,420.2723586332264,14
2024-09-19 11:23:16.295000,420.2833923450656,14
2024-09-19 11:23:16.302000,420.2860189817432,95
2024-09-19 11:23:16.323000,420.2944923198392,8
2024-09-19 11:23:16.327000,420.27281481495385,999
2024-09-19 11:23:16.498000,420.2846898003037,1003
2024-09-19 11:23:16.644000,420.2889885298253,1003
2024-09-19 11:23:16.668000,420.2867898545522,11
2024-09-19 11:23:16.735000,420.2780116636533,11
2024-09-19 11:23:16.876000,420.2953486490708,1005
2024-09-19 11:23:16.877000,420.2770808336076,96
2024-09-19 11:23:16.894000,420.2754169121838,100
2024-09-19 11:23:16.973000,420.298026800258,999
2024-09-19 11:23:17.027000,420.23790176859467,9
2024-09-19 11:23:17.032000,420.2874659809512,11
2024-09-19 11:23:17.062000,420.3203903351257,7
2024-09-19 11:23:17.070000,420.3124441363847,6
2024-09-19 11:23:17.149000,420.3061859837259,12
2024-09-19 11:23:17.204000,420.3001507767205,96
2024-09-19 11:23:17.246000,420.2481814798614,101
2024-09-19 11:23:17.335000,420.3029338701244,97
2024-09-19 11:23:17.385000,420.31479475744135,105
2024-09-19 11:23:17.404000,420.32085935753474,102
2024-09-19 11:23:17.435000,420.3294441131827,998
2024-09-19 11:23:17.454000,420.2936694382003,1002
2024-09-19 11:23:17.503000,420.3125101986099,998
2024-09-19 11:23:17.540000,420.30012536845214,10
2024-09-19 11:23:17.558000,420.2390113541072,98
2024-09-19 11:23:17.608000,420.341003452406,995
2024-09-19 11:23:17.704000,420.24188436015095,1002
2024-09-19 11:23:17.709000,420.2424406963091,15
2024-09-19 11:23:17.722000,420.2518563327096,15
2024-09-19 11:23:17.729000,420.3108324009906,96
2024-09-19 11:23:17.775000,420.31825275212697,7
2024-09-19 11:23:17.829000,420.3322302973892,102
2024-09-19 11:23:17.840000,420.2532030349725,101
2024-09-19 11:23:17.890000,420.3580931960545,1000
2024-09-19 11:23:17.902000,420.2611323529024,97
2024-09-19 11:23:17.911000,420.2342897714571,102
2024-09-19 11:23:17.914000,420.2970618123257,11
2024-09-19 11:23:17.940000,420.23383329409216,1004
2024-09-19 11:23:18.014000,420.1226862373736,1002
2024-09-19 11:23:18.018000,420.13858461005424,105
2024-09-19 11:23:18.091000,420.1221800754652,95
2024-09-19 11:23:18.163000,420.2352704608662,7
2024-09-19 11:23:18.200000,420.1309875691078,96
2024-09-19 11:23:18.244000,420.179928503353,1002
2024-09-19 11:23:18.252000,420.1279703041975,1003
2024-09-19 11:23:18.253000,420.21891270310624,96
2024-09-19 11:23:18.299000,420.1192309896484,998
2024-09-19 11:23:18.304000,420.2354332142628,103
2024-09-19 11:23:18.332000,420.1445967223999,1005
2024-09-19 11:23:18.360000,420.1198967891937,5
2024-09-19 11:23:18.416000,420.1780096782113,999
2024-09-19 11:23:18.433000,420.15264181713513,6
2024-09-19 11:23:18.493000,420.1943394617029,102
2024-09-19 11:23:18.527000,420.18377107060894,13
2024-09-19 11:23:18.530000,420.1445186007852,15
2024-09-19 11:23:18.588000,420.1929156502389,103
2024-09-19 11:23:18.789000,420.21345797012174,998
2024-09-19 11:23:18.821000,420.1750418351345,1004
2024-09-19 11:23:18.824000,420.15352024900847,10
2024-09-19 11:23:18.865000,420.1528953821942,1003
2024-09-19 11:23:18.894000,420.1280737621736,996
2024-09-19 11:23:18.895000,420.23917990145657,8
2024-09-19 11:23:18.898000,420.1916375518399,99
2024-09-19 11:23:18.932000,420.139993436023,1005
2024-09-19 11:23:18.948000,420.1072284612075,97
2024-09-19 11:23:18.967000,420.2094167760681,12
2024-09-19 11:23:19.324000,420.1190076059556,10
2024-09-19 11:23:19.424000,420.12262461049374,100
2024-09-19 11:23:19.425000,420.1133849271959,12
2024-09-19 11:23:19.450000,420.12137308422245,100
2024-09-19 11:23:19.582000,420.0946082402433,997
2024-09-19 11:23:19.602000,420.080875935877,97
2024-09-19 11:23:19.606000,420.10835947579017,104
2024-09-19 11:23:19.691000,420.1106370233945,99
2024-09-19 11:23:19.708000,420.0799562017538,10
2024-09-19 11:23:19.781000,420.1052804501082,101
2024-09-19 11:23:19.819000,420.13762991429417,12
2024-09-19 11:23:19.937000,420.1195150806063,100
2024-09-19 11:23:19.974000,420.1170190227192,98
2024-09-19 11:23:19.993000,420.0818460887669,1003
2024-09-19 11:23:20.117000,420.0814819408105,12
2024-09-19 11:23:20.159000,420.0610961718778,103
2024-09-19 11:23:20.219000,420.07469757601416,7
2024-09-19 11:23:20.221000,420.0742974610404,8
2024-09-19 11:23:20.224000,420.0839140122311,9
2024-09-19 11:23:20.262000,420.1127136239477,12
2024-09-19 11:23:20.316000,420.0474478256344,1002
2024-09-19 11:23:20.352000,420.0835315338904,13
2024-09-19 11:23:20.437000,420.0842930758581,15
2024-09-19 11:23:20.462000,420.0625204006009,96
2024-09-19 11:23:20.479000,420.0889223416069,105
2024-09-19 11:23:20.495000,420.0786550646638,97
2024-09-19 11:23:20.495000,420.0856868169876,10
2024-09-19 11:23:20.555000,420.07776665399,11
2024-09-19 11:23:20.594000,420.0701402480983,100
2024-09-19 11:23:20.611000,420.03540467864593,1003
2024-09-19 11:23:20.773000,420.1069463406768,13
2024-09-19 11:23:20.823000,420.0838707548725,13
2024-09-19 11:23:20.838000,420.0794754432953,7
2024-09-19 11:23:20.852000,420.11938368969714,101
2024-09-19 11:23:20.863000,420.0710753063794,98
2024-09-19 11:23:20.922000,420.0441986763063,104
2024-09-19 11:23:20.981000,420.0951596411463,9
2024-09-19 11:23:22.038000,420.0736558376198,995
2024-09-19 11:23:22.081000,420.0687194367093,1005
2024-09-19 11:23:22.161000,420.0825266010203,995
2024-09-19 11:23:22.187000,420.1104581200926,14
2024-09-19 11:23:22.190000,420.0836902511963,12
2024-09-19 11:23:22.194000,420.0957740103946,997
2024-09-19 11:23:22.371000,420.08061020760096,998
2024-09-19 11:23:22.440000,420.0804207826904,1002
2024-09-19 11:23:22.574000,420.0536053706565,105
2024-09-19 11:23:22.623000,420.1114377414536,999
2024-09-19 11:23:22.675000,420.06620850644254,999
2024-09-19 11:23:22.682000,420.0829471888913,103
2024-09-19 11:23:22.831000,420.1018404194736,996
2024-09-19 11:23:22.834000,420.1198975538852,15
2024-09-19 11:23:22.904000,420.07677924759616,8
2024-09-19 11:23:22.905000,420.0947017243216,98
2024-09-19 11:23:22.986000,420.0694376162571,8
2024-09-19 11:23:23.031000,420.0657981318864,995
2024-09-19 11:23:23.040000,420.0719354403393,1004
2024-09-19 11:23:23.058000,420.05712869785606,14
2024-09-19 11:23:23.110000,420.0378978689906,6
2024-09-19 11:23:23.113000,420.087396264848,995
2024-09-19 11:23:23.205000,420.04305821283225,13
2024-09-19 11:23:23.247000,420.0743671652623,11
2024-09-19 11:23:23.326000,420.0700480968716,97
2024-09-19 11:23:23.341000,420.0351696738349,13
2024-09-19 11:23:23.373000,420.0865314298666,98
2024-09-19 11:23:23.421000,420.0390678857336,1003
2024-09-19 11:23:23.523000,420.0087380989726,99
2024-09-19 11:23:23.529000,420.0298087842545,1000
2024-09-19 11:23:23.621000,420.0454035382126,103
2024-09-19 11:23:23.709000,420.0694498215579,995
2024-09-19 11:23:23.835000,420.0147795195812,7
2024-09-19 11:23:23.854000,420.0697377233571,1000
2024-09-19 11:23:23.867000,420.0162430858371,1003
2024-09-19 11:23:23.878000,420.02927855918256,1005
2024-09-19 11:23:23.951000,420.059988630529,102
2024-09-19 11:23:24.018000,419.9191737055166,105
2024-09-19 11:23:24.141000,419.92956787937726,7
2024-09-19 11:23:24.174000,419.9193948032844,998
2024-09-19 11:23:24.191000,419.9361262738589,10
2024-09-19 11:23:24.283000,419.9197959265941,105
2024-09-19 11:23:24.302000,419.9978399476534,11
2024-09-19 11:23:24.337000,419.94608455199966,997
2024-09-19 11:23:24.382000,419.9151849435064,14
2024-09-19 11:23:24.408000,419.9107128522933,12
2024-09-19 11:23:24.446000,419.9296167260964,100
2024-09-19 11:23:24.482000,419.993223166532,1003
2024-09-19 11:23:24.496000,419.9199617741584,6
2024-09-19 11:23:24.551000,419.90404572272473,14
2024-09-19 11:23:24.555000,419.974080518221,998
2024-09-19 11:23:24.626000,419.9357985588655,1002
2024-09-19 11:23:24.646000,419.958778242124,5
2024-09-19 11:23:24.664000,419.92350524262696,999
2024-09-19 11:23:24.668000,419.94027102313487,100
2024-09-19 11:23:24.669000,419.9269461330935,103
2024-09-19 11:23:24.680000,419.9182084283413,104
2024-09-19 11:23:24.740000,419.99029242147583,6
2024-09-19 11:23:24.751000,419.9682241112503,999
2024-09-19 11:23:24.772000,419.9422161488381,996
2024-09-19 11:23:24.785000,419.91953817444295,99
2024-09-19 11:23:24.842000,419.9360844785817,100
2024-09-19 11:23:24.902000,419.98541141713895,104
2024-09-19 11:23:24.924000,419.92850743814046,100
2024-09-19 11:23:24.925000,419.90486130849104,1005
2024-09-19 11:23:24.938000,419.9739996345924,99
2024-09-19 11:23:24.991000,419.9289595795684,1004
2024-09-19 11:23:25.021000,419.9147175074101,14
2024-09-19 11:23:25.027000,419.90311929831023,8
2024-09-19 11:23:25.104000,419.9254264548279,13
2024-09-19 11:23:25.146000,419.8980289086688,9
2024-09-19 11:23:25.174000,419.9074870990995,1005
2024-09-19 11:23:25.241000,419.92815134269017,103
2024-09-19 11:23:25.255000,419.9347291779375,6
2024-09-19 11:23:25.263000,419.93785305656223,10
2024-09-19 11:23:25.306000,419.9436450837934,100
2024-09-19 11:23:25.334000,419.9173216683328,998
2024-09-19 11:23:25.358000,419.9459291950024,10
2024-09-19 11:23:25.367000,419.9365179296439,12
2024-09-19 11:23:25.384000,419.95203720113545,999
2024-09-19 11:23:25.408000,419.91643194497135,995
2024-09-19 11:23:25.433000,419.9384719295461,98
2024-09-19 11:23:25.467000,419.9155953250243,997
2024-09-19 11:23:25.481000,419.920015153536,98
2024-09-19 11:23:25.535000,419.9221037369247,99
2024-09-19 11:23:25.577000,419.9243029840841,999
2024-09-19 11:23:25.610000,419.9153189245816,7
2024-09-19 11:23:25.692000,419.9553727575421,13
2024-09-19 11:23:25.758000,419.9136823051665,995
2024-09-19 11:23:25.767000,419.93966677505625,103
2024-09-19 11:23:25.802000,419.9631426203306,7
2024-09-19 11:23:25.835000,419.9390632383512,104
2024-09-19 11:23:25.876000,419.9136568837416,10
2024-09-19 11:23:25.951000,419.9259239135275,1001
2024-09-19 11:23:26.306000,419.905503649558,7
2024-09-19 11:23:26.419000,419.9032816259561,5
2024-09-19 11:23:26.445000,419.9112097174586,5
2024-09-19 11:23:26.548000,419.9019599288332,13
2024-09-19 11:23:26.593000,419.8964257294136,101
2024-09-19 11:23:26.851000,419.8892542124095,103
2024-09-19 11:23:27.161000,419.894734934264,15
2024-09-19 11:23:27.166000,419.88749537939646,999
2024-09-19 11:23:27.200000,419.8866826561506,996
2024-09-19 11:23:27.245000,419.9109449876876,8
2024-09-19 11:23:27.326000,419.8689809988792,99
2024-09-19 11:23:27.555000,419.8733882475405,1000
2024-09-19 11:23:27.601000,419.8737529687462,97
2024-09-19 11:23:27.751000,419.8631893711269,999
2024-09-19 11:23:27.771000,419.8894199234183,102
2024-09-19 11:23:28.052000,419.8705682638461,1000
2024-09-19 11:23:28.058000,419.9092105118879,12
2024-09-19 11:23:28.109000,419.8991633497912,14
2024-09-19 11:23:28.146000,419.8758283309184,998
2024-09-19 11:23:28.147000,419.8856052998162,10
2024-09-19 11:23:28.218000,419.8666930762298,1004
2024-09-19 11:23:28.236000,419.8560209745129,104
2024-09-19 11:23:28.296000,419.8849113846532,6
2024-09-19 11:23:28.366000,419.8876605618044,999
2024-09-19 11:23:28.393000,419.8681998490978,15
2024-09-19 11:23:28.457000,419.88222185856506,9
2024-09-19 11:23:28.460000,419.87586203662215,1002
2024-09-19 11:23:28.467000,419.8769595870241,101
2024-09-19 11:23:28.470000,419.853701773825,995
2024-09-19 11:23:28.489000,419.8589677284675,98
2024-09-19 11:23:28.529000,419.86740347347467,999
2024-09-19 11:23:28.604000,419.8434716623669,7
2024-09-19 11:23:28.660000,419.9008837965077,13
2024-09-19 11:23:28.725000,419.8488907916436,1003
2024-09-19 11:23:28.740000,419.8715596933516,98
2024-09-19 11:23:28.772000,419.8698160180225,998
2024-09-19 11:23:28.780000,419.85138310576616,998
2024-09-19 11:23:28.790000,419.8557963534844,6
2024-09-19 11:23:28.814000,419.8577755149514,996
2024-09-19 11:23:28.834000,419.8828962639714,13
2024-09-19 11:23:28.844000,419.84377227217306,997
2024-09-19 11:23:28.872000,419.8758930848242,104
2024-09-19 11:23:28.885000,419.8700951237218,103
2024-09-19 11:23:29.336000,419.85474738259006,9
2024-09-19 11:23:29.401000,419.878017520012,103
2024-09-19 11:23:29.602000,419.8769935024828,1003
2024-09-19 11:23:29.694000,419.88279304540055,995
2024-09-19 11:23:29.745000,419.8621727844512,8
2024-09-19 11:23:29.745000,419.8801180001248,1002
2024-09-19 11:23:29.774000,419.8753382397068,1003
2024-09-19 11:23:29.870000,419.87626058444016,95
2024-09-19 11:23:30.020000,419.8681530789928,995
2024-09-19 11:23:30.085000,419.8276866145406,7
2024-09-19 11:23:30.085000,419.8754845692995,5
2024-09-19 11:23:30.095000,419.843314990912,7
2024-09-19 11:23:30.111000,419.8439315963415,13
2024-09-19 11:23:30.158000,419.8538417816265,1005
2024-09-19 11:23:30.217000,419.8495360034433,1001
2024-09-19 11:23:30.238000,419.8703267598113,996
2024-09-19 11:23:30.245000,419.9075442682444,1004
2024-09-19 11:23:30.272000,419.8487157359496,14
2024-09-19 11:23:30.326000,419.8439216435519,1002
2024-09-19 11:23:30.328000,419.824758798139,998
2024-09-19 11:23:30.406000,419.8699308621488,9
2024-09-19 11:23:30.436000,419.8551055650002,1003
2024-09-19 11:23:30.469000,419.8161854166314,997
2024-09-19 11:23:30.548000,419.84141772926864,102
2024-09-19 11:23:30.576000,419.8325305945992,997
2024-09-19 11:23:30.606000,419.8783117807527,97
2024-09-19 11:23:30.609000,419.8765764193449,996
2024-09-19 11:23:30.638000,419.88408441974536,1000
2024-09-19 11:23:30.674000,419.8420464202651,999
2024-09-19 11:23:30.706000,419.8820888297207,1000
2024-09-19 11:23:30.773000,419.902949905562,13
2024-09-19 11:23:30.798000,419.8630797346152,1003
2024-09-19 11:23:30.886000,419.8721332084466,997
2024-09-19 11:23:30.902000,419.86097276902507,9
2024-09-19 11:23:30.910000,419.8896658348023,995
2024-09-19 11:23:30.934000,419.8879598865767,7
2024-09-19 11:23:31.043000,419.8618215033868,98
2024-09-19 11:23:31.073000,419.8139202951351,998
2024-09-19 11:23:31.094000,419.8605554334136,998
2024-09-19 11:23:31.108000,419.8701394026939,102
2024-09-19 11:23:31.174000,419.8060054955092,1000
2024-09-19 11:23:31.260000,419.8178556456007,9
2024-09-19 11:23:31.418000,419.8174377052793,1003
2024-09-19 11:23:31.438000,419.8264302288079,12
2024-09-19 11:23:31.451000,419.82802317496805,12
2024-09-19 11:23:31.455000,419.8027073272908,103
2024-09-19 11:23:31.644000,419.8511399119017,1001
2024-09-19 11:23:31.721000,419.8512130384247,995
2024-09-19 11:23:31.783000,419.8571349103512,6
2024-09-19 11:23:31.835000,419.8316232526906,8
2024-09-19 11:23:31.837000,419.8531739913756,99
2024-09-19 11:23:31.842000,419.8578956524842,104
2024-09-19 11:23:31.886000,419.8249771839138,104
2024-09-19 11:23:31.949000,419.8688073490304,997
2024-09-19 11:23:32.049000,419.84132609902105,14
2024-09-19 11:23:32.059000,419.866563301694,97
2024-09-19 11:23:32.166000,419.8325036856368,98
2024-09-19 11:23:32.488000,419.8368651146018,6
2024-09-19 11:23:32.707000,419.85823101468463,997
2024-09-19 11:23:32.719000,419.8355733730119,97
2024-09-19 11:23:32.750000,419.8528462617829,13
2024-09-19 11:23:32.805000,419.84088903433656,103
2024-09-19 11:23:32.917000,419.8351258505445,15
2024-09-19 11:23:32.974000,419.84604379985257,5
2024-09-19 11:23:33.194000,419.8776751933575,97
2024-09-19 11:23:33.296000,419.8867944090092,14
2024-09-19 11:23:33.979000,419.87922843315977,997
2024-09-19 11:23:34.022000,419.951812273242,95
2024-09-19 11:23:34.027000,419.9751519131899,99
2024-09-19 11:23:34.049000,420.0120150503435,9
2024-09-19 11:23:34.055000,419.9597306051214,1001
2024-09-19 11:23:34.077000,420.0112658792266,104
2024-09-19 11:23:34.146000,419.9628930680367,1000
2024-09-19 11:23:34.157000,419.9689412539346,95
2024-09-19 11:23:34.271000,420.006792978993,7
2024-09-19 11:23:34.308000,419.9857984768392,104
2024-09-19 11:23:34.333000,419.9058581228952,998
2024-09-19 11:23:34.407000,419.9887472041224,15
2024-09-19 11:23:34.511000,419.9607132836544,7
2024-09-19 11:23:34.526000,419.9572189724433,1003
2024-09-19 11:23:34.665000,420.0150180934107,9
2024-09-19 11:23:34.678000,419.9701199598997,8
2024-09-19 11:23:34.713000,419.9348896792889,9
2024-09-19 11:23:34.717000,419.96762872185167,1002
2024-09-19 11:23:34.751000,419.9547785818643,1002
2024-09-19 11:23:34.759000,419.95814168755294,98
2024-09-19 11:23:34.798000,420.0001359925282,1001
2024-09-19 11:23:34.859000,419.9671496318825,1002
2024-09-19 11:23:34.862000,420.008165128476,14
2024-09-19 11:23:34.923000,419.9192712136618,97
2024-09-19 11:23:34.987000,420.0015770682926,102
2024-09-19 11:23:34.994000,419.9969486920883,13
2024-09-19 11:23:36.004000,420.0629116145959,105
2024-09-19 11:23:36.124000,420.058993067723,1000
2024-09-19 11:23:36.334000,420.0483665062871,997
2024-09-19 11:23:36.411000,420.043098523372,102
2024-09-19 11:23:36.431000,420.02211108057446,105
2024-09-19 11:23:36.566000,420.0559126838851,102
2024-09-19 11:23:36.624000,420.0623019424799,1003
2024-09-19 11:23:36.732000,420.0458415297517,1004
2024-09-19 11:23:36.856000,420.04781173587,998
2024-09-19 11:23:36.913000,420.07940841626873,104
2024-09-19 11:23:36.999000,420.0641300889755,105
2024-09-19 11:23:38.112000,420.09278557481673,1005
2024-09-19 11:23:38.270000,420.1387148342888,1002
2024-09-19 11:23:38.306000,420.0987037037197,15
2024-09-19 11:23:38.336000,420.0758727865537,1005
2024-09-19 11:23:38.369000,420.0810949909561,995
2024-09-19 11:23:38.379000,420.14571532926135,11
2024-09-19 11:23:38.392000,420.1095535666895,8
2024-09-19 11:23:38.501000,420.0748398687698,1004
2024-09-19 11:23:38.511000,420.0888313657599,104
2024-09-19 11:23:38.665000,420.09181391020064,102
2024-09-19 11:23:38.667000,420.1612275269779,14
2024-09-19 11:23:38.684000,420.1668255206544,1005
2024-09-19 11:23:38.816000,420.09907178138985,104
2024-09-19 11:23:38.912000,420.0853585050601,1003
2024-09-19 11:23:38.949000,420.108458824198,995
2024-09-19 11:23:38.999000,420.0805831522415,103
2024-09-19 11:23:39.083000,420.1642632282759,5
2024-09-19 11:23:39.094000,420.2174474015356,1004
2024-09-19 11:23:39.132000,420.2253218697456,1005
2024-09-19 11:23:39.147000,420.1999598402432,7
2024-09-19 11:23:39.211000,420.17380012425104,11
2024-09-19 11:23:39.236000,420.2107771723296,997
2024-09-19 11:23:39.268000,420.1897206085407,100
2024-09-19 11:23:39.298000,420.20113071063554,100
2024-09-19 11:23:39.343000,420.2287895532437,8
2024-09-19 11:23:39.367000,420.228125404531,101
2024-09-19 11:23:39.601000,420.1672833264197,1004
2024-09-19 11:23:39.649000,420.1941037951085,14
2024-09-19 11:23:39.699000,420.172939080378,10
2024-09-19 11:23:39.895000,420.2174132679484,12
2024-09-19 11:23:39.901000,420.1978600678364,97
2024-09-19 11:23:39.921000,420.2264099590725,1005
2024-09-19 11:23:39.935000,420.2006910919032,105
2024-09-19 11:23:39.948000,420.20748041400896,101
2024-09-19 11:23:40.014000,420.1792410892433,99
2024-09-19 11:23:40.426000,420.1990027293672,103
2024-09-19 11:23:40.426000,420.2014489052203,96
2024-09-19 11:23:40.447000,420.18252879001153,996
2024-09-19 11:23:40.511000,420.20593777549175,1000
2024-09-19 11:23:40.769000,420.18652336602815,12
2024-09-19 11:23:40.800000,420.1923024513054,1002
2024-09-19 11:23:40.825000,420.1741027975525,1002
2024-09-19 11:23:41.199000,420.2330730448549,14
2024-09-19 11:23:41.248000,420.2193333995463,9
2024-09-19 11:23:41.461000,420.2298109664236,96
2024-09-19 11:23:41.602000,420.2245066801305,8
2024-09-19 11:23:41.773000,420.22735350936887,1002
2024-09-19 11:23:41.796000,420.22202594181965,12
2024-09-19 11:23:41.889000,420.24149879241565,15
2024-09-19 11:23:42.224000,420.2585896637966,101
2024-09-19 11:23:42.496000,420.2596660521095,5
2024-09-19 11:23:42.565000,420.2660965229477,997
2024-09-19 11:23:43.149000,420.2794186645445,12
2024-09-19 11:23:43.183000,420.2552339522983,1000
2024-09-19 11:23:43.220000,420.2788259700735,104
2024-09-19 11:23:43.328000,420.2725103894141,1005
2024-09-19 11:23:43.494000,420.2729957769813,102
2024-09-19 11:23:43.938000,420.2757273639983,15
2024-09-19 11:23:43.961000,420.2906111556633,14
2024-09-19 11:23:44.012000,420.315492615747,100
2024-09-19 11:23:44.072000,420.2747315272756,104
2024-09-19 11:23:44.099000,420.2745160869751,1003
2024-09-19 11:23:44.124000,420.29075602501575,98
2024-09-19 11:23:44.173000,420.2949893805946,96
2024-09-19 11:23:44.263000,420.27307221060806,14
2024-09-19 11:23:44.264000,420.284664350178,95
2024-09-19 11:23:44.315000,420.2883576132282,10
2024-09-19 11:23:44.341000,420.2694254976833,102
2024-09-19 11:23:44.378000,420.2658783164711,104
2024-09-19 11:23:44.427000,420.25226531550186,96
2024-09-19 11:23:44.432000,420.2869499053167,996
2024-09-19 11:23:44.448000,420.2616071938108,8
2024-09-19 11:23:44.469000,420.2935609927353,999
2024-09-19 11:23:44.478000,420.2728494565424,100
2024-09-19 11:23:44.514000,420.2900949694566,1003
2024-09-19 11:23:44.527000,420.2979105137048,999
2024-09-19 11:23:44.528000,420.2519482727162,102
2024-09-19 11:23:44.563000,420.2861476571094,998
2024-09-19 11:23:44.594000,420.25951380542,1000
2024-09-19 11:23:44.633000,420.26616424013145,103
2024-09-19 11:23:44.633000,420.2569138786632,996
2024-09-19 11:23:44.743000,420.2835241137911,7
2024-09-19 11:23:44.752000,420.27996454691487,8
2024-09-19 11:23:44.849000,420.2945383059856,12
2024-09-19 11:23:44.901000,420.2657393733542,13
2024-09-19 11:23:44.901000,420.2983782769612,99
2024-09-19 11:23:45.005000,420.2890421221504,997
2024-09-19 11:23:45.102000,420.283694928837,1000
2024-09-19 11:23:45.277000,420.2630956827,99
2024-09-19 11:23:45.308000,420.27165566162654,104
2024-09-19 11:23:45.356000,420.2815759369949,100
2024-09-19 11:23:45.409000,420.2873741849583,996
2024-09-19 11:23:45.434000,420.2729007405508,1001
2024-09-19 11:23:45.469000,420.2640577840368,101
2024-09-19 11:23:45.474000,420.2775920515545,1000
2024-09-19 11:23:45.495000,420.2850686035755,1001
2024-09-19 11:23:45.577000,420.2776225249664,8
2024-09-19 11:23:45.594000,420.2856782785077,8
2024-09-19 11:23:45.633000,420.2716269759381,95
2024-09-19 11:23:45.735000,420.2562451319198,13
2024-09-19 11:23:45.757000,420.262364806219,998
2024-09-19 11:23:45.798000,420.2748096211014,12
2024-09-19 11:23:45.913000,420.2594821956265,998
2024-09-19 11:23:45.942000,420.288576621008,95
2024-09-19 11:23:45.975000,420.2761718085252,99
2024-09-19 11:23:45.981000,420.2966693767717,13
2024-09-19 11:23:46.009000,420.2866352559286,96
2024-09-19 11:23:46.046000,420.2402286571344,7
2024-09-19 11:23:46.053000,420.29532810822,1004
2024-09-19 11:23:46.068000,420.3053303926287,103
2024-09-19 11:23:46.112000,420.2936245903952,995
2024-09-19 11:23:46.120000,420.2593501993949,15
2024-09-19 11:23:46.183000,420.2814771866603,996
2024-09-19 11:23:46.190000,420.2296588211804,995
2024-09-19 11:23:46.212000,420.2847626696723,13
2024-09-19 11:23:46.225000,420.2998115890506,8
2024-09-19 11:23:46.229000,420.31634921348393,1000
2024-09-19 11:23:46.304000,420.2470883808291,101
2024-09-19 11:23:46.408000,420.284751633917,1004
2024-09-19 11:23:46.436000,420.2470625010679,15
2024-09-19 11:23:46.476000,420.2892800028308,97
2024-09-19 11:23:46.521000,420.29386254455807,15
2024-09-19 11:23:46.540000,420.26963780524073,997
2024-09-19 11:23:46.558000,420.2893184460382,12
2024-09-19 11:23:46.740000,420.2943605730198,14
2024-09-19 11:23:46.747000,420.23820109117423,95
2024-09-19 11:23:46.990000,420.2499838856014,13
2024-09-19 11:23:47.086000,420.25035930591713,1000
2024-09-19 11:23:47.265000,420.22440151661925,11
2024-09-19 11:23:47.360000,420.2720071826633,13
2024-09-19 11:23:47.390000,420.2260626541212,101
2024-09-19 11:23:47.438000,420.25048847348,10
2024-09-19 11:23:47.573000,420.2407861653728,997
2024-09-19 11:23:47.613000,420.2572649269014,1000
2024-09-19 11:23:47.635000,420.2332364011372,99
2024-09-19 11:23:47.929000,420.2664830105174,101
2024-09-19 11:23:48.022000,420.1336605895004,12
2024-09-19 11:23:48.051000,420.232099555463,1004
2024-09-19 11:23:48.065000,420.22935095292667,104
2024-09-19 11:23:48.138000,420.1529409480282,95
2024-09-19 11:23:48.152000,420.13798018551495,100
2024-09-19 11:23:48.177000,420.2174378803725,100
2024-09-19 11:23:48.182000,420.2427778089904,105
2024-09-19 11:23:48.288000,420.1337426561643,998
2024-09-19 11:23:48.377000,420.13366283347705,996
2024-09-19 11:23:48.415000,420.2075350272891,104
2024-09-19 11:23:48.504000,420.2217632946652,97
2024-09-19 11:23:48.520000,420.2128759714771,7
2024-09-19 11:23:48.548000,420.2038113154439,1004
2024-09-19 11:23:48.573000,420.24519060406215,15
2024-09-19 11:23:48.579000,420.1349064062841,11
2024-09-19 11:23:48.593000,420.2503259866265,5
2024-09-19 11:23:48.604000,420.20138993660686,1000
2024-09-19 11:23:48.612000,420.15114402950974,995
2024-09-19 11:23:48.617000,420.2022651150812,7
2024-09-19 11:23:48.629000,420.2394325921019,1001
2024-09-19 11:23:48.668000,420.20291768310886,13
2024-09-19 11:23:48.686000,420.1512230460338,100
2024-09-19 11:23:48.695000,420.24621657343147,1003
2024-09-19 11:23:48.825000,420.1461424612872,101
2024-09-19 11:23:48.940000,420.1646369613776,11
2024-09-19 11:23:48.965000,420.2076037955431,101
2024-09-19 11:23:48.987000,420.2044123979989,6
2024-09-19 11:23:49.242000,420.08263958445593,14
2024-09-19 11:23:49.298000,420.063701401936,6
2024-09-19 11:23:49.336000,420.1118059923485,996
2024-09-19 11:23:49.348000,420.1131719977903,1000
2024-09-19 11:23:49.394000,420.06938045895095,10
2024-09-19 11:23:49.397000,420.1356006149071,95
2024-09-19 11:23:49.399000,420.121587598258,10
2024-09-19 11:23:49.468000,420.07594294799554,13
2024-09-19 11:23:49.504000,420.0657852814269,997
2024-09-19 11:23:49.604000,420.0923216431852,1003
2024-09-19 11:23:49.621000,420.0994078480596,996
2024-09-19 11:23:49.695000,420.0873228956108,999
2024-09-19 11:23:49.746000,420.07730467351416,995
2024-09-19 11:23:49.750000,420.0739387223858,1002
2024-09-19 11:23:49.884000,420.0807120989135,8
2024-09-19 11:23:49.951000,420.05274013710846,98
2024-09-19 11:23:50.019000,420.1165481113576,96
2024-09-19 11:23:50.057000,420.0896052527572,96
2024-09-19 11:23:50.062000,420.1447848843594,1003
2024-09-19 11:23:50.199000,420.1459416898103,1004
2024-09-19 11:23:50.247000,420.1410316886058,1004
2024-09-19 11:23:50.280000,420.148615006962,1003
2024-09-19 11:23:50.381000,420.1283565826488,99
2024-09-19 11:23:50.414000,420.1177525907933,997
2024-09-19 11:23:50.426000,420.12480663541015,9
2024-09-19 11:23:50.618000,420.1448746411781,98
2024-09-19 11:23:50.791000,420.1419825945583,999
2024-09-19 11:23:50.827000,420.1077411489006,999
2024-09-19 11:23:50.841000,420.1053960197151,100
2024-09-19 11:23:50.939000,420.1333447574624,14
2024-09-19 11:23:51.043000,420.1143548150054,103
2024-09-19 11:23:51.156000,420.12200365275936,97
2024-09-19 11:23:51.179000,420.1544575328377,10
2024-09-19 11:23:51.217000,420.10636354542015,105
2024-09-19 11:23:51.224000,420.1223423531661,101
2024-09-19 11:23:51.250000,420.1291104015875,14
2024-09-19 11:23:51.289000,420.1338185280724,103
2024-09-19 11:23:51.318000,420.1060320725971,14
2024-09-19 11:23:51.459000,420.1313669620404,1005
2024-09-19 11:23:51.531000,420.1658819819836,105
2024-09-19 11:23:51.546000,420.1139319225511,9
2024-09-19 11:23:51.563000,420.1451447557999,11
2024-09-19 11:23:51.597000,420.0963463100975,995
2024-09-19 11:23:51.608000,420.12822129110697,999
2024-09-19 11:23:51.618000,420.1668284616529,999
2024-09-19 11:23:51.637000,420.1131902855147,5
2024-09-19 11:23:51.693000,420.12628174654776,5
2024-09-19 11:23:51.749000,420.1335365320999,13
2024-09-19 11:23:52.002000,420.1580853182791,7
2024-09-19 11:23:52.016000,420.1680451829682,100
2024-09-19 11:23:52.067000,420.153729193931,15
2024-09-19 11:23:52.092000,420.1817907679398,101
2024-09-19 11:23:52.145000,420.16275688171794,1004
2024-09-19 11:23:52.203000,420.1695671938878,1002
2024-09-19 11:23:52.219000,420.1653060163445,1000
2024-09-19 11:23:52.227000,420.1934668843214,97
2024-09-19 11:23:52.313000,420.1619618907749,100
2024-09-19 11:23:52.382000,420.14201549635976,102
2024-09-19 11:23:52.398000,420.1791509965164,13
2024-09-19 11:23:52.450000,420.17969470934224,1000
2024-09-19 11:23:52.478000,420.1764688233634,6
2024-09-19 11:23:52.556000,420.1736203278018,97
2024-09-19 11:23:52.688000,420.17879483927993,14
2024-09-19 11:23:52.937000,420.1692504328197,13
2024-09-19 11:23:52.946000,420.1494121298873,96
2024-09-19 11:23:52.956000,420.166861229646,1000
2024-09-19 11:23:52.988000,420.2007555016313,999
2024-09-19 11:23:53.053000,420.1229453301418,98
2024-09-19 11:23:53.144000,420.1158515994129,14
2024-09-19 11:23:53.151000,420.12151894921584,11
2024-09-19 11:23:53.241000,420.1590429269679,13
2024-09-19 11:23:53.332000,420.1755693217826,100
2024-09-19 11:23:53.341000,420.1550929460124,1004
2024-09-19 11:23:53.371000,420.1587529659714,12
2024-09-19 11:23:53.431000,420.14587104596217,99
2024-09-19 11:23:53.438000,420.1432718335072,995
2024-09-19 11:23:53.455000,420.079895297158,100
2024-09-19 11:23:53.483000,420.16123137869255,15
2024-09-19 11:23:53.507000,420.1794154456053,10
2024-09-19 11:23:53.521000,420.0911489454828,98
2024-09-19 11:23:53.537000,420.16110065453057,8
2024-09-19 11:23:53.669000,420.15231256243226,996
2024-09-19 11:23:53.678000,420.1802349299399,1003
2024-09-19 11:23:53.726000,420.1653492932047,1005
2024-09-19 11:23:53.784000,420.14512529006674,995
2024-09-19 11:23:53.916000,420.0764881279031,105
2024-09-19 11:23:53.961000,420.0844089114028,10
2024-09-19 11:23:54.087000,420.0845679752565,5
2024-09-19 11:23:54.182000,420.0855868941377,1005
2024-09-19 11:23:54.193000,420.0866138237929,97
2024-09-19 11:23:54.208000,420.0866615954457,97
2024-09-19 11:23:54.305000,420.0885689798948,99
2024-09-19 11:23:54.327000,420.0971572667798,102
2024-09-19 11:23:54.344000,420.107877672093,1000
2024-09-19 11:23:54.443000,420.0928855661779,11
2024-09-19 11:23:54.475000,420.0704147485914,104
2024-09-19 11:23:54.493000,420.09708887048464,11
2024-09-19 11:23:54.554000,420.10483515224655,100
2024-09-19 11:23:54.566000,420.0781634510616,5
2024-09-19 11:23:54.574000,420.0886092519308,99
2024-09-19 11:23:54.600000,420.1003027790285,100
2024-09-19 11:23:54.621000,420.0996482026336,1004
2024-09-19 11:23:54.668000,420.1129302264481,996
2024-09-19 11:23:54.711000,420.0935470087731,105
2024-09-19 11:23:54.854000,420.0800397130856,1005
2024-09-19 11:23:54.863000,420.07094191189896,6
2024-09-19 11:23:54.903000,420.08273202358896,101
2024-09-19 11:23:54.928000,420.0777473778775,105
2024-09-19 11:23:54.968000,420.13951037201866,8
2024-09-19 11:23:54.988000,420.0808991882626,997
2024-09-19 11:23:55.007000,420.1352340390925,96
2024-09-19 11:23:55.045000,420.15393204179856,100
2024-09-19 11:23:55.074000,420.1427416453912,101
2024-09-19 11:23:55.077000,420.1250755653608,996
2024-09-19 11:23:55.104000,420.1432444573035,998
2024-09-19 11:23:55.164000,420.1738248302189,7
2024-09-19 11:23:55.184000,420.1577261657942,998
2024-09-19 11:23:55.192000,420.1177450104095,1005
2024-09-19 11:23:55.236000,420.1440242202471,5
2024-09-19 11:23:55.257000,420.1408725001943,100
2024-09-19 11:23:55.328000,420.1456347611511,7
2024-09-19 11:23:55.333000,420.1353463780145,998
2024-09-19 11:23:55.391000,420.1523771218447,1001
2024-09-19 11:23:55.391000,420.1152390678141,103
2024-09-19 11:23:55.417000,420.1396308497338,998
2024-09-19 11:23:55.530000,420.1627009008495,98
2024-09-19 11:23:55.551000,420.1281246975156,8
2024-09-19 11:23:55.599000,420.1267835335572,99
2024-09-19 11:23:55.668000,420.1323406339296,12
2024-09-19 11:23:55.680000,420.1656524004919,15
2024-09-19 11:23:55.727000,420.1470365210168,15
2024-09-19 11:23:55.742000,420.1619666037077,103
2024-09-19 11:23:55.779000,420.13816830809367,96
2024-09-19 11:23:55.806000,420.1621612345901,105
2024-09-19 11:23:55.829000,420.1241565258067,1003
2024-09-19 11:23:55.952000,420.12355456868994,101
2024-09-19 11:23:55.995000,420.1209571433313,97
2024-09-19 11:23:56.080000,420.1130793074381,1004
2024-09-19 11:23:56.309000,420.0951256595825,105
2024-09-19 11:23:56.313000,420.0982001888175,105
2024-09-19 11:23:56.459000,420.13105017339575,1003
2024-09-19 11:23:56.577000,420.15245165920754,997
2024-09-19 11:23:56.647000,420.100524827465,15
2024-09-19 11:23:56.695000,420.1136154415892,1000
2024-09-19 11:23:56.709000,420.13588833935256,997
2024-09-19 11:23:56.879000,420.1321834922776,996
2024-09-19 11:23:57.054000,420.14908114579566,5
2024-09-19 11:23:57.087000,420.1040059252301,1003
2024-09-19 11:23:57.104000,420.0966505327957,103
2024-09-19 11:23:57.108000,420.1907200485914,99
2024-09-19 11:23:57.137000,420.19346220557054,95
2024-09-19 11:23:57.148000,420.1386078510824,98
2024-09-19 11:23:57.174000,420.1911304958716,1001
2024-09-19 11:23:57.185000,420.1805933685517,10
2024-09-19 11:23:57.192000,420.172857294838,100
2024-09-19 11:23:57.205000,420.1752986473703,995
2024-09-19 11:23:57.225000,420.13794805088713,101
2024-09-19 11:23:57.258000,420.13904939799744,1001
2024-09-19 11:23:57.266000,420.0923877007722,8
2024-09-19 11:23:57.368000,420.1709180575645,104
2024-09-19 11:23:57.400000,420.1324396539655,1004
2024-09-19 11:23:57.460000,420.11120651369583,97
2024-09-19 11:23:57.466000,420.11512964869695,1001
2024-09-19 11:23:57.496000,420.127906684537,996
2024-09-19 11:23:57.547000,420.09160713823377,12
2024-09-19 11:23:57.559000,420.10303753453337,99
2024-09-19 11:23:57.655000,420.08845256277135,1003
2024-09-19 11:23:57.820000,420.1392699376302,7
2024-09-19 11:23:57.963000,420.17874285354753,1000
2024-09-19 11:23:58.200000,420.205194745968,12
2024-09-19 11:23:58.609000,420.1898308385528,995
2024-09-19 11:23:58.899000,420.1893926196255,1001
2024-09-19 11:23:59.184000,420.1880943773348,97
2024-09-19 11:23:59.282000,420.2070280066475,1003
2024-09-19 11:23:59.309000,420.2036392392741,99
2024-09-19 11:23:59.344000,420.1779148636879,98
2024-09-19 11:23:59.464000,420.1968474354158,1003
2024-09-19 11:23:59.775000,420.2126859479434,103
2024-09-19 11:23:59.991000,420.1842105205481,995
