Timestamp,Price,Size
2024-09-18 10:21:00.013000,410.4692750674852,999
2024-09-18 10:21:00.016000,410.4533925380712,1001
2024-09-18 10:21:00.045000,410.55957416010426,999
2024-09-18 10:21:00.224000,410.50192329115686,15
2024-09-18 10:21:00.226000,410.5597181726836,99
2024-09-18 10:21:00.251000,410.5157232272072,95
2024-09-18 10:21:00.348000,410.4956659294758,95
2024-09-18 10:21:00.369000,410.5282354915816,999
2024-09-18 10:21:00.375000,410.55145944260687,10
2024-09-18 10:21:00.382000,410.5546503663791,99
2024-09-18 10:21:00.411000,410.4579579246218,96
2024-09-18 10:21:00.419000,410.43338425374367,6
2024-09-18 10:21:00.445000,410.4872969741276,14
2024-09-18 10:21:00.469000,410.5679773113536,996
2024-09-18 10:21:00.470000,410.54343529933146,98
2024-09-18 10:21:00.508000,410.4465211417774,105
2024-09-18 10:21:00.610000,410.4821494935771,1002
2024-09-18 10:21:00.768000,410.5700054623018,11
2024-09-18 10:21:00.775000,410.4667675893248,996
2024-09-18 10:21:00.842000,410.43423738684703,995
2024-09-18 10:21:00.852000,410.5461090706814,6
2024-09-18 10:21:00.888000,410.5766457348606,1000
2024-09-18 10:21:00.976000,410.47926189119056,15
2024-09-18 10:21:00.987000,410.4507441951861,5
2024-09-18 10:21:01.029000,410.5880195635689,998
2024-09-18 10:21:01.035000,410.50264248792905,996
2024-09-18 10:21:01.175000,410.5956063025979,1003
2024-09-18 10:21:01.190000,410.55753063036144,11
2024-09-18 10:21:01.341000,410.59309111809785,13
2024-09-18 10:21:01.352000,410.6131897466926,9
2024-09-18 10:21:01.425000,410.5287121023618,99
2024-09-18 10:21:01.483000,410.55194033692135,98
2024-09-18 10:21:01.513000,410.5656857782341,99
2024-09-18 10:21:01.633000,410.5135470141496,12
2024-09-18 10:21:01.639000,410.5865274851441,12
2024-09-18 10:21:01.720000,410.5687944545306,1003
2024-09-18 10:21:01.824000,410.5969302951749,1001
2024-09-18 10:21:01.931000,410.62604007803225,14
2024-09-18 10:21:01.940000,410.61048540884406,995
2024-09-18 10:21:03.350000,410.6208536428962,8
2024-09-18 10:21:03.450000,410.6175400603723,96
2024-09-18 10:21:03.761000,410.6308031370387,7
2024-09-18 10:21:03.778000,410.62230518291017,103
2024-09-18 10:21:04.057000,410.5687432408334,1005
2024-09-18 10:21:04.070000,410.5549978350699,999
2024-09-18 10:21:04.175000,410.57477914167487,12
2024-09-18 10:21:04.280000,410.56363162217576,99
2024-09-18 10:21:04.306000,410.5676865299014,103
2024-09-18 10:21:04.325000,410.5644888260617,98
2024-09-18 10:21:04.342000,410.5502679442952,96
2024-09-18 10:21:04.408000,410.58909848494096,999
2024-09-18 10:21:04.441000,410.5587800685127,14
2024-09-18 10:21:04.656000,410.5752147923381,1002
2024-09-18 10:21:04.687000,410.5810312582242,1005
2024-09-18 10:21:04.728000,410.6097311546167,996
2024-09-18 10:21:05.037000,410.5242610546243,11
2024-09-18 10:21:05.144000,410.5623824520907,96
2024-09-18 10:21:05.178000,410.549022389965,1001
2024-09-18 10:21:05.214000,410.5631875409859,7
2024-09-18 10:21:05.592000,410.5344855149209,995
2024-09-18 10:21:05.648000,410.5480198919189,996
2024-09-18 10:21:05.654000,410.565413245324,998
2024-09-18 10:21:05.735000,410.53582188190046,997
2024-09-18 10:21:05.782000,410.5667812816578,104
2024-09-18 10:21:05.823000,410.5454777895583,102
2024-09-18 10:21:05.852000,410.5475608866501,97
2024-09-18 10:21:06.420000,410.5239245452664,1003
2024-09-18 10:21:06.686000,410.5280960099346,996
2024-09-18 10:21:07.014000,410.5403886865786,14
2024-09-18 10:21:07.124000,410.5457990768503,12
2024-09-18 10:21:07.125000,410.511114799669,103
2024-09-18 10:21:07.188000,410.5288897614647,100
2024-09-18 10:21:07.195000,410.51282694710784,104
2024-09-18 10:21:07.248000,410.5194804055423,6
2024-09-18 10:21:07.337000,410.5115649547986,1000
2024-09-18 10:21:07.459000,410.51518217142166,1000
2024-09-18 10:21:07.464000,410.5082990005819,97
2024-09-18 10:21:07.485000,410.5096706439057,99
2024-09-18 10:21:07.575000,410.52656421369,10
2024-09-18 10:21:07.579000,410.51106935667127,1004
2024-09-18 10:21:07.591000,410.5116244578657,11
2024-09-18 10:21:07.660000,410.5126162138013,1003
2024-09-18 10:21:07.776000,410.5062198287317,105
2024-09-18 10:21:07.785000,410.55177584104433,98
2024-09-18 10:21:08.076000,410.5128864938997,10
2024-09-18 10:21:08.221000,410.4947992455564,13
2024-09-18 10:21:08.230000,410.5096516034791,1003
2024-09-18 10:21:08.244000,410.5111750636904,15
2024-09-18 10:21:08.249000,410.51009597294063,1000
2024-09-18 10:21:08.252000,410.5359867064242,999
2024-09-18 10:21:08.299000,410.5046609611709,105
2024-09-18 10:21:08.313000,410.4804048671177,1001
2024-09-18 10:21:08.330000,410.4833967162089,11
2024-09-18 10:21:08.414000,410.52501913689736,10
2024-09-18 10:21:08.508000,410.5285422813512,11
2024-09-18 10:21:08.567000,410.50409121228415,998
2024-09-18 10:21:08.636000,410.5084127060077,1004
2024-09-18 10:21:08.766000,410.51160815443495,995
2024-09-18 10:21:08.828000,410.51280440446953,105
2024-09-18 10:21:08.863000,410.5180168540372,10
2024-09-18 10:21:08.894000,410.523677035512,97
2024-09-18 10:21:08.924000,410.527001180129,999
2024-09-18 10:21:09.223000,410.5292225640659,13
2024-09-18 10:21:09.690000,410.52590947246455,105
2024-09-18 10:21:09.764000,410.5154133401751,1000
2024-09-18 10:21:10.035000,410.5569843750812,5
2024-09-18 10:21:10.869000,410.5397968824984,104
2024-09-18 10:21:10.954000,410.5592527456663,12
2024-09-18 10:21:10.961000,410.5307509555146,1004
2024-09-18 10:21:11.086000,410.5324580298961,6
2024-09-18 10:21:11.158000,410.51040796800095,96
2024-09-18 10:21:11.284000,410.50410435750825,999
2024-09-18 10:21:11.352000,410.494525803096,102
2024-09-18 10:21:11.398000,410.5183782127122,998
2024-09-18 10:21:11.413000,410.5569526186825,13
2024-09-18 10:21:11.586000,410.5124583819817,105
2024-09-18 10:21:11.594000,410.5590826285331,96
2024-09-18 10:21:11.595000,410.5173671847203,1001
2024-09-18 10:21:11.628000,410.57750987608034,997
2024-09-18 10:21:11.632000,410.5079811788739,996
2024-09-18 10:21:11.847000,410.575835453861,1002
2024-09-18 10:21:11.932000,410.5118496123159,96
2024-09-18 10:21:11.961000,410.5386400089759,998
2024-09-18 10:21:12.011000,410.514818316166,1002
2024-09-18 10:21:12.076000,410.5283096057743,98
2024-09-18 10:21:12.146000,410.5284067329944,1003
2024-09-18 10:21:12.287000,410.5340422133432,96
2024-09-18 10:21:12.457000,410.5238900308258,1002
2024-09-18 10:21:12.760000,410.5355355766216,102
2024-09-18 10:21:12.921000,410.5268764270186,100
2024-09-18 10:21:12.989000,410.5246335276568,7
2024-09-18 10:21:13.115000,410.5280406959503,6
2024-09-18 10:21:13.263000,410.564758449445,11
2024-09-18 10:21:13.279000,410.5356921747828,96
2024-09-18 10:21:13.346000,410.53540101870806,15
2024-09-18 10:21:13.390000,410.56466812681145,13
2024-09-18 10:21:13.563000,410.5242950722936,8
2024-09-18 10:21:13.614000,410.58478746018056,104
2024-09-18 10:21:13.641000,410.5571834594618,103
2024-09-18 10:21:13.791000,410.5180839852407,1002
2024-09-18 10:21:13.937000,410.5381339354053,5
2024-09-18 10:21:13.954000,410.5791804245072,103
2024-09-18 10:21:14.005000,410.55873432511765,105
2024-09-18 10:21:14.021000,410.5743354048519,999
2024-09-18 10:21:14.057000,410.6013504987526,995
2024-09-18 10:21:14.097000,410.6096436120569,11
2024-09-18 10:21:14.103000,410.593237096204,11
2024-09-18 10:21:14.229000,410.6118807435859,1000
2024-09-18 10:21:14.256000,410.5958906937183,12
2024-09-18 10:21:14.305000,410.62941178236366,1005
2024-09-18 10:21:14.310000,410.6221092608128,14
2024-09-18 10:21:14.314000,410.56507640136624,105
2024-09-18 10:21:14.367000,410.599100753496,101
2024-09-18 10:21:14.412000,410.5440397953078,104
2024-09-18 10:21:14.455000,410.6247691314433,8
2024-09-18 10:21:14.456000,410.6044198648432,5
2024-09-18 10:21:14.555000,410.5960402717696,997
2024-09-18 10:21:14.563000,410.5930921530587,99
2024-09-18 10:21:14.630000,410.5719823270084,103
2024-09-18 10:21:14.680000,410.5461829140349,7
2024-09-18 10:21:14.700000,410.60776512977776,95
2024-09-18 10:21:14.718000,410.6116349921627,997
2024-09-18 10:21:14.795000,410.59032039770847,15
2024-09-18 10:21:14.824000,410.6064503511038,996
2024-09-18 10:21:14.936000,410.5826249652978,1005
2024-09-18 10:21:15.188000,410.5631582915446,1001
2024-09-18 10:21:15.255000,410.5283883231386,102
2024-09-18 10:21:15.364000,410.5091972528272,5
2024-09-18 10:21:15.424000,410.49475700557,101
2024-09-18 10:21:15.449000,410.5052164228102,995
2024-09-18 10:21:15.561000,410.5712842804379,7
2024-09-18 10:21:15.567000,410.4981034290342,1000
2024-09-18 10:21:15.716000,410.5477775158941,13
2024-09-18 10:21:15.784000,410.4965421546429,6
2024-09-18 10:21:15.948000,410.48499112988816,1005
2024-09-18 10:21:17.131000,410.3568424513196,105
2024-09-18 10:21:17.184000,410.3928856733153,103
2024-09-18 10:21:17.205000,410.473691204554,1000
2024-09-18 10:21:17.226000,410.3914834216196,13
2024-09-18 10:21:17.266000,410.4411353790192,97
2024-09-18 10:21:17.295000,410.3859828839366,14
2024-09-18 10:21:17.359000,410.3733207478892,99
2024-09-18 10:21:17.446000,410.37319601365857,998
2024-09-18 10:21:17.467000,410.3850954373802,97
2024-09-18 10:21:17.470000,410.3398415279343,14
2024-09-18 10:21:17.504000,410.4532888694157,6
2024-09-18 10:21:17.522000,410.432697107502,1003
2024-09-18 10:21:17.671000,410.37730702593103,96
2024-09-18 10:21:17.701000,410.4403212631368,996
2024-09-18 10:21:17.774000,410.4704920593703,99
2024-09-18 10:21:17.822000,410.4249141274288,1005
2024-09-18 10:21:17.824000,410.348778673093,12
2024-09-18 10:21:17.844000,410.4652418124382,6
2024-09-18 10:21:17.888000,410.3468471753645,6
2024-09-18 10:21:17.908000,410.3840502593896,995
2024-09-18 10:21:17.947000,410.3759268154695,1001
2024-09-18 10:21:18.011000,410.35812943832224,100
2024-09-18 10:21:18.029000,410.3545083921245,10
2024-09-18 10:21:18.140000,410.3622852727575,103
2024-09-18 10:21:18.176000,410.388429387996,14
2024-09-18 10:21:18.221000,410.3474136222929,13
2024-09-18 10:21:18.227000,410.3794609964188,998
2024-09-18 10:21:18.286000,410.3712670825817,1003
2024-09-18 10:21:18.330000,410.37068312143975,14
2024-09-18 10:21:18.354000,410.3810115265658,1000
2024-09-18 10:21:18.401000,410.36581687622106,5
2024-09-18 10:21:18.421000,410.3783258924551,97
2024-09-18 10:21:18.437000,410.3630862200196,1004
2024-09-18 10:21:18.474000,410.3835832594494,995
2024-09-18 10:21:18.481000,410.3667666793116,96
2024-09-18 10:21:18.527000,410.3822616862561,96
2024-09-18 10:21:18.693000,410.3462345278254,5
2024-09-18 10:21:18.696000,410.3523898461647,104
2024-09-18 10:21:18.702000,410.3562226243544,97
2024-09-18 10:21:18.900000,410.3645400987106,100
2024-09-18 10:21:18.903000,410.3658802810508,5
2024-09-18 10:21:19.089000,410.3430456354317,100
2024-09-18 10:21:19.271000,410.3443620049695,6
2024-09-18 10:21:20.075000,410.3281022227607,102
2024-09-18 10:21:20.077000,410.3309444312711,998
2024-09-18 10:21:20.944000,410.3182003834523,96
2024-09-18 10:21:21.028000,410.3201973476245,99
2024-09-18 10:21:21.089000,410.35595085049096,15
2024-09-18 10:21:21.222000,410.36033771875714,1005
2024-09-18 10:21:21.240000,410.3332976005816,105
2024-09-18 10:21:21.286000,410.3128192725888,1000
2024-09-18 10:21:21.334000,410.3103792833845,101
2024-09-18 10:21:21.336000,410.3428411782543,95
2024-09-18 10:21:21.471000,410.3366454297717,13
2024-09-18 10:21:21.600000,410.31565862333366,95
2024-09-18 10:21:21.665000,410.334789362066,96
2024-09-18 10:21:21.668000,410.34428791548174,8
2024-09-18 10:21:21.722000,410.337738663597,999
2024-09-18 10:21:21.726000,410.3338087675387,1003
2024-09-18 10:21:21.729000,410.3660922368023,97
2024-09-18 10:21:21.736000,410.3194619561429,1005
2024-09-18 10:21:21.743000,410.3341011428511,97
2024-09-18 10:21:21.823000,410.3181836663928,100
2024-09-18 10:21:21.894000,410.3179243010241,1000
2024-09-18 10:21:22.049000,410.3935763113286,99
2024-09-18 10:21:22.059000,410.3838843750788,13
2024-09-18 10:21:22.086000,410.3385926003373,12
2024-09-18 10:21:22.091000,410.34662763286303,103
2024-09-18 10:21:22.219000,410.3336051667382,13
2024-09-18 10:21:22.258000,410.33810390563366,1005
2024-09-18 10:21:22.406000,410.3555617866325,1005
2024-09-18 10:21:22.411000,410.3425945218309,1005
2024-09-18 10:21:22.571000,410.38167334716064,12
2024-09-18 10:21:22.585000,410.3316311175944,14
2024-09-18 10:21:22.626000,410.3870126752204,98
2024-09-18 10:21:22.653000,410.34553868394215,11
2024-09-18 10:21:22.664000,410.3967688908086,1002
2024-09-18 10:21:22.678000,410.3755895673187,1001
2024-09-18 10:21:22.728000,410.3690317029949,15
2024-09-18 10:21:22.730000,410.38790857787023,104
2024-09-18 10:21:22.766000,410.37047936267874,96
2024-09-18 10:21:22.794000,410.36325567661095,105
2024-09-18 10:21:22.843000,410.3812249294834,99
2024-09-18 10:21:22.851000,410.3586097008064,9
2024-09-18 10:21:22.904000,410.3242578488952,6
2024-09-18 10:21:22.932000,410.3844090052783,100
2024-09-18 10:21:22.947000,410.39169832948215,1004
2024-09-18 10:21:23.025000,410.4285399004551,1004
2024-09-18 10:21:23.028000,410.4613191737076,1003
2024-09-18 10:21:23.048000,410.4489970317938,99
2024-09-18 10:21:23.145000,410.4255286054154,15
2024-09-18 10:21:23.146000,410.3651135287366,1003
2024-09-18 10:21:23.229000,410.468827405496,12
2024-09-18 10:21:23.263000,410.407119879925,101
2024-09-18 10:21:23.270000,410.431992119265,998
2024-09-18 10:21:23.389000,410.3929787878597,1004
2024-09-18 10:21:23.483000,410.3677709388422,1005
2024-09-18 10:21:23.537000,410.3920928249235,10
2024-09-18 10:21:23.545000,410.4289124358612,7
2024-09-18 10:21:23.566000,410.4392645967169,105
2024-09-18 10:21:23.577000,410.46672800033207,95
2024-09-18 10:21:23.626000,410.4263505209613,7
2024-09-18 10:21:23.792000,410.364301829474,995
2024-09-18 10:21:23.839000,410.4633326918747,14
2024-09-18 10:21:23.886000,410.3641120844767,6
2024-09-18 10:21:23.982000,410.41513041068856,98
2024-09-18 10:21:24.017000,410.4106985760085,14
2024-09-18 10:21:24.951000,410.3919568032407,98
2024-09-18 10:21:25.086000,410.3739861272137,998
2024-09-18 10:21:25.114000,410.38112681225147,1004
2024-09-18 10:21:25.134000,410.3808121176256,99
2024-09-18 10:21:25.179000,410.3946630701524,14
2024-09-18 10:21:25.186000,410.3669689911137,1003
2024-09-18 10:21:25.291000,410.3765754591795,1000
2024-09-18 10:21:25.408000,410.3519196018675,15
2024-09-18 10:21:25.568000,410.3840107626586,10
2024-09-18 10:21:25.601000,410.4030787372732,96
2024-09-18 10:21:25.648000,410.3833871463096,103
2024-09-18 10:21:25.679000,410.3477277233577,9
2024-09-18 10:21:25.799000,410.3956461396891,102
2024-09-18 10:21:25.830000,410.367853537882,997
2024-09-18 10:21:25.870000,410.3846023003109,1002
2024-09-18 10:21:25.913000,410.40203681724296,101
2024-09-18 10:21:25.920000,410.3708414036871,95
2024-09-18 10:21:25.944000,410.34639780767833,8
2024-09-18 10:21:26.537000,410.39488968712914,11
2024-09-18 10:21:26.814000,410.3940753521347,1001
2024-09-18 10:21:27.313000,410.4008221558371,1002
2024-09-18 10:21:27.383000,410.3658160888814,5
2024-09-18 10:21:27.657000,410.3658287321357,1003
2024-09-18 10:21:27.843000,410.3668312757522,15
2024-09-18 10:21:27.889000,410.4069841565158,995
2024-09-18 10:21:27.997000,410.38725712023313,995
2024-09-18 10:21:28.011000,410.31086144435744,8
2024-09-18 10:21:28.078000,410.3082128903651,98
2024-09-18 10:21:28.116000,410.3620882157629,11
2024-09-18 10:21:28.134000,410.32079495817067,102
2024-09-18 10:21:28.190000,410.357956901791,104
2024-09-18 10:21:28.217000,410.35111201390833,96
2024-09-18 10:21:28.301000,410.350174033838,13
2024-09-18 10:21:28.314000,410.3487115438307,998
2024-09-18 10:21:28.405000,410.3319013122874,8
2024-09-18 10:21:28.419000,410.3279473072019,100
2024-09-18 10:21:28.439000,410.3224523632517,102
2024-09-18 10:21:28.546000,410.3463012708718,105
2024-09-18 10:21:28.629000,410.3466328111981,104
2024-09-18 10:21:28.668000,410.30955564006086,996
2024-09-18 10:21:28.674000,410.3545434833863,11
2024-09-18 10:21:28.743000,410.3504929429617,105
2024-09-18 10:21:28.804000,410.34881224018727,105
2024-09-18 10:21:28.814000,410.3327429211551,101
2024-09-18 10:21:28.861000,410.3071402390922,9
2024-09-18 10:21:28.906000,410.2937898399714,101
2024-09-18 10:21:29.028000,410.30564183446666,10
2024-09-18 10:21:29.057000,410.3142844108333,5
2024-09-18 10:21:29.117000,410.31461927271374,105
2024-09-18 10:21:29.206000,410.3131849918803,1005
2024-09-18 10:21:29.232000,410.3288368670465,101
2024-09-18 10:21:29.254000,410.2769703552295,9
2024-09-18 10:21:29.257000,410.28541696071886,10
2024-09-18 10:21:29.293000,410.3268190542352,1002
2024-09-18 10:21:29.299000,410.3303619647021,8
2024-09-18 10:21:29.356000,410.2972398667534,1000
2024-09-18 10:21:29.358000,410.31730706235726,11
2024-09-18 10:21:29.420000,410.2927367222413,6
2024-09-18 10:21:29.458000,410.33384680384427,7
2024-09-18 10:21:29.488000,410.30070919661625,1002
2024-09-18 10:21:29.534000,410.3138804754238,15
2024-09-18 10:21:29.581000,410.305344785663,10
2024-09-18 10:21:29.667000,410.3013843534205,1001
2024-09-18 10:21:29.749000,410.32893097703777,99
2024-09-18 10:21:29.752000,410.3087026470136,15
2024-09-18 10:21:29.783000,410.2868723385316,996
2024-09-18 10:21:29.795000,410.2836677807064,96
2024-09-18 10:21:29.869000,410.2839447416716,995
2024-09-18 10:21:29.884000,410.3278156650193,1000
2024-09-18 10:21:29.946000,410.29728749066527,97
2024-09-18 10:21:29.962000,410.3060061236224,13
2024-09-18 10:21:30.017000,410.3583386359165,995
2024-09-18 10:21:30.037000,410.3798229585231,7
2024-09-18 10:21:30.058000,410.33348959925775,13
2024-09-18 10:21:30.063000,410.3554837252592,13
2024-09-18 10:21:30.083000,410.3355690858572,8
2024-09-18 10:21:30.175000,410.3239369013095,96
2024-09-18 10:21:30.215000,410.3429278360034,998
2024-09-18 10:21:30.315000,410.3529234712344,96
2024-09-18 10:21:30.337000,410.388563662023,8
2024-09-18 10:21:30.348000,410.3221867541593,15
2024-09-18 10:21:30.463000,410.3234541931822,996
2024-09-18 10:21:30.475000,410.3263307957597,99
2024-09-18 10:21:30.493000,410.3321893090359,13
2024-09-18 10:21:30.494000,410.314732162736,1004
2024-09-18 10:21:30.509000,410.36247205464247,1003
2024-09-18 10:21:30.543000,410.3256281795856,1000
2024-09-18 10:21:30.600000,410.3097745279158,1003
2024-09-18 10:21:30.620000,410.3537653756825,995
2024-09-18 10:21:30.689000,410.33550567932576,101
2024-09-18 10:21:30.705000,410.3321376883036,9
2024-09-18 10:21:30.736000,410.3064701359928,996
2024-09-18 10:21:30.768000,410.334441426325,12
2024-09-18 10:21:30.803000,410.35572953040094,7
2024-09-18 10:21:30.859000,410.32910136764406,995
2024-09-18 10:21:30.932000,410.3269632988601,995
2024-09-18 10:21:30.974000,410.3395325493674,97
2024-09-18 10:21:31.017000,410.3885770663383,95
2024-09-18 10:21:31.038000,410.3722146494232,8
2024-09-18 10:21:31.062000,410.4333512829173,999
2024-09-18 10:21:31.241000,410.39785056694177,98
2024-09-18 10:21:31.291000,410.3701905964821,12
2024-09-18 10:21:31.390000,410.3937224742395,1003
2024-09-18 10:21:31.404000,410.4112360785737,13
2024-09-18 10:21:31.426000,410.4420524057621,1001
2024-09-18 10:21:31.454000,410.3970380472582,96
2024-09-18 10:21:31.465000,410.39112259286446,1001
2024-09-18 10:21:31.494000,410.3683448375135,8
2024-09-18 10:21:31.499000,410.4051481786086,11
2024-09-18 10:21:31.550000,410.36720640973925,99
2024-09-18 10:21:31.574000,410.4000439015944,6
2024-09-18 10:21:31.579000,410.4300491007705,9
2024-09-18 10:21:31.716000,410.3907565104095,1003
2024-09-18 10:21:31.758000,410.41900204913895,1004
2024-09-18 10:21:31.763000,410.3821647447033,14
2024-09-18 10:21:31.827000,410.4032848593919,998
2024-09-18 10:21:31.863000,410.3749826217656,5
2024-09-18 10:21:31.868000,410.380266920592,1005
2024-09-18 10:21:31.882000,410.43079182742497,99
2024-09-18 10:21:31.886000,410.4136087250216,1003
2024-09-18 10:21:31.892000,410.3941554742888,9
2024-09-18 10:21:31.901000,410.43367174094334,14
2024-09-18 10:21:31.917000,410.439788003984,1002
2024-09-18 10:21:31.956000,410.3805131807271,999
2024-09-18 10:21:32.003000,410.4546225502015,97
2024-09-18 10:21:32.013000,410.468887006321,15
2024-09-18 10:21:32.033000,410.4815621900121,14
2024-09-18 10:21:32.040000,410.4729458254265,995
2024-09-18 10:21:32.094000,410.4804722313584,7
2024-09-18 10:21:32.235000,410.4617519209034,1000
2024-09-18 10:21:32.304000,410.4594957920684,7
2024-09-18 10:21:32.331000,410.4818018243783,99
2024-09-18 10:21:32.528000,410.46394193665697,95
2024-09-18 10:21:32.546000,410.4841524765928,100
2024-09-18 10:21:32.640000,410.4634262430556,996
2024-09-18 10:21:32.719000,410.4714133437686,998
2024-09-18 10:21:32.719000,410.4717474323209,1002
2024-09-18 10:21:32.755000,410.4657377917034,1001
2024-09-18 10:21:32.760000,410.4753183556098,1004
2024-09-18 10:21:32.812000,410.4772980771066,8
2024-09-18 10:21:32.857000,410.4634120508935,5
2024-09-18 10:21:32.918000,410.47435358155127,9
2024-09-18 10:21:32.979000,410.4470347721441,996
2024-09-18 10:21:33.004000,410.4729173943828,999
2024-09-18 10:21:33.060000,410.337004822233,104
2024-09-18 10:21:33.095000,410.4773358359252,105
2024-09-18 10:21:33.116000,410.470354905432,97
2024-09-18 10:21:33.117000,410.41487734920014,10
2024-09-18 10:21:33.295000,410.468786582276,11
2024-09-18 10:21:33.353000,410.48143035094006,1000
2024-09-18 10:21:33.359000,410.4429377184677,995
2024-09-18 10:21:33.425000,410.3731456403162,1000
2024-09-18 10:21:33.447000,410.3926020653164,1003
2024-09-18 10:21:33.476000,410.3644147049866,5
2024-09-18 10:21:33.487000,410.4609753569576,1004
2024-09-18 10:21:33.523000,410.46775572965385,1002
2024-09-18 10:21:33.556000,410.3489387313208,5
2024-09-18 10:21:33.580000,410.48526306138666,999
2024-09-18 10:21:33.592000,410.4601957926993,7
2024-09-18 10:21:33.622000,410.4320202295691,15
2024-09-18 10:21:33.737000,410.4243604242703,1000
2024-09-18 10:21:33.764000,410.45942370096,9
2024-09-18 10:21:33.778000,410.4451675002807,101
2024-09-18 10:21:33.856000,410.4490142580552,99
2024-09-18 10:21:33.879000,410.33262523767473,100
2024-09-18 10:21:34.025000,410.2994925899018,103
2024-09-18 10:21:34.082000,410.2741411585524,1005
2024-09-18 10:21:34.110000,410.353347014729,12
2024-09-18 10:21:34.113000,410.3445740145051,1000
2024-09-18 10:21:34.146000,410.3133531089708,96
2024-09-18 10:21:34.158000,410.2262712637609,1003
2024-09-18 10:21:34.241000,410.2425133320114,104
2024-09-18 10:21:34.299000,410.27588422815074,96
2024-09-18 10:21:34.301000,410.34532702173954,995
2024-09-18 10:21:34.302000,410.2592007623534,8
2024-09-18 10:21:34.352000,410.286576915268,96
2024-09-18 10:21:34.513000,410.2706421462896,999
2024-09-18 10:21:34.525000,410.2690905633227,1004
2024-09-18 10:21:34.569000,410.2682195673296,1000
2024-09-18 10:21:34.584000,410.3390906706941,1004
2024-09-18 10:21:34.607000,410.2727839642748,102
2024-09-18 10:21:34.679000,410.2736630715249,1005
2024-09-18 10:21:34.684000,410.3218159350184,98
2024-09-18 10:21:34.689000,410.3041522751983,98
2024-09-18 10:21:34.695000,410.222212875248,1005
2024-09-18 10:21:34.703000,410.2324903005604,99
2024-09-18 10:21:34.799000,410.2563971104504,14
2024-09-18 10:21:34.867000,410.2771616361308,15
2024-09-18 10:21:34.889000,410.27480878536886,997
2024-09-18 10:21:34.914000,410.296988467817,11
2024-09-18 10:21:36.050000,410.2289382394779,104
2024-09-18 10:21:36.120000,410.2585706706887,102
2024-09-18 10:21:36.185000,410.2496913930962,1002
2024-09-18 10:21:36.198000,410.23639844827215,104
2024-09-18 10:21:36.199000,410.2544201605103,998
2024-09-18 10:21:36.219000,410.21662952880047,997
2024-09-18 10:21:36.225000,410.2420682423621,1002
2024-09-18 10:21:36.284000,410.2278740751867,102
2024-09-18 10:21:36.292000,410.223129711843,103
2024-09-18 10:21:36.382000,410.235619208474,9
2024-09-18 10:21:36.458000,410.2556085543357,1004
2024-09-18 10:21:36.557000,410.2386302861815,102
2024-09-18 10:21:36.578000,410.2324943316723,13
2024-09-18 10:21:36.709000,410.23153835364025,11
2024-09-18 10:21:36.767000,410.25578933232765,998
2024-09-18 10:21:36.785000,410.265749781596,1001
2024-09-18 10:21:36.917000,410.23268471551165,5
2024-09-18 10:21:36.958000,410.2555512717565,14
2024-09-18 10:21:37.032000,410.2781777387408,10
2024-09-18 10:21:37.054000,410.3458078386103,998
2024-09-18 10:21:37.136000,410.3178476164501,996
2024-09-18 10:21:37.157000,410.3336093175527,96
2024-09-18 10:21:37.188000,410.3264781159682,996
2024-09-18 10:21:37.256000,410.3285341428075,996
2024-09-18 10:21:37.453000,410.3043731698561,100
2024-09-18 10:21:37.476000,410.3461160611732,997
2024-09-18 10:21:37.555000,410.2951172273037,1005
2024-09-18 10:21:37.700000,410.312743524148,14
2024-09-18 10:21:37.711000,410.349538414731,14
2024-09-18 10:21:37.762000,410.3208228433908,96
2024-09-18 10:21:37.810000,410.3474736952935,15
2024-09-18 10:21:37.867000,410.3436085058229,11
2024-09-18 10:21:37.874000,410.271563441793,95
2024-09-18 10:21:37.928000,410.2975047667375,7
2024-09-18 10:21:37.977000,410.3552595583404,997
2024-09-18 10:21:38.775000,410.357744951784,95
2024-09-18 10:21:39.004000,410.2714123499972,102
2024-09-18 10:21:39.033000,410.256990491435,99
2024-09-18 10:21:39.044000,410.3161933614095,98
2024-09-18 10:21:39.047000,410.3437504423615,1004
2024-09-18 10:21:39.048000,410.35800873443816,8
2024-09-18 10:21:39.068000,410.3427138797746,102
2024-09-18 10:21:39.196000,410.34241259693033,9
2024-09-18 10:21:39.253000,410.3374078466825,14
2024-09-18 10:21:39.272000,410.34324700419046,100
2024-09-18 10:21:39.322000,410.34671711098594,96
2024-09-18 10:21:39.354000,410.32736545171423,13
2024-09-18 10:21:39.418000,410.2807219995004,999
2024-09-18 10:21:39.444000,410.2934807239444,1001
2024-09-18 10:21:39.481000,410.30729382260256,998
2024-09-18 10:21:39.498000,410.2768246318819,13
2024-09-18 10:21:39.507000,410.2549915180581,996
2024-09-18 10:21:39.615000,410.3443547787096,1002
2024-09-18 10:21:39.616000,410.32346454656096,13
2024-09-18 10:21:39.775000,410.2502637294436,1004
2024-09-18 10:21:39.811000,410.3581825824039,105
2024-09-18 10:21:39.819000,410.2671126186205,15
2024-09-18 10:21:39.846000,410.3548702992379,103
2024-09-18 10:21:39.898000,410.3407555574872,101
2024-09-18 10:21:39.942000,410.3306344670964,1002
2024-09-18 10:21:39.953000,410.3364543796037,7
2024-09-18 10:21:39.967000,410.3032356441292,12
2024-09-18 10:21:40.008000,410.2730553135036,104
2024-09-18 10:21:40.009000,410.2821543847284,1004
2024-09-18 10:21:40.076000,410.2834795320031,95
2024-09-18 10:21:40.161000,410.2880842274723,104
2024-09-18 10:21:40.169000,410.250555076506,998
2024-09-18 10:21:40.282000,410.3142222906664,103
2024-09-18 10:21:40.371000,410.3318666441511,1005
2024-09-18 10:21:40.380000,410.3077550380266,12
2024-09-18 10:21:40.383000,410.3035704038031,10
2024-09-18 10:21:40.412000,410.2985180886962,104
2024-09-18 10:21:40.415000,410.2514122350782,1005
2024-09-18 10:21:40.433000,410.33773405542337,1003
2024-09-18 10:21:40.479000,410.2932598825169,1005
2024-09-18 10:21:40.497000,410.2830246007568,11
2024-09-18 10:21:40.524000,410.32822944678,99
2024-09-18 10:21:40.555000,410.2381552291412,104
2024-09-18 10:21:40.571000,410.3127983737826,98
2024-09-18 10:21:40.681000,410.3365060027814,998
2024-09-18 10:21:40.722000,410.2500844030903,98
2024-09-18 10:21:40.763000,410.3398844908381,997
2024-09-18 10:21:40.774000,410.2781320469244,1001
2024-09-18 10:21:40.784000,410.3320241646136,1000
2024-09-18 10:21:40.803000,410.2586197267509,100
2024-09-18 10:21:40.892000,410.3005865854209,7
2024-09-18 10:21:40.928000,410.2884670463686,98
2024-09-18 10:21:40.991000,410.3154103290182,9
2024-09-18 10:21:41.050000,410.23794080926905,998
2024-09-18 10:21:41.304000,410.2658262712907,6
2024-09-18 10:21:41.425000,410.2438527583334,8
2024-09-18 10:21:41.458000,410.2359351675261,1005
2024-09-18 10:21:41.530000,410.2493030767439,13
2024-09-18 10:21:41.601000,410.24452615477065,95
2024-09-18 10:21:41.682000,410.245739907969,97
2024-09-18 10:21:41.825000,410.2525663324299,102
2024-09-18 10:21:41.994000,410.26154586053696,1003
2024-09-18 10:21:41.997000,410.2390497884072,13
2024-09-18 10:21:42.036000,410.2552954726251,8
2024-09-18 10:21:42.141000,410.2753205750872,8
2024-09-18 10:21:42.153000,410.230810981394,1004
2024-09-18 10:21:42.247000,410.271911507889,104
2024-09-18 10:21:42.274000,410.28603401891576,14
2024-09-18 10:21:42.356000,410.26351464823904,96
2024-09-18 10:21:42.442000,410.2724186366161,102
2024-09-18 10:21:42.515000,410.2438903758751,996
2024-09-18 10:21:42.595000,410.249114241866,1000
2024-09-18 10:21:42.622000,410.2436156321573,5
2024-09-18 10:21:42.701000,410.2496388301537,1002
2024-09-18 10:21:42.722000,410.26478124579467,104
2024-09-18 10:21:42.760000,410.2748715558291,9
2024-09-18 10:21:42.854000,410.2287064970752,100
2024-09-18 10:21:42.885000,410.24819765791193,97
2024-09-18 10:21:42.995000,410.2331293831248,10
2024-09-18 10:21:43.011000,410.2079457167818,1001
2024-09-18 10:21:43.032000,410.2239041057573,13
2024-09-18 10:21:43.057000,410.2177673363073,13
2024-09-18 10:21:43.156000,410.2241233607005,95
2024-09-18 10:21:43.188000,410.2066702490001,6
2024-09-18 10:21:43.226000,410.1907898012505,11
2024-09-18 10:21:43.247000,410.2149646291692,7
2024-09-18 10:21:43.274000,410.263151068506,5
2024-09-18 10:21:43.368000,410.21943062481705,95
2024-09-18 10:21:43.505000,410.2518992727229,95
2024-09-18 10:21:43.518000,410.2284480286076,8
2024-09-18 10:21:43.527000,410.2072178936969,11
2024-09-18 10:21:43.592000,410.20758475046273,8
2024-09-18 10:21:43.740000,410.2276641082128,104
2024-09-18 10:21:43.747000,410.2320678159394,998
2024-09-18 10:21:43.761000,410.21549334117856,999
2024-09-18 10:21:43.763000,410.2159403135488,97
2024-09-18 10:21:43.769000,410.20222797683147,101
2024-09-18 10:21:43.800000,410.2124129071357,999
2024-09-18 10:21:43.944000,410.2286003126382,5
2024-09-18 10:21:44.053000,410.2213475819833,1004
2024-09-18 10:21:44.087000,410.241283989544,6
2024-09-18 10:21:44.098000,410.2283346757183,102
2024-09-18 10:21:44.134000,410.2302820903125,102
2024-09-18 10:21:44.165000,410.22465061998025,105
2024-09-18 10:21:44.308000,410.2148100648871,98
2024-09-18 10:21:44.351000,410.2138629302359,104
2024-09-18 10:21:44.399000,410.20645249155655,14
2024-09-18 10:21:44.526000,410.19296144911766,13
2024-09-18 10:21:44.553000,410.2571366870213,96
2024-09-18 10:21:44.596000,410.24771833257927,12
2024-09-18 10:21:44.652000,410.2200832696688,1005
2024-09-18 10:21:44.652000,410.2202780623652,96
2024-09-18 10:21:44.669000,410.2050897467287,998
2024-09-18 10:21:44.675000,410.2180448413815,1003
2024-09-18 10:21:44.692000,410.2348941867196,101
2024-09-18 10:21:44.708000,410.2422234786751,1001
2024-09-18 10:21:44.834000,410.24027623084174,104
2024-09-18 10:21:44.912000,410.228433557111,98
2024-09-18 10:21:44.969000,410.1985533040119,998
2024-09-18 10:21:45.138000,410.2208025521045,95
2024-09-18 10:21:45.632000,410.2033119983219,998
2024-09-18 10:21:46.293000,410.1818868581784,1004
2024-09-18 10:21:46.357000,410.20418503178615,9
2024-09-18 10:21:46.373000,410.2072681050249,999
2024-09-18 10:21:46.422000,410.2018184311389,999
2024-09-18 10:21:46.440000,410.2208918137365,999
2024-09-18 10:21:46.560000,410.1920872355495,101
2024-09-18 10:21:46.714000,410.1858456803742,98
2024-09-18 10:21:46.725000,410.1934242767602,999
2024-09-18 10:21:46.856000,410.2130402246952,1003
2024-09-18 10:21:46.882000,410.2164431413887,102
2024-09-18 10:21:46.993000,410.1844831647932,995
2024-09-18 10:21:47.014000,410.2427008026802,8
2024-09-18 10:21:47.094000,410.2776671769608,96
2024-09-18 10:21:47.115000,410.2733363404199,96
2024-09-18 10:21:47.117000,410.25338450567824,995
2024-09-18 10:21:47.142000,410.2679791908855,102
2024-09-18 10:21:47.171000,410.24428377602135,1001
2024-09-18 10:21:47.183000,410.2199619088606,1003
2024-09-18 10:21:47.247000,410.287886033983,1005
2024-09-18 10:21:47.340000,410.2572826420315,12
2024-09-18 10:21:47.471000,410.29532962748254,7
2024-09-18 10:21:47.474000,410.2764410312368,101
2024-09-18 10:21:47.501000,410.2537678795468,95
2024-09-18 10:21:47.643000,410.2625541749313,97
2024-09-18 10:21:47.683000,410.2430615223236,102
2024-09-18 10:21:47.704000,410.29756455226783,103
2024-09-18 10:21:47.747000,410.2656034463732,5
2024-09-18 10:21:47.796000,410.25476088814935,13
2024-09-18 10:21:47.828000,410.2685881325743,7
2024-09-18 10:21:47.838000,410.2386301836728,12
2024-09-18 10:21:47.839000,410.2916402144491,102
2024-09-18 10:21:47.886000,410.2231289962252,96
2024-09-18 10:21:47.929000,410.2676381608955,97
2024-09-18 10:21:47.944000,410.2555112820982,15
2024-09-18 10:21:47.950000,410.2458495822093,9
2024-09-18 10:21:47.950000,410.2417786133698,99
2024-09-18 10:21:48.008000,410.20035197076896,100
2024-09-18 10:21:48.045000,410.24054529568383,1004
2024-09-18 10:21:48.128000,410.1948990759479,8
2024-09-18 10:21:48.169000,410.2529110969946,7
2024-09-18 10:21:48.170000,410.2244713768352,98
2024-09-18 10:21:48.289000,410.2356126185108,97
2024-09-18 10:21:48.340000,410.28091813637616,1002
2024-09-18 10:21:48.382000,410.22677466314593,6
2024-09-18 10:21:48.392000,410.2380041532088,103
2024-09-18 10:21:48.413000,410.2336791649052,6
2024-09-18 10:21:48.418000,410.18853484637424,1003
2024-09-18 10:21:48.454000,410.28447437762287,98
2024-09-18 10:21:48.490000,410.2737088222291,1002
2024-09-18 10:21:48.491000,410.2992842167833,13
2024-09-18 10:21:48.538000,410.1895678697751,12
2024-09-18 10:21:48.616000,410.2091006560116,997
2024-09-18 10:21:48.663000,410.2789258248215,999
2024-09-18 10:21:48.718000,410.1921749449703,1005
2024-09-18 10:21:48.819000,410.2842750727594,998
2024-09-18 10:21:48.858000,410.18709716965054,103
2024-09-18 10:21:48.926000,410.1718761997721,999
2024-09-18 10:21:48.929000,410.2212841811105,101
2024-09-18 10:21:48.978000,410.1996590831481,101
2024-09-18 10:21:49.107000,410.2307279139393,1003
2024-09-18 10:21:49.170000,410.22153628634914,1002
2024-09-18 10:21:49.274000,410.23686533496186,1003
2024-09-18 10:21:49.363000,410.2382632572112,995
2024-09-18 10:21:49.394000,410.205923084011,104
2024-09-18 10:21:49.450000,410.20339659140814,1005
2024-09-18 10:21:49.577000,410.23072319816913,1005
2024-09-18 10:21:49.620000,410.2469983380521,98
2024-09-18 10:21:49.744000,410.2022210683279,14
2024-09-18 10:21:49.835000,410.23318197667686,104
2024-09-18 10:21:50.025000,410.19172001235296,105
2024-09-18 10:21:50.178000,410.212383474038,15
2024-09-18 10:21:50.180000,410.1937787419012,996
2024-09-18 10:21:50.308000,410.1868291246981,103
2024-09-18 10:21:50.873000,410.1700678698864,103
2024-09-18 10:21:51.040000,410.21080772126,6
2024-09-18 10:21:51.071000,410.2271688285354,101
2024-09-18 10:21:51.077000,410.17888424150266,101
2024-09-18 10:21:51.197000,410.19695399698406,105
2024-09-18 10:21:51.210000,410.1753361946833,1003
2024-09-18 10:21:51.266000,410.2304495202729,998
2024-09-18 10:21:51.277000,410.2511141742734,99
2024-09-18 10:21:51.394000,410.1604688585125,6
2024-09-18 10:21:51.422000,410.2505235689991,98
2024-09-18 10:21:51.454000,410.20844534074666,102
2024-09-18 10:21:51.481000,410.2131468186952,95
2024-09-18 10:21:51.485000,410.1777680950165,95
2024-09-18 10:21:51.523000,410.1866011947325,1005
2024-09-18 10:21:51.562000,410.2092088378574,105
2024-09-18 10:21:51.568000,410.16039775580447,95
2024-09-18 10:21:51.585000,410.1626393838057,995
2024-09-18 10:21:51.608000,410.1722995694424,1003
2024-09-18 10:21:51.618000,410.1731313982083,5
2024-09-18 10:21:51.627000,410.24822046165775,1004
2024-09-18 10:21:51.649000,410.1758368466658,7
2024-09-18 10:21:51.654000,410.250000742381,1001
2024-09-18 10:21:51.697000,410.2000650738863,996
2024-09-18 10:21:51.770000,410.2382723262086,97
2024-09-18 10:21:51.786000,410.214562228973,10
2024-09-18 10:21:51.824000,410.1984270846841,9
2024-09-18 10:21:51.847000,410.1529616924852,11
2024-09-18 10:21:51.903000,410.17429510653545,1000
2024-09-18 10:21:51.938000,410.23426061592585,104
2024-09-18 10:21:51.968000,410.1807918837358,100
2024-09-18 10:21:52.147000,410.211174211496,10
2024-09-18 10:21:52.174000,410.2094689966997,102
2024-09-18 10:21:52.522000,410.2285414468308,99
2024-09-18 10:21:52.542000,410.2157524572053,98
2024-09-18 10:21:52.585000,410.2161000900397,100
2024-09-18 10:21:52.625000,410.2142509094909,995
2024-09-18 10:21:52.684000,410.2061470387347,103
2024-09-18 10:21:52.793000,410.2254878952365,8
2024-09-18 10:21:52.945000,410.2062189860451,8
2024-09-18 10:21:53.045000,410.2414579716794,10
2024-09-18 10:21:53.057000,410.2210326233528,104
2024-09-18 10:21:53.060000,410.2770932081025,101
2024-09-18 10:21:53.062000,410.2774121432109,103
2024-09-18 10:21:53.112000,410.3010295665329,1004
2024-09-18 10:21:53.138000,410.2071632280101,11
2024-09-18 10:21:53.163000,410.2700187483402,15
2024-09-18 10:21:53.177000,410.27464071112496,8
2024-09-18 10:21:53.207000,410.1922245830168,8
2024-09-18 10:21:53.238000,410.2708662872354,100
2024-09-18 10:21:53.312000,410.2158569138605,102
2024-09-18 10:21:53.396000,410.2793795259216,101
2024-09-18 10:21:53.397000,410.1940843834685,997
2024-09-18 10:21:53.501000,410.2028068324911,1004
2024-09-18 10:21:53.508000,410.26097882832295,97
2024-09-18 10:21:53.530000,410.1817228435715,97
2024-09-18 10:21:53.592000,410.1855261379719,5
2024-09-18 10:21:53.592000,410.1968050983139,14
2024-09-18 10:21:53.705000,410.2658166542965,999
2024-09-18 10:21:53.767000,410.1895661592336,998
2024-09-18 10:21:53.776000,410.1846211427364,1001
2024-09-18 10:21:53.778000,410.2799617344118,1002
2024-09-18 10:21:53.792000,410.2748596577704,97
2024-09-18 10:21:53.863000,410.2645394268031,10
2024-09-18 10:21:53.890000,410.28663702822,1005
2024-09-18 10:21:53.952000,410.272022922507,997
2024-09-18 10:21:53.960000,410.2861221677831,1000
2024-09-18 10:21:53.976000,410.2856662502778,995
2024-09-18 10:21:54.039000,410.2661041313755,10
2024-09-18 10:21:54.078000,410.23869973213647,15
2024-09-18 10:21:54.096000,410.2399683498327,9
2024-09-18 10:21:54.131000,410.27147565999815,998
2024-09-18 10:21:54.219000,410.2709690737328,6
2024-09-18 10:21:54.250000,410.275295358449,1001
2024-09-18 10:21:54.277000,410.2441897349602,6
2024-09-18 10:21:54.472000,410.24762893977226,103
2024-09-18 10:21:54.488000,410.2606231541181,8
2024-09-18 10:21:54.546000,410.246600309262,1005
2024-09-18 10:21:54.551000,410.2547963557632,104
2024-09-18 10:21:54.587000,410.2439546436119,14
2024-09-18 10:21:54.624000,410.26150768017385,10
2024-09-18 10:21:54.658000,410.2324255411555,6
2024-09-18 10:21:54.777000,410.27099509460913,8
2024-09-18 10:21:54.857000,410.2339249451429,999
2024-09-18 10:21:54.887000,410.262570726849,97
2024-09-18 10:21:54.939000,410.2303458171993,996
2024-09-18 10:21:54.956000,410.2683521057548,103
2024-09-18 10:21:54.990000,410.2463417544962,100
2024-09-18 10:21:54.993000,410.2459898846121,95
2024-09-18 10:21:55.020000,410.25968112739207,95
2024-09-18 10:21:55.097000,410.2478879902741,997
2024-09-18 10:21:55.143000,410.2805139662976,1004
2024-09-18 10:21:55.181000,410.2934312124892,10
2024-09-18 10:21:55.262000,410.2798944505339,996
2024-09-18 10:21:55.267000,410.2524721900013,8
2024-09-18 10:21:55.377000,410.23764648308514,96
2024-09-18 10:21:55.377000,410.2991095217852,105
2024-09-18 10:21:55.393000,410.25970313398994,15
2024-09-18 10:21:55.497000,410.2598587620556,13
2024-09-18 10:21:55.607000,410.2866222759209,1002
2024-09-18 10:21:55.625000,410.2469154936481,99
2024-09-18 10:21:55.634000,410.2511922070672,12
2024-09-18 10:21:55.662000,410.30423055638266,999
2024-09-18 10:21:55.696000,410.2320144700126,5
2024-09-18 10:21:55.697000,410.2524122389901,9
2024-09-18 10:21:55.748000,410.2457776503452,8
2024-09-18 10:21:55.753000,410.2833381073565,996
2024-09-18 10:21:55.765000,410.2798187277644,97
2024-09-18 10:21:55.808000,410.2990019719556,96
2024-09-18 10:21:55.830000,410.3043112817074,9
2024-09-18 10:21:55.931000,410.2457746990463,1000
2024-09-18 10:21:55.936000,410.2641967795515,100
2024-09-18 10:21:55.996000,410.2573622775379,11
2024-09-18 10:21:56.059000,410.24007812461633,105
2024-09-18 10:21:56.140000,410.26339199529633,9
2024-09-18 10:21:56.342000,410.24174148224927,1002
2024-09-18 10:21:56.548000,410.2350365597361,99
2024-09-18 10:21:56.660000,410.241032260974,9
2024-09-18 10:21:57.163000,410.22379694212594,995
2024-09-18 10:21:57.254000,410.2378250424255,105
2024-09-18 10:21:57.266000,410.23452914234286,995
2024-09-18 10:21:57.273000,410.2358287765275,13
2024-09-18 10:21:57.289000,410.2243190828144,1003
2024-09-18 10:21:57.361000,410.246383752206,6
2024-09-18 10:21:57.408000,410.23949609182654,1000
2024-09-18 10:21:57.471000,410.232016287358,100
2024-09-18 10:21:57.487000,410.2387533384186,100
2024-09-18 10:21:57.567000,410.2334272496995,14
2024-09-18 10:21:57.775000,410.2422058769303,12
2024-09-18 10:21:57.918000,410.2311856120048,10
2024-09-18 10:21:57.954000,410.24324276890746,10
2024-09-18 10:21:58.910000,410.2356360269136,998
2024-09-18 10:21:59.120000,410.1577353117559,104
2024-09-18 10:21:59.125000,410.22689868216,1005
2024-09-18 10:21:59.546000,410.1847213860772,100
2024-09-18 10:21:59.552000,410.1654236069436,5
2024-09-18 10:21:59.645000,410.1961814302811,1000
2024-09-18 10:21:59.648000,410.1933967142293,99
2024-09-18 10:21:59.697000,410.1707448553023,97
2024-09-18 10:21:59.771000,410.2023162022241,996
2024-09-18 10:21:59.924000,410.2179860182328,95
2024-09-18 10:21:59.975000,410.18760832230623,995
