Timestamp,Price,Size
2024-09-18 11:41:01.060000,416.9846514573316,10
2024-09-18 11:41:01.094000,417.0157542506311,1000
2024-09-18 11:41:01.169000,416.9490445821322,12
2024-09-18 11:41:01.171000,417.0108703587018,997
2024-09-18 11:41:01.235000,417.0126501776581,13
2024-09-18 11:41:01.273000,416.9535205539267,998
2024-09-18 11:41:01.368000,416.9704819681068,12
2024-09-18 11:41:01.415000,417.0042838307775,95
2024-09-18 11:41:01.431000,416.95035376583496,15
2024-09-18 11:41:01.456000,417.0130728425668,98
2024-09-18 11:41:01.477000,417.01255677508215,98
2024-09-18 11:41:01.673000,417.0099612161511,996
2024-09-18 11:41:01.685000,416.9762610133754,100
2024-09-18 11:41:01.878000,416.9604680653808,995
2024-09-18 11:41:01.961000,417.0047028858782,998
2024-09-18 11:41:02.050000,417.028127420569,995
2024-09-18 11:41:02.085000,417.01299590881024,15
2024-09-18 11:41:02.113000,417.0269765282343,12
2024-09-18 11:41:02.297000,417.0385071124104,104
2024-09-18 11:41:02.325000,417.043412256994,996
2024-09-18 11:41:02.374000,417.0142201489256,104
2024-09-18 11:41:02.513000,417.0415115976144,8
2024-09-18 11:41:02.556000,417.0315088781245,97
2024-09-18 11:41:02.633000,417.03027193270816,103
2024-09-18 11:41:02.981000,417.0346294637565,98
2024-09-18 11:41:03.015000,417.0419201417732,98
2024-09-18 11:41:03.067000,417.0539326924735,13
2024-09-18 11:41:03.832000,417.0294203717541,95
2024-09-18 11:41:04.140000,417.0693483049302,100
2024-09-18 11:41:04.307000,417.0529353256504,11
2024-09-18 11:41:05.023000,417.0887079035834,11
2024-09-18 11:41:05.114000,417.061310039152,14
2024-09-18 11:41:05.144000,417.1104157286459,12
2024-09-18 11:41:05.159000,417.085503157319,1005
2024-09-18 11:41:05.170000,417.0753848750815,95
2024-09-18 11:41:05.174000,417.0676569611462,1003
2024-09-18 11:41:05.183000,417.0721171579462,100
2024-09-18 11:41:05.197000,417.0583731829315,1003
2024-09-18 11:41:05.324000,417.07863189437273,98
2024-09-18 11:41:05.329000,417.0575170686926,1001
2024-09-18 11:41:05.367000,417.0830522208449,5
2024-09-18 11:41:05.399000,417.0808390272873,12
2024-09-18 11:41:05.405000,417.0777318289252,998
2024-09-18 11:41:05.513000,417.0597388753483,996
2024-09-18 11:41:05.566000,417.0831070681794,5
2024-09-18 11:41:05.597000,417.07434267435855,11
2024-09-18 11:41:05.645000,417.0970987000058,1000
2024-09-18 11:41:05.779000,417.0730224230892,1004
2024-09-18 11:41:05.792000,417.0792610171944,10
2024-09-18 11:41:05.892000,417.0721765446284,997
2024-09-18 11:41:05.927000,417.0780743972098,999
2024-09-18 11:41:05.934000,417.07210505477104,998
2024-09-18 11:41:05.959000,417.0879492644892,10
2024-09-18 11:41:05.986000,417.0712420753146,102
2024-09-18 11:41:06.075000,417.0192705718768,1000
2024-09-18 11:41:06.135000,417.0248966192512,105
2024-09-18 11:41:06.193000,417.0215318123101,98
2024-09-18 11:41:06.209000,417.0182146613212,997
2024-09-18 11:41:06.239000,417.0291500557148,1003
2024-09-18 11:41:06.337000,417.0507475781839,97
2024-09-18 11:41:06.560000,417.0190443584896,1003
2024-09-18 11:41:06.587000,417.0303110222576,105
2024-09-18 11:41:06.695000,417.0337046761808,103
2024-09-18 11:41:06.846000,417.0276577371906,10
2024-09-18 11:41:06.895000,417.0343345160642,98
2024-09-18 11:41:06.909000,417.04661904219,13
2024-09-18 11:41:07.035000,417.0045982156424,996
2024-09-18 11:41:07.227000,416.9500101243874,14
2024-09-18 11:41:07.250000,416.9935766646257,10
2024-09-18 11:41:07.313000,417.0027917274668,999
2024-09-18 11:41:07.332000,417.0007854951117,10
2024-09-18 11:41:07.390000,416.9975955728366,101
2024-09-18 11:41:07.395000,417.03531396245046,1000
2024-09-18 11:41:07.421000,417.0305023602575,1001
2024-09-18 11:41:07.425000,416.9982207353913,105
2024-09-18 11:41:07.432000,417.0080004091619,998
2024-09-18 11:41:07.452000,417.02310683047193,996
2024-09-18 11:41:07.566000,417.00840536333845,1003
2024-09-18 11:41:07.614000,416.9745735240755,9
2024-09-18 11:41:07.663000,417.0117791194164,997
2024-09-18 11:41:07.702000,416.9413627879754,15
2024-09-18 11:41:07.723000,417.0144132677413,8
2024-09-18 11:41:07.771000,416.95741682152425,996
2024-09-18 11:41:07.790000,416.9947660965824,14
2024-09-18 11:41:07.822000,417.0205241384933,7
2024-09-18 11:41:07.986000,416.9540442818656,999
2024-09-18 11:41:08.046000,416.9048039167008,11
2024-09-18 11:41:08.220000,416.8975460882554,7
2024-09-18 11:41:08.344000,416.90122795139246,99
2024-09-18 11:41:08.441000,416.9071561559295,1004
2024-09-18 11:41:08.498000,416.9222294281187,15
2024-09-18 11:41:08.524000,416.9009509869577,12
2024-09-18 11:41:08.595000,416.88147173510526,98
2024-09-18 11:41:08.653000,416.9269227742316,12
2024-09-18 11:41:08.692000,416.9345187802117,5
2024-09-18 11:41:08.745000,416.9064271160725,5
2024-09-18 11:41:08.816000,416.9096149795077,1000
2024-09-18 11:41:08.834000,416.9253789734045,104
2024-09-18 11:41:08.856000,416.8851436448415,11
2024-09-18 11:41:09.040000,416.8980514665365,1000
2024-09-18 11:41:09.075000,416.8922448523579,1000
2024-09-18 11:41:09.173000,416.87664495793086,95
2024-09-18 11:41:09.176000,416.8853889008993,100
2024-09-18 11:41:09.180000,416.9045082285458,1003
2024-09-18 11:41:09.263000,416.8925880116688,101
2024-09-18 11:41:09.318000,416.9086156624483,1003
2024-09-18 11:41:09.346000,416.8893460540716,99
2024-09-18 11:41:09.416000,416.8973694203173,998
2024-09-18 11:41:09.422000,416.90054335727206,1000
2024-09-18 11:41:09.431000,416.9220487864399,9
2024-09-18 11:41:09.535000,416.8633485519839,1004
2024-09-18 11:41:09.590000,416.9049106676598,105
2024-09-18 11:41:09.668000,416.89401099647,98
2024-09-18 11:41:09.706000,416.9107108500066,99
2024-09-18 11:41:09.736000,416.8815983323983,5
2024-09-18 11:41:09.738000,416.9197423049348,97
2024-09-18 11:41:09.782000,416.88774716111857,100
2024-09-18 11:41:09.816000,416.8928055755844,96
2024-09-18 11:41:09.821000,416.9035357564453,1003
2024-09-18 11:41:09.846000,416.9101516915843,1001
2024-09-18 11:41:09.951000,416.8957225329329,998
2024-09-18 11:41:09.978000,416.85363550008407,996
2024-09-18 11:41:10.249000,416.9440377238881,999
2024-09-18 11:41:10.374000,416.865682398526,97
2024-09-18 11:41:10.387000,416.89814913625327,98
2024-09-18 11:41:10.596000,416.9069497346987,996
2024-09-18 11:41:10.698000,416.9527973602617,8
2024-09-18 11:41:10.787000,416.925039495697,98
2024-09-18 11:41:10.800000,416.9218354126314,1005
2024-09-18 11:41:10.891000,416.92423931548257,8
2024-09-18 11:41:10.942000,416.8882113887064,10
2024-09-18 11:41:11.213000,416.9807727259657,1004
2024-09-18 11:41:11.287000,416.95032303800457,12
2024-09-18 11:41:11.509000,416.960273536613,9
2024-09-18 11:41:11.689000,416.9619336533551,11
2024-09-18 11:41:11.955000,416.9668181257071,103
2024-09-18 11:41:12.067000,416.8973575242106,13
2024-09-18 11:41:12.080000,416.8967540458625,102
2024-09-18 11:41:12.190000,416.8917311712297,1003
2024-09-18 11:41:12.248000,416.9151961458183,1002
2024-09-18 11:41:12.330000,416.93100977372177,96
2024-09-18 11:41:12.465000,416.9379270114276,1003
2024-09-18 11:41:12.655000,416.935102082084,11
2024-09-18 11:41:12.663000,416.974684684214,5
2024-09-18 11:41:12.820000,416.9404237308011,9
2024-09-18 11:41:13.091000,416.8835724495046,12
2024-09-18 11:41:13.170000,416.8665491042326,1005
2024-09-18 11:41:13.196000,416.8794081294205,997
2024-09-18 11:41:13.211000,416.8862258772182,996
2024-09-18 11:41:13.289000,416.8843278425195,5
2024-09-18 11:41:13.310000,416.9101877481848,99
2024-09-18 11:41:13.325000,416.880208040268,1004
2024-09-18 11:41:13.365000,416.8661388675474,1004
2024-09-18 11:41:13.419000,416.8593596189759,100
2024-09-18 11:41:13.485000,416.8857386410619,101
2024-09-18 11:41:13.518000,416.8853297888978,102
2024-09-18 11:41:13.582000,416.8846880518324,96
2024-09-18 11:41:13.607000,416.8981221298537,100
2024-09-18 11:41:13.672000,416.8961095826079,99
2024-09-18 11:41:13.697000,416.8794725019266,99
2024-09-18 11:41:13.756000,416.8816430123861,102
2024-09-18 11:41:13.827000,416.876141326861,1000
2024-09-18 11:41:13.829000,416.8758159627076,102
2024-09-18 11:41:13.854000,416.8942690951448,7
2024-09-18 11:41:13.860000,416.8799351822165,6
2024-09-18 11:41:13.913000,416.8885780897527,105
2024-09-18 11:41:13.956000,416.899099087949,1002
2024-09-18 11:41:13.965000,416.88183851884753,97
2024-09-18 11:41:13.969000,416.84714008514254,15
2024-09-18 11:41:15.017000,416.8854985733532,96
2024-09-18 11:41:15.107000,416.8847917623668,95
2024-09-18 11:41:15.130000,416.8067953052268,1000
2024-09-18 11:41:15.170000,416.7611741471253,99
2024-09-18 11:41:15.184000,416.7539877282633,1004
2024-09-18 11:41:15.257000,416.795858054586,1002
2024-09-18 11:41:15.327000,416.8560525882834,11
2024-09-18 11:41:15.327000,416.7923575007109,15
2024-09-18 11:41:15.374000,416.7866210732386,10
2024-09-18 11:41:15.432000,416.8250155795554,99
2024-09-18 11:41:15.442000,416.7347311891238,1004
2024-09-18 11:41:15.526000,416.8189886403119,12
2024-09-18 11:41:15.642000,416.7841587987246,9
2024-09-18 11:41:15.661000,416.8167897166157,7
2024-09-18 11:41:15.673000,416.8490633779622,105
2024-09-18 11:41:15.688000,416.823491669778,995
2024-09-18 11:41:15.689000,416.8321664973052,14
2024-09-18 11:41:15.716000,416.8723852499712,1002
2024-09-18 11:41:15.729000,416.7567574496875,98
2024-09-18 11:41:15.748000,416.8628060158521,1000
2024-09-18 11:41:15.775000,416.7749882294301,97
2024-09-18 11:41:15.861000,416.8008198916314,11
2024-09-18 11:41:15.907000,416.8873978482539,11
2024-09-18 11:41:15.958000,416.76240584059775,995
2024-09-18 11:41:15.959000,416.8260524518575,1003
2024-09-18 11:41:15.991000,416.8096425150227,102
2024-09-18 11:41:15.997000,416.7646442038684,8
2024-09-18 11:41:16.020000,416.7170543964502,103
2024-09-18 11:41:16.042000,416.77018256150194,100
2024-09-18 11:41:16.059000,416.727760378309,99
2024-09-18 11:41:16.141000,416.6949454109727,8
2024-09-18 11:41:16.150000,416.7311402775586,997
2024-09-18 11:41:16.233000,416.7153012176864,14
2024-09-18 11:41:16.308000,416.68732270412187,1004
2024-09-18 11:41:16.423000,416.72667037242826,6
2024-09-18 11:41:16.460000,416.69076273860776,14
2024-09-18 11:41:16.529000,416.6901692750074,9
2024-09-18 11:41:16.561000,416.763142992843,995
2024-09-18 11:41:16.563000,416.6797157354613,101
2024-09-18 11:41:16.578000,416.7470237192893,996
2024-09-18 11:41:16.636000,416.7169841846263,96
2024-09-18 11:41:16.732000,416.7528172321618,1004
2024-09-18 11:41:16.840000,416.76548061678216,995
2024-09-18 11:41:16.902000,416.6792116061048,103
2024-09-18 11:41:16.947000,416.69057712493264,10
2024-09-18 11:41:17.426000,416.72176623291983,8
2024-09-18 11:41:17.822000,416.7205585211064,102
2024-09-18 11:41:18.012000,416.7178000127943,104
2024-09-18 11:41:18.091000,416.7167245537944,1003
2024-09-18 11:41:18.119000,416.69412642469433,102
2024-09-18 11:41:18.119000,416.7180539749538,995
2024-09-18 11:41:18.125000,416.7458896821325,1005
2024-09-18 11:41:18.144000,416.7114948984077,10
2024-09-18 11:41:18.183000,416.7230121486888,1003
2024-09-18 11:41:18.196000,416.6995425899429,8
2024-09-18 11:41:18.208000,416.7413041310991,1000
2024-09-18 11:41:18.217000,416.7365226528399,1001
2024-09-18 11:41:18.242000,416.7157612486618,14
2024-09-18 11:41:18.284000,416.7180474385248,15
2024-09-18 11:41:18.397000,416.6894750687211,98
2024-09-18 11:41:18.426000,416.7078818628558,1000
2024-09-18 11:41:18.437000,416.7056953802056,102
2024-09-18 11:41:18.452000,416.7302747000016,101
2024-09-18 11:41:18.514000,416.6920502862936,13
2024-09-18 11:41:18.531000,416.7496255236218,97
2024-09-18 11:41:18.556000,416.7301783241275,104
2024-09-18 11:41:18.610000,416.7663842732948,9
2024-09-18 11:41:18.670000,416.69444646905976,1000
2024-09-18 11:41:18.736000,416.74664473305967,102
2024-09-18 11:41:18.801000,416.7219948897175,95
2024-09-18 11:41:18.844000,416.7098425137473,14
2024-09-18 11:41:18.911000,416.7336549372604,104
2024-09-18 11:41:18.916000,416.7186070173207,8
2024-09-18 11:41:18.924000,416.7356879522412,7
2024-09-18 11:41:18.940000,416.71108750780655,14
2024-09-18 11:41:19.056000,416.7141384966972,999
2024-09-18 11:41:19.064000,416.65132163150855,10
2024-09-18 11:41:19.225000,416.6452641526026,1000
2024-09-18 11:41:19.266000,416.6430894821797,11
2024-09-18 11:41:19.273000,416.64621298689775,998
2024-09-18 11:41:19.347000,416.650347014905,7
2024-09-18 11:41:19.362000,416.661158061516,1005
2024-09-18 11:41:19.464000,416.65733490439777,10
2024-09-18 11:41:19.493000,416.6936247756501,101
2024-09-18 11:41:19.558000,416.71354781939874,102
2024-09-18 11:41:19.571000,416.65332819329694,998
2024-09-18 11:41:19.582000,416.6850588342732,15
2024-09-18 11:41:19.652000,416.63424627369307,1004
2024-09-18 11:41:19.685000,416.7252207760821,10
2024-09-18 11:41:19.722000,416.63449285146487,14
2024-09-18 11:41:19.759000,416.6493154236697,997
2024-09-18 11:41:19.795000,416.6362984795221,1002
2024-09-18 11:41:19.804000,416.6342601124083,8
2024-09-18 11:41:19.816000,416.6818150124244,1002
2024-09-18 11:41:19.897000,416.6473760484057,998
2024-09-18 11:41:19.914000,416.63839925826784,13
2024-09-18 11:41:19.983000,416.6363006194019,104
2024-09-18 11:41:20.259000,416.6547014097552,8
2024-09-18 11:41:20.436000,416.612416356946,6
2024-09-18 11:41:20.476000,416.6316494983163,97
2024-09-18 11:41:20.662000,416.6549760071199,97
2024-09-18 11:41:20.687000,416.6155867723536,996
2024-09-18 11:41:20.735000,416.6452040135062,10
2024-09-18 11:41:20.770000,416.6081007062124,1000
2024-09-18 11:41:20.931000,416.6520793249535,9
2024-09-18 11:41:20.945000,416.6505355289521,98
2024-09-18 11:41:21.038000,416.61809222798536,96
2024-09-18 11:41:21.178000,416.59894856648543,1005
2024-09-18 11:41:21.212000,416.597525958077,15
2024-09-18 11:41:21.283000,416.5928634678714,1000
2024-09-18 11:41:21.394000,416.61611646518816,11
2024-09-18 11:41:21.396000,416.650299288955,13
2024-09-18 11:41:21.452000,416.6448886725848,996
2024-09-18 11:41:21.506000,416.6479207070984,996
2024-09-18 11:41:21.537000,416.63414371177566,13
2024-09-18 11:41:21.598000,416.6232978755859,1003
2024-09-18 11:41:21.670000,416.601252988641,99
2024-09-18 11:41:21.728000,416.5870356543991,10
2024-09-18 11:41:21.800000,416.601045256061,995
2024-09-18 11:41:21.814000,416.6098502833753,6
2024-09-18 11:41:21.848000,416.58203351000657,995
2024-09-18 11:41:21.861000,416.5935808284974,1002
2024-09-18 11:41:21.887000,416.63524003488544,10
2024-09-18 11:41:21.892000,416.60308841420016,103
2024-09-18 11:41:21.899000,416.6253475089489,15
2024-09-18 11:41:21.938000,416.6021358391211,97
2024-09-18 11:41:21.944000,416.631797651288,10
2024-09-18 11:41:22.029000,416.549900311973,5
2024-09-18 11:41:22.063000,416.5684183383727,5
2024-09-18 11:41:22.126000,416.55526020167247,5
2024-09-18 11:41:22.138000,416.5693100322434,7
2024-09-18 11:41:22.171000,416.5914911851652,5
2024-09-18 11:41:22.189000,416.6171068919632,99
2024-09-18 11:41:22.208000,416.5594536541794,5
2024-09-18 11:41:22.250000,416.5601587083167,1002
2024-09-18 11:41:22.554000,416.5737000080192,6
2024-09-18 11:41:22.565000,416.5728161681761,1005
2024-09-18 11:41:22.580000,416.5792838267082,101
2024-09-18 11:41:22.651000,416.5496011317053,14
2024-09-18 11:41:22.671000,416.58135339196167,13
2024-09-18 11:41:22.716000,416.5589718382861,998
2024-09-18 11:41:22.748000,416.5631262003676,7
2024-09-18 11:41:22.750000,416.5874170271372,1005
2024-09-18 11:41:22.793000,416.5771757624698,1003
2024-09-18 11:41:22.797000,416.56500480442014,8
2024-09-18 11:41:22.804000,416.5747957858909,997
2024-09-18 11:41:22.813000,416.5450967336205,9
2024-09-18 11:41:22.852000,416.58731947481976,98
2024-09-18 11:41:22.852000,416.560698688784,14
2024-09-18 11:41:22.870000,416.6142183905086,9
2024-09-18 11:41:22.961000,416.6007969684511,6
2024-09-18 11:41:23.107000,416.5190970484216,10
2024-09-18 11:41:23.112000,416.5344590285221,103
2024-09-18 11:41:23.155000,416.5398051510337,13
2024-09-18 11:41:23.204000,416.5012978455685,9
2024-09-18 11:41:23.296000,416.516663920522,104
2024-09-18 11:41:23.296000,416.5049844906023,101
2024-09-18 11:41:23.394000,416.5405516043355,10
2024-09-18 11:41:23.544000,416.52335224655945,1002
2024-09-18 11:41:23.671000,416.5306842773319,1001
2024-09-18 11:41:23.793000,416.5443907518568,1001
2024-09-18 11:41:23.825000,416.5312541547514,1003
2024-09-18 11:41:23.854000,416.50541641239175,13
2024-09-18 11:41:23.899000,416.5277698530153,7
2024-09-18 11:41:23.951000,416.4806745442591,1002
2024-09-18 11:41:24.006000,416.4915541106516,95
2024-09-18 11:41:24.010000,416.49583467407336,10
2024-09-18 11:41:24.026000,416.5271604311283,104
2024-09-18 11:41:24.031000,416.4728844880128,10
2024-09-18 11:41:24.061000,416.4667421132153,6
2024-09-18 11:41:24.078000,416.5091633890949,1004
2024-09-18 11:41:24.178000,416.4798415464821,104
2024-09-18 11:41:24.189000,416.4971772693054,15
2024-09-18 11:41:24.224000,416.51756271626,95
2024-09-18 11:41:24.265000,416.4870610547284,997
2024-09-18 11:41:24.285000,416.4921679330385,1003
2024-09-18 11:41:24.374000,416.5078220614005,10
2024-09-18 11:41:24.421000,416.49543219709903,103
2024-09-18 11:41:24.478000,416.4868129875944,998
2024-09-18 11:41:24.528000,416.5138363585562,1003
2024-09-18 11:41:24.542000,416.4724743125772,997
2024-09-18 11:41:24.609000,416.5326284446066,1002
2024-09-18 11:41:24.637000,416.5325276724445,6
2024-09-18 11:41:24.638000,416.5433213911691,10
2024-09-18 11:41:24.654000,416.46914548195167,1002
2024-09-18 11:41:24.685000,416.5278341706749,14
2024-09-18 11:41:24.729000,416.5091930934946,5
2024-09-18 11:41:24.733000,416.4794054978829,12
2024-09-18 11:41:24.741000,416.4865236699596,12
2024-09-18 11:41:24.795000,416.4904210964706,105
2024-09-18 11:41:24.831000,416.5098135307224,1000
2024-09-18 11:41:24.945000,416.5280420712701,11
2024-09-18 11:41:24.948000,416.4865682371516,1004
2024-09-18 11:41:24.962000,416.52467427613647,998
2024-09-18 11:41:25.024000,416.3610840325735,997
2024-09-18 11:41:25.026000,416.4242235986749,12
2024-09-18 11:41:25.106000,416.382613385998,997
2024-09-18 11:41:25.111000,416.42833078583743,101
2024-09-18 11:41:25.134000,416.3759762347728,997
2024-09-18 11:41:25.201000,416.4380544122145,100
2024-09-18 11:41:25.236000,416.4156111210647,1003
2024-09-18 11:41:25.237000,416.3938747840976,996
2024-09-18 11:41:25.244000,416.3763536747609,5
2024-09-18 11:41:25.249000,416.4871574491173,6
2024-09-18 11:41:25.260000,416.4250440555746,1001
2024-09-18 11:41:25.277000,416.4652128174404,5
2024-09-18 11:41:25.412000,416.4545376948144,1004
2024-09-18 11:41:25.435000,416.4048457243484,102
2024-09-18 11:41:25.440000,416.35764499659774,102
2024-09-18 11:41:25.490000,416.4860282151967,999
2024-09-18 11:41:25.589000,416.35679428522,5
2024-09-18 11:41:25.598000,416.38178980402427,96
2024-09-18 11:41:25.664000,416.45912615351887,11
2024-09-18 11:41:25.707000,416.4919828084367,12
2024-09-18 11:41:25.708000,416.4547333988843,9
2024-09-18 11:41:25.712000,416.48795681433006,95
2024-09-18 11:41:25.771000,416.4425215899589,997
2024-09-18 11:41:25.909000,416.4569203372051,14
2024-09-18 11:41:25.926000,416.48249304072215,100
2024-09-18 11:41:25.983000,416.3760714570809,9
2024-09-18 11:41:25.993000,416.36369078831774,9
2024-09-18 11:41:25.998000,416.4748091251366,1000
2024-09-18 11:41:27.006000,416.42053206803536,15
2024-09-18 11:41:27.099000,416.3986439360052,14
2024-09-18 11:41:27.115000,416.4050728452044,12
2024-09-18 11:41:27.128000,416.4063436567105,96
2024-09-18 11:41:27.177000,416.4092678973258,13
2024-09-18 11:41:27.239000,416.4119758941807,996
2024-09-18 11:41:27.248000,416.39448046384894,9
2024-09-18 11:41:27.337000,416.3798052894946,997
2024-09-18 11:41:27.357000,416.4040273710136,1005
2024-09-18 11:41:27.409000,416.41192293732576,98
2024-09-18 11:41:27.415000,416.406674730708,1000
2024-09-18 11:41:27.477000,416.3779374671782,95
2024-09-18 11:41:27.541000,416.40666438403633,100
2024-09-18 11:41:27.637000,416.3678655783869,100
2024-09-18 11:41:27.756000,416.4222717683005,997
2024-09-18 11:41:27.816000,416.394226486223,103
2024-09-18 11:41:27.824000,416.4300599438865,7
2024-09-18 11:41:27.828000,416.4362295782543,11
2024-09-18 11:41:27.836000,416.3950069954268,8
2024-09-18 11:41:27.851000,416.4091027435496,100
2024-09-18 11:41:27.852000,416.3958833036511,1001
2024-09-18 11:41:27.866000,416.40140155636567,97
2024-09-18 11:41:27.878000,416.3874638203883,6
2024-09-18 11:41:27.892000,416.4070495948818,12
2024-09-18 11:41:27.960000,416.4230793670315,7
2024-09-18 11:41:28.031000,416.4170249682992,5
2024-09-18 11:41:28.054000,416.42915131704126,11
2024-09-18 11:41:28.077000,416.4528647915048,999
2024-09-18 11:41:28.083000,416.4414702540736,98
2024-09-18 11:41:28.102000,416.444920879697,15
2024-09-18 11:41:28.108000,416.4535199882543,10
2024-09-18 11:41:28.224000,416.4517646516441,999
2024-09-18 11:41:28.252000,416.4451318386479,1001
2024-09-18 11:41:28.306000,416.44660642906325,5
2024-09-18 11:41:28.322000,416.425872160282,6
2024-09-18 11:41:28.333000,416.4403849806024,7
2024-09-18 11:41:28.537000,416.4216218354191,102
2024-09-18 11:41:28.587000,416.4281508944886,6
2024-09-18 11:41:28.689000,416.4396183948348,997
2024-09-18 11:41:28.700000,416.4126776868631,102
2024-09-18 11:41:28.712000,416.4455033570992,96
2024-09-18 11:41:28.744000,416.4260384707778,999
2024-09-18 11:41:28.818000,416.432975834101,15
2024-09-18 11:41:28.974000,416.41873408959214,12
2024-09-18 11:41:28.985000,416.4379267818848,15
2024-09-18 11:41:29.039000,416.39811849816255,98
2024-09-18 11:41:29.042000,416.43298226852266,6
2024-09-18 11:41:29.054000,416.3961948865957,12
2024-09-18 11:41:29.121000,416.4094810362622,997
2024-09-18 11:41:29.124000,416.4036200472092,105
2024-09-18 11:41:29.413000,416.4088381205401,103
2024-09-18 11:41:29.633000,416.4472858821142,11
2024-09-18 11:41:29.701000,416.4154796694047,102
2024-09-18 11:41:29.714000,416.4014115362592,95
2024-09-18 11:41:29.743000,416.4185820468557,998
2024-09-18 11:41:29.796000,416.4193247255542,105
2024-09-18 11:41:29.843000,416.4082194167374,6
2024-09-18 11:41:30.314000,416.3576524290525,9
2024-09-18 11:41:30.452000,416.3660547540183,1001
2024-09-18 11:41:32.015000,416.3749546799741,9
2024-09-18 11:41:32.041000,416.3685547482572,7
2024-09-18 11:41:32.177000,416.377196710096,1005
2024-09-18 11:41:32.180000,416.39578039920576,9
2024-09-18 11:41:32.776000,416.3737625328549,1005
2024-09-18 11:41:33.004000,416.35703961264414,101
2024-09-18 11:41:33.091000,416.3961214079308,95
2024-09-18 11:41:33.248000,416.39128207837626,13
2024-09-18 11:41:33.276000,416.38620925976863,101
2024-09-18 11:41:33.309000,416.3856143061968,997
2024-09-18 11:41:33.354000,416.3578409627559,9
2024-09-18 11:41:33.450000,416.3962483166054,998
2024-09-18 11:41:33.462000,416.38253417205584,1002
2024-09-18 11:41:33.473000,416.3801098158587,15
2024-09-18 11:41:33.529000,416.3709941646652,1000
2024-09-18 11:41:33.567000,416.36650706373,14
2024-09-18 11:41:33.685000,416.410015198452,98
2024-09-18 11:41:33.689000,416.371835285729,998
2024-09-18 11:41:33.691000,416.34847154748536,12
2024-09-18 11:41:33.728000,416.3991950822705,95
2024-09-18 11:41:33.847000,416.379119443814,102
2024-09-18 11:41:33.888000,416.4063085748694,13
2024-09-18 11:41:33.964000,416.4009886879792,1003
2024-09-18 11:41:34.012000,416.3538633136335,999
2024-09-18 11:41:34.471000,416.3521056269216,1000
2024-09-18 11:41:34.995000,416.3329809763069,101
2024-09-18 11:41:35.050000,416.3396645265603,997
2024-09-18 11:41:35.132000,416.36651666621066,103
2024-09-18 11:41:35.153000,416.3601281869092,95
2024-09-18 11:41:35.345000,416.3755166380321,8
2024-09-18 11:41:35.494000,416.3799788006692,1001
2024-09-18 11:41:35.551000,416.3685841640854,996
2024-09-18 11:41:35.565000,416.3808952945462,101
2024-09-18 11:41:35.589000,416.3638006120877,1000
2024-09-18 11:41:35.613000,416.3581673811735,100
2024-09-18 11:41:35.705000,416.3709492753876,999
2024-09-18 11:41:35.950000,416.3441416942797,1000
2024-09-18 11:41:36.028000,416.33161056938496,6
2024-09-18 11:41:36.100000,416.3130612418725,105
2024-09-18 11:41:36.251000,416.31154155381546,6
2024-09-18 11:41:36.286000,416.3057849895984,104
2024-09-18 11:41:36.377000,416.2962219892511,8
2024-09-18 11:41:36.392000,416.321911146067,10
2024-09-18 11:41:36.458000,416.3076652499993,1002
2024-09-18 11:41:36.468000,416.2729742685296,996
2024-09-18 11:41:36.509000,416.2876580611584,14
2024-09-18 11:41:36.556000,416.3313625939194,97
2024-09-18 11:41:36.591000,416.33994055620576,97
2024-09-18 11:41:36.625000,416.2909947160972,15
2024-09-18 11:41:36.657000,416.3200194868121,14
2024-09-18 11:41:36.726000,416.3243818653692,6
2024-09-18 11:41:36.731000,416.3294736096834,995
2024-09-18 11:41:36.774000,416.2946354543665,95
2024-09-18 11:41:36.777000,416.3109741254853,14
2024-09-18 11:41:36.778000,416.2979418654981,96
2024-09-18 11:41:36.845000,416.3357626104095,995
2024-09-18 11:41:36.855000,416.2836489312942,104
2024-09-18 11:41:36.887000,416.3385413189533,998
2024-09-18 11:41:36.939000,416.3117684389137,7
2024-09-18 11:41:36.991000,416.33602792802407,5
2024-09-18 11:41:37.449000,416.3243216881731,11
2024-09-18 11:41:38.004000,416.33254859083286,1003
2024-09-18 11:41:38.076000,416.31006237641225,996
2024-09-18 11:41:38.364000,416.3495026480352,96
2024-09-18 11:41:38.368000,416.3612764694184,95
2024-09-18 11:41:38.476000,416.3179902281578,997
2024-09-18 11:41:38.496000,416.3148275573687,5
2024-09-18 11:41:38.503000,416.3980768833117,997
2024-09-18 11:41:38.515000,416.36058613745854,1000
2024-09-18 11:41:38.530000,416.3636752739554,103
2024-09-18 11:41:38.717000,416.3107208340992,95
2024-09-18 11:41:38.818000,416.3251542230008,105
2024-09-18 11:41:38.915000,416.335626304639,1005
2024-09-18 11:41:38.955000,416.3755291237839,99
2024-09-18 11:41:38.958000,416.3150323728725,997
2024-09-18 11:41:39.165000,416.25467217908766,14
2024-09-18 11:41:39.285000,416.2491021282944,12
2024-09-18 11:41:39.312000,416.2557647588965,999
2024-09-18 11:41:39.329000,416.31678182057135,11
2024-09-18 11:41:39.336000,416.256310859956,5
2024-09-18 11:41:39.504000,416.2861243478339,102
2024-09-18 11:41:39.522000,416.25447395300574,10
2024-09-18 11:41:39.549000,416.2824846070613,15
2024-09-18 11:41:39.568000,416.2565441044493,97
2024-09-18 11:41:39.680000,416.2630354800372,102
2024-09-18 11:41:39.782000,416.2698153573329,12
2024-09-18 11:41:39.789000,416.2658188274552,95
2024-09-18 11:41:39.820000,416.3175349200095,9
2024-09-18 11:41:39.839000,416.2573071132107,99
2024-09-18 11:41:39.857000,416.24902378731537,97
2024-09-18 11:41:39.889000,416.29017228601367,95
2024-09-18 11:41:39.926000,416.262063342387,1005
2024-09-18 11:41:39.931000,416.279959459085,1002
2024-09-18 11:41:39.965000,416.2707484502818,11
2024-09-18 11:41:39.966000,416.2550728633707,998
2024-09-18 11:41:39.973000,416.2473500801437,8
2024-09-18 11:41:39.978000,416.2795656266004,5
2024-09-18 11:41:40.166000,416.3122080831275,98
2024-09-18 11:41:40.674000,416.3579552941187,96
2024-09-18 11:41:40.721000,416.3420081223039,1002
2024-09-18 11:41:40.789000,416.33189486536793,102
2024-09-18 11:41:40.964000,416.3367320759226,996
2024-09-18 11:41:41.248000,416.3827381152735,1003
2024-09-18 11:41:41.258000,416.36211972181474,9
2024-09-18 11:41:41.401000,416.37417744877416,995
2024-09-18 11:41:41.409000,416.37495120145,1002
2024-09-18 11:41:41.519000,416.381892161149,98
2024-09-18 11:41:41.562000,416.3808835826117,99
2024-09-18 11:41:41.578000,416.3747488244455,14
2024-09-18 11:41:41.619000,416.389839838389,1004
2024-09-18 11:41:41.685000,416.3852608975231,105
2024-09-18 11:41:41.763000,416.37681924768606,997
2024-09-18 11:41:41.801000,416.3771647841555,101
2024-09-18 11:41:42.018000,416.3540589091414,99
2024-09-18 11:41:42.083000,416.4002516626426,95
2024-09-18 11:41:42.085000,416.37272156856295,13
2024-09-18 11:41:42.094000,416.3714424779008,1004
2024-09-18 11:41:42.141000,416.3906353057615,105
2024-09-18 11:41:42.201000,416.3839098627532,997
2024-09-18 11:41:42.206000,416.3622099500848,105
2024-09-18 11:41:42.213000,416.3661225774786,97
2024-09-18 11:41:42.234000,416.3799094877946,8
2024-09-18 11:41:42.271000,416.37662065267006,12
2024-09-18 11:41:42.393000,416.37268067826784,97
2024-09-18 11:41:42.408000,416.3894379567282,101
2024-09-18 11:41:42.422000,416.3661481849989,1002
2024-09-18 11:41:42.435000,416.3660851925544,14
2024-09-18 11:41:42.446000,416.3850722272769,15
2024-09-18 11:41:42.560000,416.35311775051287,101
2024-09-18 11:41:42.582000,416.3694015527345,9
2024-09-18 11:41:42.605000,416.3455198617845,997
2024-09-18 11:41:42.612000,416.3349519683097,97
2024-09-18 11:41:42.655000,416.37286491349545,1005
2024-09-18 11:41:42.710000,416.3590911614539,10
2024-09-18 11:41:42.726000,416.3619620280458,997
2024-09-18 11:41:42.759000,416.3850544661922,100
2024-09-18 11:41:42.773000,416.38932976395057,99
2024-09-18 11:41:42.781000,416.3561019868381,100
2024-09-18 11:41:42.905000,416.3849342985655,999
2024-09-18 11:41:42.928000,416.3680209446305,99
2024-09-18 11:41:42.954000,416.3714437359071,95
2024-09-18 11:41:43.110000,416.392776302063,99
2024-09-18 11:41:43.444000,416.3773561475856,15
2024-09-18 11:41:43.459000,416.3783604776596,15
2024-09-18 11:41:43.518000,416.3639866123815,10
2024-09-18 11:41:43.550000,416.3799235648336,998
2024-09-18 11:41:43.572000,416.3669785789968,98
2024-09-18 11:41:43.583000,416.3841797960349,104
2024-09-18 11:41:43.716000,416.3710770086539,996
2024-09-18 11:41:43.736000,416.3962968961084,99
2024-09-18 11:41:43.759000,416.3732839198816,101
2024-09-18 11:41:43.760000,416.3660153126436,7
2024-09-18 11:41:43.827000,416.3707509819092,1000
2024-09-18 11:41:43.855000,416.39783099823126,10
2024-09-18 11:41:43.899000,416.37106546229006,1003
2024-09-18 11:41:44.032000,416.3857190301265,12
2024-09-18 11:41:44.064000,416.417639323615,10
2024-09-18 11:41:44.124000,416.4104172018323,104
2024-09-18 11:41:44.138000,416.4336826156315,10
2024-09-18 11:41:44.191000,416.3845935707751,11
2024-09-18 11:41:44.203000,416.4067720333619,101
2024-09-18 11:41:44.244000,416.3857808093771,15
2024-09-18 11:41:44.284000,416.3906518145629,103
2024-09-18 11:41:44.325000,416.4020616292076,11
2024-09-18 11:41:44.327000,416.44900135784,95
2024-09-18 11:41:44.412000,416.3968287885537,97
2024-09-18 11:41:44.495000,416.41037148181147,1001
2024-09-18 11:41:44.588000,416.40065421327336,8
2024-09-18 11:41:44.614000,416.42558286974,96
2024-09-18 11:41:44.768000,416.4366328756898,7
2024-09-18 11:41:44.856000,416.4020672480349,7
2024-09-18 11:41:46.265000,416.40876683608286,14
2024-09-18 11:41:46.323000,416.38414398177775,6
2024-09-18 11:41:46.487000,416.4206326469975,104
2024-09-18 11:41:46.507000,416.3913369879858,12
2024-09-18 11:41:46.520000,416.42118107287007,1005
2024-09-18 11:41:46.619000,416.407419437276,104
2024-09-18 11:41:46.628000,416.4275715044207,95
2024-09-18 11:41:46.648000,416.3867611178258,8
2024-09-18 11:41:46.669000,416.39378528015015,13
2024-09-18 11:41:46.858000,416.382054904139,15
2024-09-18 11:41:46.904000,416.41889373895214,995
2024-09-18 11:41:46.965000,416.38944456289727,12
2024-09-18 11:41:47.011000,416.4518475607101,96
2024-09-18 11:41:47.015000,416.423051809856,96
2024-09-18 11:41:47.025000,416.4200886320437,96
2024-09-18 11:41:47.147000,416.4164630772626,999
2024-09-18 11:41:47.199000,416.4455249078791,105
2024-09-18 11:41:47.241000,416.40800131663735,996
2024-09-18 11:41:47.241000,416.4577661997066,103
2024-09-18 11:41:47.274000,416.4206020972927,7
2024-09-18 11:41:47.350000,416.4276791280936,11
2024-09-18 11:41:47.455000,416.4690745432567,997
2024-09-18 11:41:47.556000,416.4136319978831,999
2024-09-18 11:41:47.593000,416.40488453543605,996
2024-09-18 11:41:47.605000,416.41091642422407,103
2024-09-18 11:41:47.672000,416.4633552052508,996
2024-09-18 11:41:47.690000,416.4302004955425,102
2024-09-18 11:41:47.690000,416.4170167228058,1005
2024-09-18 11:41:47.802000,416.4629516884413,998
2024-09-18 11:41:47.856000,416.3994178066451,103
2024-09-18 11:41:47.864000,416.4351959562212,97
2024-09-18 11:41:47.970000,416.40993074316606,104
2024-09-18 11:41:47.980000,416.4559353836082,12
2024-09-18 11:41:47.990000,416.4048458427666,997
2024-09-18 11:41:48.199000,416.3933325679804,998
2024-09-18 11:41:49.302000,416.3813546040237,1001
2024-09-18 11:41:49.413000,416.39356699676,101
2024-09-18 11:41:49.451000,416.3693905931275,103
2024-09-18 11:41:50.080000,416.3282797749461,95
2024-09-18 11:41:50.101000,416.3002411694114,15
2024-09-18 11:41:50.102000,416.2987678753514,1005
2024-09-18 11:41:50.120000,416.3004690165639,13
2024-09-18 11:41:50.182000,416.2969243215438,105
2024-09-18 11:41:50.274000,416.3582642400811,97
2024-09-18 11:41:50.363000,416.3289184539028,1000
2024-09-18 11:41:50.392000,416.3528152053248,15
2024-09-18 11:41:50.423000,416.2915554268889,13
2024-09-18 11:41:50.426000,416.3771113811853,100
2024-09-18 11:41:50.461000,416.3615252343896,14
2024-09-18 11:41:50.474000,416.32031829105193,1002
2024-09-18 11:41:50.742000,416.3758938353257,1005
2024-09-18 11:41:50.765000,416.3917233597694,999
2024-09-18 11:41:50.784000,416.3043724413471,98
2024-09-18 11:41:50.834000,416.3105260347066,997
2024-09-18 11:41:50.919000,416.33371913702905,104
2024-09-18 11:41:50.962000,416.34146421882633,5
2024-09-18 11:41:50.979000,416.3696463274735,101
2024-09-18 11:41:51.492000,416.3804309821936,1004
2024-09-18 11:41:52.015000,416.2803630891697,99
2024-09-18 11:41:52.053000,416.22111023456506,996
2024-09-18 11:41:52.130000,416.3503172942711,15
2024-09-18 11:41:52.145000,416.2278722431216,102
2024-09-18 11:41:52.290000,416.2270251435528,995
2024-09-18 11:41:52.291000,416.3064691874529,1001
2024-09-18 11:41:52.385000,416.289945781585,100
2024-09-18 11:41:52.482000,416.2733446918916,11
2024-09-18 11:41:52.483000,416.35672907738734,99
2024-09-18 11:41:52.524000,416.2500522346485,15
2024-09-18 11:41:52.566000,416.3142341617083,95
2024-09-18 11:41:52.658000,416.2807202512304,1005
2024-09-18 11:41:52.743000,416.2691774175336,97
2024-09-18 11:41:52.786000,416.2252373004984,105
2024-09-18 11:41:52.881000,416.3052870802279,96
2024-09-18 11:41:52.900000,416.3677373292627,6
2024-09-18 11:41:52.938000,416.3301799894695,99
2024-09-18 11:41:52.956000,416.2870152062696,101
2024-09-18 11:41:52.961000,416.3560183999888,999
2024-09-18 11:41:52.975000,416.3040858390349,997
2024-09-18 11:41:52.983000,416.2792080711103,10
2024-09-18 11:41:53.135000,416.2144655875971,1001
2024-09-18 11:41:53.143000,416.2303037139262,14
2024-09-18 11:41:53.226000,416.2441766521473,15
2024-09-18 11:41:53.241000,416.2007818794559,105
2024-09-18 11:41:53.346000,416.23681884252784,1001
2024-09-18 11:41:53.357000,416.2197087001506,103
2024-09-18 11:41:53.358000,416.2223843286076,1003
2024-09-18 11:41:53.372000,416.225485499665,998
2024-09-18 11:41:53.389000,416.2485735447715,1005
2024-09-18 11:41:53.405000,416.2323737169167,8
2024-09-18 11:41:53.535000,416.2119955908221,99
2024-09-18 11:41:53.551000,416.22607227309936,99
2024-09-18 11:41:53.655000,416.21632174430135,100
2024-09-18 11:41:53.718000,416.2301058470544,995
2024-09-18 11:41:53.727000,416.2198389959911,6
2024-09-18 11:41:53.781000,416.2109670504303,998
2024-09-18 11:41:53.823000,416.2195277421442,103
2024-09-18 11:41:53.845000,416.22099066265895,99
2024-09-18 11:41:53.853000,416.2068027376159,100
2024-09-18 11:41:53.891000,416.21988530200446,96
2024-09-18 11:41:53.932000,416.2201856875212,12
2024-09-18 11:41:53.936000,416.2126651880717,8
2024-09-18 11:41:53.989000,416.2201684568955,8
2024-09-18 11:41:53.998000,416.2476131019966,10
2024-09-18 11:41:54.117000,416.2266043250634,100
2024-09-18 11:41:54.118000,416.2127989926924,105
2024-09-18 11:41:54.135000,416.21344639872,103
2024-09-18 11:41:54.186000,416.2220257915697,997
2024-09-18 11:41:54.396000,416.2354888274443,1004
2024-09-18 11:41:54.494000,416.2521494869564,14
2024-09-18 11:41:54.722000,416.20835222795824,95
2024-09-18 11:41:54.755000,416.2317896150829,8
2024-09-18 11:41:54.759000,416.2514201661798,103
2024-09-18 11:41:54.870000,416.190600927921,99
2024-09-18 11:41:54.985000,416.22342443938544,1005
2024-09-18 11:41:54.988000,416.24590180246105,9
2024-09-18 11:41:55.137000,416.1671280953913,6
2024-09-18 11:41:55.150000,416.1854651368561,15
2024-09-18 11:41:55.153000,416.0998889716978,101
2024-09-18 11:41:55.177000,416.0996101558413,15
2024-09-18 11:41:55.246000,416.1556243187951,100
2024-09-18 11:41:55.290000,416.18740430611496,10
2024-09-18 11:41:55.294000,416.09170048897647,102
2024-09-18 11:41:55.295000,416.0968261234393,105
2024-09-18 11:41:55.365000,416.12529146054425,996
2024-09-18 11:41:55.392000,416.1424342474122,101
2024-09-18 11:41:55.396000,416.156176177485,5
2024-09-18 11:41:55.490000,416.08913403602594,14
2024-09-18 11:41:55.532000,416.109322246809,1003
2024-09-18 11:41:55.846000,416.10869473386384,995
2024-09-18 11:41:55.854000,416.0996339221721,98
2024-09-18 11:41:55.923000,416.0947590217755,103
2024-09-18 11:41:55.975000,416.1839725361777,999
2024-09-18 11:41:56.005000,416.0134765822589,1003
2024-09-18 11:41:56.006000,416.039406417408,14
2024-09-18 11:41:56.013000,416.0975296536488,102
2024-09-18 11:41:56.017000,416.01421650114514,13
2024-09-18 11:41:56.043000,416.0101031040184,1000
2024-09-18 11:41:56.075000,416.0724895792514,995
2024-09-18 11:41:56.183000,416.07923613587633,102
2024-09-18 11:41:56.197000,416.09971716906665,7
2024-09-18 11:41:56.218000,416.0186993756987,997
2024-09-18 11:41:56.264000,416.0242411920492,995
2024-09-18 11:41:56.275000,415.987468003016,1002
2024-09-18 11:41:56.307000,416.0772059362527,997
2024-09-18 11:41:56.324000,416.0453985310233,99
2024-09-18 11:41:56.510000,416.0693014073236,101
2024-09-18 11:41:56.534000,416.00664844164766,1003
2024-09-18 11:41:56.552000,416.0491880519366,104
2024-09-18 11:41:56.614000,416.07587324856553,12
2024-09-18 11:41:56.687000,415.9950660760543,103
2024-09-18 11:41:56.717000,416.1054434400469,12
2024-09-18 11:41:56.730000,416.07229056517633,995
2024-09-18 11:41:56.797000,416.0581930288018,101
2024-09-18 11:41:56.886000,416.0548400580247,97
2024-09-18 11:41:56.893000,416.0136029213287,999
2024-09-18 11:41:56.961000,416.05549073268486,996
2024-09-18 11:41:56.971000,416.01352551860174,102
2024-09-18 11:41:57.221000,415.9607738879367,102
2024-09-18 11:41:57.306000,415.9686521125867,103
2024-09-18 11:41:57.359000,415.9801862755144,95
2024-09-18 11:41:57.728000,415.963245082328,105
2024-09-18 11:41:57.744000,415.97624582726246,1003
2024-09-18 11:41:57.830000,415.97430576091057,100
2024-09-18 11:41:57.941000,415.98761565124767,99
2024-09-18 11:41:58.030000,415.97009340805664,100
2024-09-18 11:41:58.040000,415.980896112274,13
2024-09-18 11:41:58.082000,415.9846257811427,101
2024-09-18 11:41:58.103000,415.9559603735265,103
2024-09-18 11:41:58.122000,415.9832231316177,1005
2024-09-18 11:41:58.218000,415.9494208807396,13
2024-09-18 11:41:58.256000,415.989407061808,5
2024-09-18 11:41:58.285000,415.9378540660668,97
2024-09-18 11:41:58.291000,415.943373099036,999
2024-09-18 11:41:58.442000,415.98100143853054,11
2024-09-18 11:41:58.447000,415.9613737747017,7
2024-09-18 11:41:58.467000,415.97039223145936,12
2024-09-18 11:41:58.507000,415.9823928089619,6
2024-09-18 11:41:58.657000,415.96970924689504,7
2024-09-18 11:41:58.659000,415.9898334448059,11
2024-09-18 11:41:58.680000,415.97229252821165,13
2024-09-18 11:41:58.704000,415.9957378490013,102
2024-09-18 11:41:58.904000,415.9894065191382,103
2024-09-18 11:41:58.936000,415.958895628052,1004
