Timestamp,Price,Size
2024-09-19 14:26:00.004000,418.9981746143177,999
2024-09-19 14:26:00.026000,419.0752333488464,97
2024-09-19 14:26:00.112000,419.00032829959696,999
2024-09-19 14:26:00.132000,418.95928827491633,105
2024-09-19 14:26:00.187000,419.0037759841799,9
2024-09-19 14:26:00.213000,419.08535001888896,105
2024-09-19 14:26:00.224000,419.08304966783294,105
2024-09-19 14:26:00.279000,419.0721691332643,95
2024-09-19 14:26:00.347000,419.0565623210619,13
2024-09-19 14:26:00.369000,419.0036632873105,5
2024-09-19 14:26:00.459000,419.0573850037792,1005
2024-09-19 14:26:00.500000,419.0565918651754,1001
2024-09-19 14:26:00.507000,418.9644630788847,1005
2024-09-19 14:26:00.536000,419.044046430723,97
2024-09-19 14:26:00.582000,419.02034287596,103
2024-09-19 14:26:00.605000,419.0605555780168,105
2024-09-19 14:26:00.695000,419.01208126126994,11
2024-09-19 14:26:00.887000,419.0661504185576,9
2024-09-19 14:26:00.960000,419.053840146044,101
2024-09-19 14:26:00.998000,418.9732581429775,11
2024-09-19 14:26:01.027000,419.0035635941292,1004
2024-09-19 14:26:01.233000,419.0301394910181,15
2024-09-19 14:26:01.409000,419.0189967324303,99
2024-09-19 14:26:01.422000,419.01688610114064,9
2024-09-19 14:26:01.430000,419.0170843440487,95
2024-09-19 14:26:01.443000,419.0619506339879,9
2024-09-19 14:26:01.470000,418.9809409907298,1005
2024-09-19 14:26:01.494000,418.99301268302906,102
2024-09-19 14:26:01.524000,419.0274264907609,996
2024-09-19 14:26:01.546000,419.0408163878036,15
2024-09-19 14:26:01.660000,419.0002526349572,100
2024-09-19 14:26:01.712000,418.9972640723608,996
2024-09-19 14:26:01.712000,419.0137930101413,1002
2024-09-19 14:26:01.822000,419.0059640081883,998
2024-09-19 14:26:01.838000,419.0293384679245,999
2024-09-19 14:26:01.847000,419.0266706672288,100
2024-09-19 14:26:01.911000,419.00986063753976,15
2024-09-19 14:26:01.931000,419.0467936300933,98
2024-09-19 14:26:01.944000,419.0160975092423,15
2024-09-19 14:26:01.976000,419.01323296786177,996
2024-09-19 14:26:02.249000,418.98474463218895,8
2024-09-19 14:26:03.221000,418.93974060361535,5
2024-09-19 14:26:03.359000,419.0122512097751,1000
2024-09-19 14:26:03.576000,418.9413474268927,9
2024-09-19 14:26:03.603000,418.994509213349,12
2024-09-19 14:26:03.756000,419.00556838607486,8
2024-09-19 14:26:03.853000,418.9669220201306,14
2024-09-19 14:26:03.885000,418.94709896082895,97
2024-09-19 14:26:03.955000,418.9788104971597,97
2024-09-19 14:26:03.968000,418.9851293374694,105
2024-09-19 14:26:04.120000,418.9739474982312,998
2024-09-19 14:26:04.227000,418.9474094990124,5
2024-09-19 14:26:04.380000,418.95045832212367,997
2024-09-19 14:26:04.457000,418.95556954914144,995
2024-09-19 14:26:04.574000,418.9647475640097,13
2024-09-19 14:26:04.671000,418.98694443736326,999
2024-09-19 14:26:04.715000,418.93602686510127,101
2024-09-19 14:26:04.813000,418.94034039490094,102
2024-09-19 14:26:04.819000,418.9511676647545,5
2024-09-19 14:26:04.857000,418.9840462894504,100
2024-09-19 14:26:05.060000,418.9790118931559,105
2024-09-19 14:26:05.083000,419.0052859754679,8
2024-09-19 14:26:05.103000,418.9970675130332,996
2024-09-19 14:26:05.127000,418.9773355043689,11
2024-09-19 14:26:05.167000,418.9890300454685,1003
2024-09-19 14:26:05.244000,418.9971626931224,999
2024-09-19 14:26:05.279000,418.9984210419631,105
2024-09-19 14:26:05.345000,418.9963454714504,101
2024-09-19 14:26:05.390000,418.9787129587617,14
2024-09-19 14:26:05.434000,418.9870480404381,6
2024-09-19 14:26:05.435000,418.9775992171087,998
2024-09-19 14:26:05.436000,418.9843116058397,97
2024-09-19 14:26:05.691000,418.9869054196004,102
2024-09-19 14:26:05.804000,419.01087982372127,97
2024-09-19 14:26:05.837000,419.0036115780783,996
2024-09-19 14:26:05.854000,418.98487668503407,1000
2024-09-19 14:26:05.866000,418.9865074524424,998
2024-09-19 14:26:05.911000,418.9992741511781,6
2024-09-19 14:26:06.019000,419.0149427347584,7
2024-09-19 14:26:06.097000,419.0002218439409,101
2024-09-19 14:26:06.791000,419.0199963574353,97
2024-09-19 14:26:06.860000,419.0236165508141,13
2024-09-19 14:26:07.061000,418.9651623523993,11
2024-09-19 14:26:07.191000,418.9785679857165,1004
2024-09-19 14:26:07.253000,418.985808985544,998
2024-09-19 14:26:07.263000,418.9945367093859,103
2024-09-19 14:26:07.349000,418.95428157037327,14
2024-09-19 14:26:07.443000,418.98007830131246,1001
2024-09-19 14:26:07.551000,418.9703044821864,6
2024-09-19 14:26:07.642000,418.9527300664863,104
2024-09-19 14:26:07.861000,418.9436268433143,997
2024-09-19 14:26:09.216000,418.9387294486032,98
2024-09-19 14:26:09.669000,418.9763950041929,15
2024-09-19 14:26:09.785000,418.9551729451176,14
2024-09-19 14:26:09.892000,418.9340741587657,98
2024-09-19 14:26:09.945000,418.93746656452527,995
2024-09-19 14:26:09.986000,418.9744328141064,101
2024-09-19 14:26:11.071000,418.9196769129213,15
2024-09-19 14:26:11.101000,418.9173555727994,97
2024-09-19 14:26:11.143000,418.92082772407497,95
2024-09-19 14:26:11.232000,418.9172027000576,95
2024-09-19 14:26:11.253000,418.9303321437737,10
2024-09-19 14:26:11.331000,418.9219540571904,7
2024-09-19 14:26:11.343000,418.9182624918552,9
2024-09-19 14:26:11.375000,418.9061726288046,102
2024-09-19 14:26:11.391000,418.9069908243328,996
2024-09-19 14:26:11.432000,418.9337673122504,9
2024-09-19 14:26:11.516000,418.9295259819265,999
2024-09-19 14:26:11.558000,418.9012629400673,996
2024-09-19 14:26:11.563000,418.9304412877396,105
2024-09-19 14:26:11.597000,418.9372396348809,96
2024-09-19 14:26:11.665000,418.9021345892514,104
2024-09-19 14:26:11.666000,418.909906278327,101
2024-09-19 14:26:11.760000,418.9283280748096,6
2024-09-19 14:26:11.865000,418.92773584638064,1004
2024-09-19 14:26:11.901000,418.9230383765157,999
2024-09-19 14:26:11.928000,418.9170175678112,104
2024-09-19 14:26:11.962000,418.9160442370175,1003
2024-09-19 14:26:12.045000,418.87721013305816,997
2024-09-19 14:26:12.071000,418.9080582761697,10
2024-09-19 14:26:12.245000,418.8623354110008,14
2024-09-19 14:26:12.267000,418.88707650916336,14
2024-09-19 14:26:12.268000,418.90779959466266,104
2024-09-19 14:26:12.289000,418.91006129095217,11
2024-09-19 14:26:12.327000,418.8577452217639,1000
2024-09-19 14:26:12.340000,418.8748866503629,102
2024-09-19 14:26:12.445000,418.8549903487758,998
2024-09-19 14:26:12.465000,418.9079101147522,1003
2024-09-19 14:26:12.484000,418.8417621996977,5
2024-09-19 14:26:12.489000,418.8808973860056,1001
2024-09-19 14:26:12.490000,418.88366436537785,8
2024-09-19 14:26:12.523000,418.8459018442642,997
2024-09-19 14:26:12.524000,418.87513221320125,97
2024-09-19 14:26:12.569000,418.8823972262997,102
2024-09-19 14:26:12.656000,418.8485276591624,996
2024-09-19 14:26:12.720000,418.8867888379201,1004
2024-09-19 14:26:12.757000,418.8883547729523,98
2024-09-19 14:26:12.855000,418.8881108498436,1004
2024-09-19 14:26:12.888000,418.8349739714259,12
2024-09-19 14:26:12.937000,418.88550797433817,10
2024-09-19 14:26:12.939000,418.9202982575599,999
2024-09-19 14:26:12.966000,418.8483694147813,996
2024-09-19 14:26:12.998000,418.91048966394754,104
2024-09-19 14:26:12.998000,418.9257554561614,104
2024-09-19 14:26:13.081000,418.8448036342663,101
2024-09-19 14:26:13.085000,418.842939391146,6
2024-09-19 14:26:13.181000,418.83089679680063,104
2024-09-19 14:26:13.183000,418.84355042990063,98
2024-09-19 14:26:13.196000,418.8514871769143,102
2024-09-19 14:26:13.227000,418.8642858968665,96
2024-09-19 14:26:13.253000,418.8587834822533,996
2024-09-19 14:26:13.390000,418.8336133587791,995
2024-09-19 14:26:13.511000,418.80216350878015,96
2024-09-19 14:26:13.539000,418.80292809477146,1004
2024-09-19 14:26:13.643000,418.8553893057416,98
2024-09-19 14:26:13.682000,418.8800765035175,1005
2024-09-19 14:26:13.743000,418.84460786017,14
2024-09-19 14:26:13.762000,418.8667862144263,998
2024-09-19 14:26:13.803000,418.8314282724925,11
2024-09-19 14:26:13.859000,418.880706230766,1004
2024-09-19 14:26:13.894000,418.84321200154113,11
2024-09-19 14:26:13.944000,418.8234551047544,97
2024-09-19 14:26:13.967000,418.8522086313652,100
2024-09-19 14:26:13.994000,418.8610715781386,101
2024-09-19 14:26:14.126000,418.81718909306,95
2024-09-19 14:26:14.155000,418.8269342746786,96
2024-09-19 14:26:14.190000,418.8041980530484,5
2024-09-19 14:26:14.206000,418.8156207121459,7
2024-09-19 14:26:14.283000,418.8168413512744,997
2024-09-19 14:26:14.356000,418.8101944791152,998
2024-09-19 14:26:14.460000,418.8123478533333,102
2024-09-19 14:26:14.611000,418.8158088155301,995
2024-09-19 14:26:14.725000,418.825683157259,103
2024-09-19 14:26:14.729000,418.8260348174632,105
2024-09-19 14:26:14.737000,418.8306329502794,9
2024-09-19 14:26:14.749000,418.83130076939045,1002
2024-09-19 14:26:14.907000,418.8021626640332,10
2024-09-19 14:26:14.926000,418.8020348243025,105
2024-09-19 14:26:14.930000,418.8054147172956,10
2024-09-19 14:26:14.986000,418.79630277861486,7
2024-09-19 14:26:15.042000,418.8003409212682,995
2024-09-19 14:26:15.067000,418.7658859454335,95
2024-09-19 14:26:15.270000,418.8290236589812,15
2024-09-19 14:26:15.335000,418.827447006549,99
2024-09-19 14:26:15.346000,418.7627390719728,1002
2024-09-19 14:26:15.409000,418.7888997533948,102
2024-09-19 14:26:15.463000,418.77903356635454,14
2024-09-19 14:26:15.534000,418.7725817751574,10
2024-09-19 14:26:15.610000,418.7559397934506,1000
2024-09-19 14:26:15.951000,418.7471366067902,104
2024-09-19 14:26:15.958000,418.7868013170635,1005
2024-09-19 14:26:16.010000,418.83336176268574,98
2024-09-19 14:26:16.037000,418.8149473274818,104
2024-09-19 14:26:16.120000,418.78443546528337,1005
2024-09-19 14:26:16.122000,418.7566850228442,12
2024-09-19 14:26:16.147000,418.8186423745601,995
2024-09-19 14:26:16.178000,418.8174824434481,101
2024-09-19 14:26:16.295000,418.7587427036236,15
2024-09-19 14:26:16.346000,418.7752907965453,14
2024-09-19 14:26:16.361000,418.8084107596897,102
2024-09-19 14:26:16.380000,418.7405031439236,1002
2024-09-19 14:26:16.413000,418.8057966372508,1001
2024-09-19 14:26:16.481000,418.7594522999226,96
2024-09-19 14:26:16.484000,418.800150007317,7
2024-09-19 14:26:16.499000,418.8242701692296,15
2024-09-19 14:26:16.531000,418.7735890294673,9
2024-09-19 14:26:16.560000,418.7661265121578,12
2024-09-19 14:26:16.565000,418.76931586916055,1002
2024-09-19 14:26:16.586000,418.7759942016809,104
2024-09-19 14:26:16.594000,418.78808861849296,102
2024-09-19 14:26:16.617000,418.7999055086953,102
2024-09-19 14:26:16.696000,418.7543559041525,96
2024-09-19 14:26:16.743000,418.7940659525591,105
2024-09-19 14:26:16.807000,418.7907590445012,9
2024-09-19 14:26:16.848000,418.765463827632,14
2024-09-19 14:26:16.856000,418.7682893593404,995
2024-09-19 14:26:16.907000,418.779226104442,14
2024-09-19 14:26:16.985000,418.76886131085536,9
2024-09-19 14:26:17.067000,418.8368037460018,1002
2024-09-19 14:26:17.161000,418.850662413463,97
2024-09-19 14:26:17.239000,418.8420510424175,1001
2024-09-19 14:26:17.752000,418.8446238828839,98
2024-09-19 14:26:17.846000,418.84187644125166,995
2024-09-19 14:26:17.965000,418.83652377267214,98
2024-09-19 14:26:18.263000,418.8134668531743,96
2024-09-19 14:26:18.299000,418.8289089758062,15
2024-09-19 14:26:18.438000,418.8151740799588,1002
2024-09-19 14:26:18.582000,418.8191122894203,103
2024-09-19 14:26:18.765000,418.839044930049,1002
2024-09-19 14:26:18.791000,418.80983333144354,96
2024-09-19 14:26:18.913000,418.8217744638381,1005
2024-09-19 14:26:19.151000,418.83153548855626,100
2024-09-19 14:26:19.211000,418.8367483584442,15
2024-09-19 14:26:20.002000,418.8700795054353,6
2024-09-19 14:26:20.063000,418.8457545513246,15
2024-09-19 14:26:20.068000,418.8340402098669,103
2024-09-19 14:26:20.129000,418.8604210843944,101
2024-09-19 14:26:20.391000,418.8140698797653,1001
2024-09-19 14:26:20.425000,418.8824685096657,97
2024-09-19 14:26:20.445000,418.8124192565888,8
2024-09-19 14:26:20.454000,418.82851729450994,995
2024-09-19 14:26:20.714000,418.8223790282319,6
2024-09-19 14:26:20.824000,418.817845637069,1004
2024-09-19 14:26:20.825000,418.8343449320846,997
2024-09-19 14:26:20.872000,418.878672630168,102
2024-09-19 14:26:20.961000,418.8637033657343,8
2024-09-19 14:26:20.979000,418.8521769929088,13
2024-09-19 14:26:21.038000,418.8669812508762,103
2024-09-19 14:26:21.053000,418.8734799776168,996
2024-09-19 14:26:21.117000,418.8786009745722,100
2024-09-19 14:26:21.203000,418.8731728174408,1002
2024-09-19 14:26:21.231000,418.8703756457694,1003
2024-09-19 14:26:21.258000,418.8530347860696,1005
2024-09-19 14:26:21.467000,418.8906417020288,95
2024-09-19 14:26:21.470000,418.8664057593517,1000
2024-09-19 14:26:21.504000,418.8795166253234,103
2024-09-19 14:26:21.537000,418.8723257587034,101
2024-09-19 14:26:21.989000,418.8929599516993,96
2024-09-19 14:26:22.003000,418.93757751330855,104
2024-09-19 14:26:22.033000,418.92519325786407,11
2024-09-19 14:26:22.051000,418.8420875885117,5
2024-09-19 14:26:22.119000,418.9434584807036,1003
2024-09-19 14:26:22.146000,418.85120503884895,6
2024-09-19 14:26:22.216000,418.85978163595735,7
2024-09-19 14:26:22.225000,418.9229812394616,15
2024-09-19 14:26:22.240000,418.9226564114068,12
2024-09-19 14:26:22.282000,418.9022975831646,15
2024-09-19 14:26:22.315000,418.8530902485312,13
2024-09-19 14:26:22.361000,418.9447484437397,15
2024-09-19 14:26:22.420000,418.8574008871162,101
2024-09-19 14:26:22.601000,418.8776903641013,104
2024-09-19 14:26:22.640000,418.8730010942138,7
2024-09-19 14:26:22.676000,418.9406921759039,8
2024-09-19 14:26:22.721000,418.8551412489026,105
2024-09-19 14:26:22.730000,418.8606226934558,5
2024-09-19 14:26:22.754000,418.928818877302,999
2024-09-19 14:26:22.786000,418.9531755922334,11
2024-09-19 14:26:22.792000,418.8326932659954,105
2024-09-19 14:26:22.807000,418.83338498348064,104
2024-09-19 14:26:22.827000,418.9127146130473,5
2024-09-19 14:26:22.832000,418.93286206233097,100
2024-09-19 14:26:22.898000,418.84903967229207,998
2024-09-19 14:26:22.904000,418.8940493390622,15
2024-09-19 14:26:23.012000,418.9410505812014,100
2024-09-19 14:26:23.143000,418.8847590048901,996
2024-09-19 14:26:23.216000,418.89900711863976,104
2024-09-19 14:26:23.288000,418.8887134605112,10
2024-09-19 14:26:23.311000,418.9202337408065,102
2024-09-19 14:26:23.495000,418.9439496759206,999
2024-09-19 14:26:23.496000,418.9076665045197,1000
2024-09-19 14:26:23.524000,418.9345372993617,999
2024-09-19 14:26:23.586000,418.9202075396241,96
2024-09-19 14:26:23.627000,418.8913756381754,103
2024-09-19 14:26:23.764000,418.89706151709015,9
2024-09-19 14:26:23.773000,418.92761770765577,97
2024-09-19 14:26:23.812000,418.8973718248806,1003
2024-09-19 14:26:23.834000,418.949247482687,99
2024-09-19 14:26:23.857000,418.8953703386657,98
2024-09-19 14:26:24.441000,418.9321102103315,13
2024-09-19 14:26:25.037000,418.84996676073945,95
2024-09-19 14:26:25.042000,418.8494774318908,99
2024-09-19 14:26:25.045000,418.85672798664245,98
2024-09-19 14:26:25.061000,418.83024129383176,998
2024-09-19 14:26:25.118000,418.9158484144336,6
2024-09-19 14:26:25.305000,418.8550903907321,15
2024-09-19 14:26:25.447000,418.8418458053037,104
2024-09-19 14:26:25.494000,418.824280782878,12
2024-09-19 14:26:25.634000,418.8714525504413,999
2024-09-19 14:26:25.637000,418.9313705604854,1000
2024-09-19 14:26:25.654000,418.8901521137988,99
2024-09-19 14:26:25.761000,418.8315824198153,999
2024-09-19 14:26:25.867000,418.8960804095704,5
2024-09-19 14:26:25.896000,418.88446474934295,101
2024-09-19 14:26:25.900000,418.8904271873944,7
2024-09-19 14:26:25.940000,418.8992321687047,997
2024-09-19 14:26:26.102000,418.9505325316392,103
2024-09-19 14:26:26.128000,418.8793145590157,6
2024-09-19 14:26:26.197000,418.84342225653415,104
2024-09-19 14:26:26.199000,418.8807631806442,100
2024-09-19 14:26:26.216000,418.95901190656525,1001
2024-09-19 14:26:26.217000,418.8546074334001,1004
2024-09-19 14:26:26.245000,418.9598635782464,102
2024-09-19 14:26:26.364000,418.97619430434526,14
2024-09-19 14:26:26.374000,418.9738432664635,102
2024-09-19 14:26:26.445000,418.9854701909121,96
2024-09-19 14:26:26.454000,418.8354485033724,105
2024-09-19 14:26:26.489000,418.96994117856303,101
2024-09-19 14:26:26.490000,418.9759702597447,1001
2024-09-19 14:26:26.513000,418.9091381677555,996
2024-09-19 14:26:26.523000,418.8763478549812,1000
2024-09-19 14:26:26.617000,418.9453211674139,1002
2024-09-19 14:26:26.758000,418.96123283719226,1002
2024-09-19 14:26:26.769000,418.8901418654585,11
2024-09-19 14:26:26.875000,418.9809632346992,101
2024-09-19 14:26:26.887000,418.9210515416133,995
2024-09-19 14:26:26.917000,418.9556414887022,105
2024-09-19 14:26:26.930000,418.8811902115205,1005
2024-09-19 14:26:26.950000,418.9726957817994,1000
2024-09-19 14:26:27.523000,418.98025523698135,1000
2024-09-19 14:26:27.685000,418.9689867131451,96
2024-09-19 14:26:27.947000,418.97992084126383,1002
2024-09-19 14:26:28.038000,418.98774838896287,12
2024-09-19 14:26:28.174000,418.9989172424832,95
2024-09-19 14:26:28.187000,418.982884637947,12
2024-09-19 14:26:28.733000,418.971702657355,12
2024-09-19 14:26:28.811000,418.9932903014357,1001
2024-09-19 14:26:28.875000,418.9762496713216,7
2024-09-19 14:26:29.056000,418.99878222986166,1000
2024-09-19 14:26:29.125000,418.97645399362153,1000
2024-09-19 14:26:29.309000,418.9795235338075,15
2024-09-19 14:26:29.539000,418.9866270869896,998
2024-09-19 14:26:29.573000,418.987818171558,101
2024-09-19 14:26:29.577000,419.00102224789424,995
2024-09-19 14:26:29.636000,418.9864014608566,998
2024-09-19 14:26:29.646000,419.0333827327743,105
2024-09-19 14:26:29.744000,418.9892794356558,12
2024-09-19 14:26:29.750000,419.0389594088216,997
2024-09-19 14:26:29.798000,418.9907422934114,105
2024-09-19 14:26:29.800000,419.0032199575815,1001
2024-09-19 14:26:29.964000,418.9865477592115,10
2024-09-19 14:26:30.034000,419.0740001397699,99
2024-09-19 14:26:30.068000,419.02476226631626,101
2024-09-19 14:26:30.128000,419.0480226427288,6
2024-09-19 14:26:30.210000,419.043023605495,1003
2024-09-19 14:26:30.224000,419.0640108447684,15
2024-09-19 14:26:30.275000,419.0342672446709,12
2024-09-19 14:26:30.334000,419.0483351073432,103
2024-09-19 14:26:30.336000,419.0408913986867,103
2024-09-19 14:26:30.439000,419.0308535384218,105
2024-09-19 14:26:30.475000,419.0226013838496,1005
2024-09-19 14:26:30.535000,419.0592416531819,8
2024-09-19 14:26:30.546000,419.0363886933857,1002
2024-09-19 14:26:30.563000,419.01636546849846,104
2024-09-19 14:26:30.566000,419.03209544540186,1003
2024-09-19 14:26:30.720000,419.09099588801314,105
2024-09-19 14:26:30.836000,419.0786527658638,99
2024-09-19 14:26:30.855000,419.0602120125226,100
2024-09-19 14:26:30.931000,419.0293944411268,102
2024-09-19 14:26:30.994000,419.04985525991873,100
2024-09-19 14:26:31.069000,419.0477235296648,97
2024-09-19 14:26:31.233000,419.0413970446225,97
2024-09-19 14:26:31.247000,419.0734544527411,1001
2024-09-19 14:26:31.260000,419.086848500522,5
2024-09-19 14:26:31.277000,419.1394538064421,97
2024-09-19 14:26:31.282000,419.03693478384497,999
2024-09-19 14:26:31.284000,419.1329402512008,104
2024-09-19 14:26:31.336000,419.0464216593121,100
2024-09-19 14:26:31.404000,419.1044321230136,14
2024-09-19 14:26:31.417000,419.0821388667349,12
2024-09-19 14:26:31.425000,419.0516019493864,13
2024-09-19 14:26:31.425000,419.13262165893207,102
2024-09-19 14:26:31.520000,419.0616296695123,102
2024-09-19 14:26:31.653000,419.07098777099856,11
2024-09-19 14:26:31.821000,419.04513744369706,999
2024-09-19 14:26:31.854000,419.1150045887391,11
2024-09-19 14:26:31.869000,419.04511526441087,1003
2024-09-19 14:26:31.871000,419.0678055340039,105
2024-09-19 14:26:31.872000,419.1204474065496,95
2024-09-19 14:26:31.906000,419.0492662570159,99
2024-09-19 14:26:31.932000,419.058266145424,104
2024-09-19 14:26:31.962000,419.04483728559455,100
2024-09-19 14:26:31.974000,419.10506447851634,98
2024-09-19 14:26:32.027000,419.1136355923846,13
2024-09-19 14:26:32.085000,419.0894992586697,100
2024-09-19 14:26:32.166000,419.11908684510223,15
2024-09-19 14:26:32.190000,419.0831078484639,11
2024-09-19 14:26:32.203000,419.1096355512822,1000
2024-09-19 14:26:32.246000,419.1038626827788,96
2024-09-19 14:26:32.303000,419.0964250998195,997
2024-09-19 14:26:32.401000,419.0910843218437,997
2024-09-19 14:26:32.442000,419.1138682052924,1005
2024-09-19 14:26:32.471000,419.08266613819546,9
2024-09-19 14:26:32.523000,419.1182442997368,6
2024-09-19 14:26:32.543000,419.09558802749234,11
2024-09-19 14:26:32.642000,419.1062921733829,98
2024-09-19 14:26:32.715000,419.0933445911261,999
2024-09-19 14:26:32.894000,419.0976807128077,1004
2024-09-19 14:26:33.039000,419.0965761159355,8
2024-09-19 14:26:33.163000,419.1302373190255,1002
2024-09-19 14:26:33.168000,419.20389034313456,7
2024-09-19 14:26:33.174000,419.1095520293191,1003
2024-09-19 14:26:33.194000,419.1691692763499,12
2024-09-19 14:26:33.205000,419.1848601809102,997
2024-09-19 14:26:33.250000,419.1783429127661,8
2024-09-19 14:26:33.309000,419.1324507168773,997
2024-09-19 14:26:33.347000,419.1816759435219,1002
2024-09-19 14:26:33.367000,419.1987687532896,15
2024-09-19 14:26:33.409000,419.1691195302518,104
2024-09-19 14:26:33.501000,419.1487752669789,12
2024-09-19 14:26:33.541000,419.1886432458946,1002
2024-09-19 14:26:33.567000,419.1645047374426,14
2024-09-19 14:26:33.597000,419.1899860546858,13
2024-09-19 14:26:33.648000,419.1676077100671,14
2024-09-19 14:26:33.680000,419.1460861681538,95
2024-09-19 14:26:33.779000,419.1831777382965,96
2024-09-19 14:26:33.807000,419.1941643036435,1003
2024-09-19 14:26:33.862000,419.2014198317091,998
2024-09-19 14:26:33.881000,419.1759484748738,13
2024-09-19 14:26:33.892000,419.1176280315719,1003
2024-09-19 14:26:33.939000,419.1901155362659,101
2024-09-19 14:26:33.963000,419.1742200471248,11
2024-09-19 14:26:34.326000,419.19022104456064,14
2024-09-19 14:26:34.327000,419.186104002294,98
2024-09-19 14:26:34.522000,419.1999741906987,1001
2024-09-19 14:26:34.602000,419.1880293735241,98
2024-09-19 14:26:34.615000,419.18659524562935,999
2024-09-19 14:26:35.110000,419.2074121901966,7
2024-09-19 14:26:35.287000,419.1849433594628,98
2024-09-19 14:26:35.438000,419.2002677482208,96
2024-09-19 14:26:35.441000,419.18630230989214,11
2024-09-19 14:26:36.020000,419.1748547168886,995
2024-09-19 14:26:36.048000,419.18609193501953,7
2024-09-19 14:26:36.191000,419.1956336695585,100
2024-09-19 14:26:36.239000,419.1726828240473,97
2024-09-19 14:26:36.270000,419.1818870729287,105
2024-09-19 14:26:36.278000,419.16766847442045,1000
2024-09-19 14:26:36.374000,419.1589088505041,95
2024-09-19 14:26:36.398000,419.13559653198814,1005
2024-09-19 14:26:36.445000,419.1805012951595,10
2024-09-19 14:26:36.545000,419.1715112483585,99
2024-09-19 14:26:36.579000,419.1491266797963,11
2024-09-19 14:26:36.666000,419.1845411932246,1001
2024-09-19 14:26:36.714000,419.2082041492636,99
2024-09-19 14:26:36.722000,419.16277484876525,997
2024-09-19 14:26:36.748000,419.1486009980725,1004
2024-09-19 14:26:36.772000,419.13956629606565,998
2024-09-19 14:26:36.778000,419.1419826129492,102
2024-09-19 14:26:36.809000,419.1781641640158,98
2024-09-19 14:26:36.824000,419.1958640369444,10
2024-09-19 14:26:36.846000,419.190568934382,95
2024-09-19 14:26:36.876000,419.18300469795537,1004
2024-09-19 14:26:36.890000,419.196341523842,998
2024-09-19 14:26:36.928000,419.17181080244126,101
2024-09-19 14:26:36.972000,419.1822881538547,996
2024-09-19 14:26:36.989000,419.16725154934375,101
2024-09-19 14:26:37.064000,419.1178383337102,101
2024-09-19 14:26:37.069000,419.1507917442349,1003
2024-09-19 14:26:37.147000,419.13385650471264,95
2024-09-19 14:26:37.259000,419.1302064336242,997
2024-09-19 14:26:37.362000,419.12250507341736,1001
2024-09-19 14:26:37.379000,419.1292143551997,9
2024-09-19 14:26:37.382000,419.1343540536589,99
2024-09-19 14:26:37.495000,419.13829422467296,997
2024-09-19 14:26:37.548000,419.135248696855,10
2024-09-19 14:26:37.594000,419.1135250985528,99
2024-09-19 14:26:37.776000,419.11703865445855,102
2024-09-19 14:26:37.886000,419.1279421386012,99
2024-09-19 14:26:37.936000,419.1239845326672,9
2024-09-19 14:26:37.936000,419.1233627128724,103
2024-09-19 14:26:37.937000,419.1560897076414,1001
2024-09-19 14:26:39.055000,419.10384263516215,101
2024-09-19 14:26:39.087000,419.1229075657256,6
2024-09-19 14:26:39.089000,419.0527291579269,6
2024-09-19 14:26:39.117000,419.0568941208108,99
2024-09-19 14:26:39.150000,419.0731288950809,995
2024-09-19 14:26:39.181000,419.0880076146914,996
2024-09-19 14:26:39.295000,419.1210327242763,100
2024-09-19 14:26:39.306000,419.07897398877446,7
2024-09-19 14:26:39.322000,419.0666923858404,7
2024-09-19 14:26:39.324000,419.10821135581097,11
2024-09-19 14:26:39.426000,419.0635198698368,103
2024-09-19 14:26:39.730000,419.051248927252,96
2024-09-19 14:26:39.853000,419.0660297483543,995
2024-09-19 14:26:40.004000,419.0445334368116,1003
2024-09-19 14:26:40.039000,419.01517566459273,96
2024-09-19 14:26:40.073000,419.0320799524961,100
2024-09-19 14:26:40.080000,419.0440483741379,98
2024-09-19 14:26:40.141000,419.07113749520965,11
2024-09-19 14:26:40.149000,419.0099020160423,99
2024-09-19 14:26:40.155000,419.0474334031207,95
2024-09-19 14:26:40.175000,419.0768878731514,5
2024-09-19 14:26:40.253000,419.00964853220825,1004
2024-09-19 14:26:40.286000,419.0453879630393,1003
2024-09-19 14:26:40.344000,419.03075784968553,15
2024-09-19 14:26:40.413000,419.03971214030287,6
2024-09-19 14:26:40.451000,419.022846565997,103
2024-09-19 14:26:40.515000,419.0151919143522,1001
2024-09-19 14:26:40.699000,419.0433731425655,10
2024-09-19 14:26:40.727000,419.066951614656,996
2024-09-19 14:26:40.855000,419.041243760166,999
2024-09-19 14:26:40.972000,419.03505904092594,1002
2024-09-19 14:26:41.305000,419.1081575152115,99
2024-09-19 14:26:41.348000,419.1072064679583,7
2024-09-19 14:26:41.526000,419.128533548695,999
2024-09-19 14:26:41.844000,419.0922772830443,14
2024-09-19 14:26:42.153000,419.08906371131417,12
2024-09-19 14:26:42.181000,419.1159318826057,1005
2024-09-19 14:26:42.274000,419.0967379586397,8
2024-09-19 14:26:42.315000,419.04810505108657,1002
2024-09-19 14:26:42.372000,419.0849936013994,14
2024-09-19 14:26:42.381000,419.09275470960296,11
2024-09-19 14:26:42.500000,419.085333958064,1001
2024-09-19 14:26:42.655000,419.0928018394492,100
2024-09-19 14:26:42.833000,419.08195723156615,13
2024-09-19 14:26:42.865000,419.12644132285055,14
2024-09-19 14:26:42.935000,419.085151553076,1003
2024-09-19 14:26:43.146000,419.03950117533566,97
2024-09-19 14:26:43.168000,419.0324941876791,104
2024-09-19 14:26:43.242000,419.0362041279996,996
2024-09-19 14:26:43.366000,419.0440831991304,14
2024-09-19 14:26:43.427000,419.04558029083336,6
2024-09-19 14:26:43.449000,419.0525273170687,95
2024-09-19 14:26:43.553000,419.0590630148178,1001
2024-09-19 14:26:43.585000,419.0418235722702,1004
2024-09-19 14:26:43.618000,419.0391354915853,8
2024-09-19 14:26:43.660000,419.0499488339521,8
2024-09-19 14:26:43.784000,419.0486538173071,1000
2024-09-19 14:26:43.808000,419.0398213465903,95
2024-09-19 14:26:43.875000,419.04902253435415,9
2024-09-19 14:26:44.049000,419.051900600562,102
2024-09-19 14:26:44.100000,419.0587558208939,8
2024-09-19 14:26:44.105000,419.0356324395797,1005
2024-09-19 14:26:44.163000,419.0696163324975,1004
2024-09-19 14:26:44.233000,419.0989441573038,100
2024-09-19 14:26:44.254000,419.054585231266,11
2024-09-19 14:26:44.324000,419.06617451120616,998
2024-09-19 14:26:44.557000,419.0491988915878,999
2024-09-19 14:26:44.580000,419.0572062642021,96
2024-09-19 14:26:44.649000,419.0504925169662,102
2024-09-19 14:26:44.653000,419.07685437560974,998
2024-09-19 14:26:44.680000,419.0566808264185,96
2024-09-19 14:26:44.694000,419.0542004528469,12
2024-09-19 14:26:44.760000,419.0793942815228,101
2024-09-19 14:26:44.803000,419.0672926617102,997
2024-09-19 14:26:44.834000,419.0604362183478,995
2024-09-19 14:26:44.840000,419.0436630960506,101
2024-09-19 14:26:44.869000,419.0546670250008,997
2024-09-19 14:26:44.927000,419.04479806605366,102
2024-09-19 14:26:44.943000,419.05318608328815,99
2024-09-19 14:26:44.957000,419.0552459005096,1002
2024-09-19 14:26:44.993000,419.06902886860496,996
2024-09-19 14:26:45.377000,419.1193448305867,1001
2024-09-19 14:26:46.235000,419.1450044431196,995
2024-09-19 14:26:47.008000,419.1446641981865,100
2024-09-19 14:26:47.015000,419.14076943206106,1000
2024-09-19 14:26:47.031000,419.152996933431,998
2024-09-19 14:26:47.060000,419.2331466450806,97
2024-09-19 14:26:47.081000,419.2018062363163,100
2024-09-19 14:26:47.178000,419.2348585613704,7
2024-09-19 14:26:47.214000,419.18042552166025,1002
2024-09-19 14:26:47.216000,419.2314037597705,9
2024-09-19 14:26:47.266000,419.21552750607975,13
2024-09-19 14:26:47.324000,419.23095731317375,5
2024-09-19 14:26:47.354000,419.21587775101455,98
2024-09-19 14:26:47.375000,419.1664436787262,1003
2024-09-19 14:26:47.444000,419.15587766059065,103
2024-09-19 14:26:47.465000,419.1717357520138,9
2024-09-19 14:26:47.466000,419.26321946296713,95
2024-09-19 14:26:47.544000,419.21622633624105,997
2024-09-19 14:26:47.582000,419.1486503835922,14
2024-09-19 14:26:47.586000,419.1846112967087,6
2024-09-19 14:26:47.644000,419.19369782312646,101
2024-09-19 14:26:47.715000,419.1565515569942,1004
2024-09-19 14:26:47.746000,419.2504305528432,14
2024-09-19 14:26:47.764000,419.17961909917466,1001
2024-09-19 14:26:47.823000,419.2401416756203,1004
2024-09-19 14:26:47.873000,419.14719103464006,1002
2024-09-19 14:26:47.898000,419.1991510062191,1001
2024-09-19 14:26:47.928000,419.1668361999078,8
2024-09-19 14:26:47.955000,419.1638454839833,7
2024-09-19 14:26:47.964000,419.1959061063541,98
2024-09-19 14:26:47.993000,419.2511962866162,95
2024-09-19 14:26:48.143000,419.0991574720393,1001
2024-09-19 14:26:48.174000,419.12826178269376,13
2024-09-19 14:26:48.286000,419.14170421659793,105
2024-09-19 14:26:48.318000,419.1771149369522,100
2024-09-19 14:26:48.343000,419.18906071894,12
2024-09-19 14:26:48.409000,419.1460026447461,99
2024-09-19 14:26:48.418000,419.1141832953494,99
2024-09-19 14:26:48.423000,419.2047384402261,995
2024-09-19 14:26:48.437000,419.2280335433288,10
2024-09-19 14:26:48.441000,419.1163206466256,15
2024-09-19 14:26:48.447000,419.1342094281576,12
2024-09-19 14:26:48.490000,419.1395820733962,996
2024-09-19 14:26:48.526000,419.2487016228125,1004
2024-09-19 14:26:48.705000,419.15387191410144,103
2024-09-19 14:26:48.720000,419.1179420157068,101
2024-09-19 14:26:48.833000,419.2485282018008,999
2024-09-19 14:26:48.842000,419.1181315996467,1000
2024-09-19 14:26:48.910000,419.097825533973,102
2024-09-19 14:26:49.019000,419.1633732714289,11
2024-09-19 14:26:49.093000,419.1525596170952,96
2024-09-19 14:26:49.169000,419.14988867305925,1003
2024-09-19 14:26:49.203000,419.2184221898858,6
2024-09-19 14:26:49.326000,419.17081960676256,95
2024-09-19 14:26:49.417000,419.2318841402634,8
2024-09-19 14:26:49.503000,419.1441467218437,99
2024-09-19 14:26:49.610000,419.1453665914568,997
2024-09-19 14:26:49.691000,419.2368555047014,15
2024-09-19 14:26:49.714000,419.1447692881065,1003
2024-09-19 14:26:49.739000,419.1696757961512,5
2024-09-19 14:26:49.749000,419.1544601720672,9
2024-09-19 14:26:49.797000,419.1621461339028,104
2024-09-19 14:26:49.808000,419.1882195794828,13
2024-09-19 14:26:49.853000,419.1939306464856,999
2024-09-19 14:26:49.864000,419.15443417354993,995
2024-09-19 14:26:49.865000,419.1616321365566,1005
2024-09-19 14:26:50.073000,419.0673528253702,12
2024-09-19 14:26:50.176000,419.1179533371879,996
2024-09-19 14:26:50.271000,419.08049120078886,97
2024-09-19 14:26:50.380000,419.0821712423173,999
2024-09-19 14:26:50.387000,419.0741917583693,103
2024-09-19 14:26:50.456000,419.119896675671,9
2024-09-19 14:26:50.817000,419.06730593932497,1001
2024-09-19 14:26:50.881000,419.09311182501455,100
2024-09-19 14:26:50.922000,419.1054633956133,1001
2024-09-19 14:26:50.971000,419.0969557863007,102
2024-09-19 14:26:50.986000,419.1146775234397,997
2024-09-19 14:26:51.138000,419.1611251255184,8
2024-09-19 14:26:51.147000,419.1541744156474,995
2024-09-19 14:26:51.206000,419.17861461312793,101
2024-09-19 14:26:51.374000,419.175896199048,9
2024-09-19 14:26:51.396000,419.14751858164425,100
2024-09-19 14:26:51.406000,419.16666511814367,15
2024-09-19 14:26:51.424000,419.1423801464522,996
2024-09-19 14:26:51.467000,419.0871309204232,102
2024-09-19 14:26:51.494000,419.1298241867848,6
2024-09-19 14:26:51.599000,419.1503110617985,10
2024-09-19 14:26:51.643000,419.094911331227,102
2024-09-19 14:26:51.703000,419.1688498500852,7
2024-09-19 14:26:51.740000,419.1497224740608,998
2024-09-19 14:26:51.778000,419.14496957506105,102
2024-09-19 14:26:51.872000,419.17102694290094,100
2024-09-19 14:26:51.892000,419.1251400136733,14
2024-09-19 14:26:51.901000,419.1632907443714,95
2024-09-19 14:26:51.920000,419.1430321307041,1001
2024-09-19 14:26:51.921000,419.1019949349877,9
2024-09-19 14:26:51.954000,419.11883127625146,1004
2024-09-19 14:26:51.982000,419.1479094371071,10
2024-09-19 14:26:51.986000,419.14875151123454,15
2024-09-19 14:26:52.003000,419.12284461218223,100
2024-09-19 14:26:52.030000,419.1587208798682,105
2024-09-19 14:26:52.062000,419.1705225508134,100
2024-09-19 14:26:52.080000,419.137390418124,999
2024-09-19 14:26:52.188000,419.1211088889571,98
2024-09-19 14:26:52.236000,419.1439531468565,97
2024-09-19 14:26:52.250000,419.15859187368665,96
2024-09-19 14:26:52.265000,419.1219283682376,998
2024-09-19 14:26:52.292000,419.1862879179131,8
2024-09-19 14:26:52.361000,419.1553438460508,8
2024-09-19 14:26:52.372000,419.1578033107815,9
2024-09-19 14:26:52.372000,419.18920824637263,1005
2024-09-19 14:26:52.406000,419.112367558832,996
2024-09-19 14:26:52.422000,419.1732433360942,995
2024-09-19 14:26:52.449000,419.1755848439789,999
2024-09-19 14:26:52.490000,419.1406786368795,1000
2024-09-19 14:26:52.510000,419.12930645866334,5
2024-09-19 14:26:52.513000,419.16918341877584,1004
2024-09-19 14:26:52.544000,419.16481018844325,1002
2024-09-19 14:26:52.742000,419.18061511235584,98
2024-09-19 14:26:52.744000,419.1731328400099,97
2024-09-19 14:26:52.754000,419.1212118174518,12
2024-09-19 14:26:52.807000,419.1967292610016,1002
2024-09-19 14:26:52.830000,419.1420530521133,102
2024-09-19 14:26:52.903000,419.1185130877098,1002
2024-09-19 14:26:52.921000,419.18510304748975,97
2024-09-19 14:26:52.942000,419.1497490456821,996
2024-09-19 14:26:52.968000,419.1659811446502,10
2024-09-19 14:26:53.056000,419.1782845758614,97
2024-09-19 14:26:53.072000,419.1456172453792,101
2024-09-19 14:26:53.106000,419.1656239181059,996
2024-09-19 14:26:53.142000,419.1750353926724,95
2024-09-19 14:26:53.244000,419.1719476311832,6
2024-09-19 14:26:53.373000,419.1360197384439,1002
2024-09-19 14:26:53.498000,419.16034345024417,1000
2024-09-19 14:26:53.641000,419.16686235072456,101
2024-09-19 14:26:53.690000,419.16495638498776,105
2024-09-19 14:26:53.702000,419.1827183914684,1005
2024-09-19 14:26:53.843000,419.15608644161097,102
2024-09-19 14:26:53.859000,419.162454645669,8
2024-09-19 14:26:53.895000,419.142588115524,101
2024-09-19 14:26:53.956000,419.1668069307706,12
2024-09-19 14:26:53.977000,419.1464256737604,98
2024-09-19 14:26:53.984000,419.1744885217612,13
2024-09-19 14:26:55.201000,419.2251530918906,95
2024-09-19 14:26:55.238000,419.2100349895908,9
2024-09-19 14:26:55.409000,419.250027431405,105
2024-09-19 14:26:55.467000,419.21593333406537,1005
2024-09-19 14:26:55.513000,419.2300058602264,13
2024-09-19 14:26:55.592000,419.2462195625898,1000
2024-09-19 14:26:55.704000,419.2161668091202,1005
2024-09-19 14:26:55.754000,419.2451320803926,995
2024-09-19 14:26:55.797000,419.2485470487349,997
2024-09-19 14:26:56.013000,419.20314962397504,8
2024-09-19 14:26:56.053000,419.21899520405066,10
2024-09-19 14:26:56.087000,419.2292816889049,9
2024-09-19 14:26:56.242000,419.254617650936,997
2024-09-19 14:26:56.414000,419.2034386902337,11
2024-09-19 14:26:56.445000,419.2110138149051,14
2024-09-19 14:26:56.480000,419.2559513826921,15
2024-09-19 14:26:56.505000,419.2240361055798,7
2024-09-19 14:26:56.583000,419.22859363575554,96
2024-09-19 14:26:56.767000,419.22743510928456,15
2024-09-19 14:26:56.812000,419.198307300945,13
2024-09-19 14:26:56.830000,419.2510822018813,998
2024-09-19 14:26:56.988000,419.1990260490002,1003
2024-09-19 14:26:56.991000,419.22350123577365,105
2024-09-19 14:26:57.144000,419.220847462853,11
2024-09-19 14:26:57.348000,419.227139182694,12
2024-09-19 14:26:57.434000,419.27368510217576,104
2024-09-19 14:26:57.449000,419.25861147344375,10
2024-09-19 14:26:57.520000,419.2251380498996,8
2024-09-19 14:26:57.575000,419.2338032199386,1002
2024-09-19 14:26:57.689000,419.23252843875423,101
2024-09-19 14:26:57.713000,419.2196948523744,10
2024-09-19 14:26:57.881000,419.24815503996746,8
2024-09-19 14:26:57.885000,419.264764745069,95
2024-09-19 14:26:57.887000,419.2261206726165,7
2024-09-19 14:26:57.965000,419.2268836601578,96
2024-09-19 14:26:57.993000,419.268174692357,10
2024-09-19 14:26:58.113000,419.1915269275815,1001
2024-09-19 14:26:58.263000,419.2165155897482,100
2024-09-19 14:26:58.314000,419.2171263925906,1002
2024-09-19 14:26:58.331000,419.2040661857992,9
2024-09-19 14:26:58.564000,419.2127792026624,997
2024-09-19 14:26:58.624000,419.20389752408863,1003
2024-09-19 14:26:58.767000,419.2143915849996,999
2024-09-19 14:26:58.925000,419.2052456795788,11
2024-09-19 14:26:59.049000,419.19728303480105,6
2024-09-19 14:26:59.051000,419.2259780170343,14
2024-09-19 14:26:59.094000,419.2118223360994,1004
2024-09-19 14:26:59.122000,419.24956192133527,13
2024-09-19 14:26:59.146000,419.21625542075145,1004
2024-09-19 14:26:59.158000,419.2077287539724,101
2024-09-19 14:26:59.210000,419.2261236351883,8
2024-09-19 14:26:59.303000,419.2465480885647,1000
2024-09-19 14:26:59.358000,419.2198463378209,1005
2024-09-19 14:26:59.375000,419.241325197094,15
2024-09-19 14:26:59.410000,419.2205708037335,15
2024-09-19 14:26:59.459000,419.1994113069805,1003
2024-09-19 14:26:59.476000,419.2045473352968,105
2024-09-19 14:26:59.515000,419.2086298264527,5
2024-09-19 14:26:59.540000,419.21100418999856,103
2024-09-19 14:26:59.575000,419.2193506078438,102
2024-09-19 14:26:59.590000,419.2022535263065,1005
2024-09-19 14:26:59.597000,419.213729485301,101
2024-09-19 14:26:59.707000,419.2590874411641,1002
2024-09-19 14:26:59.861000,419.2077511568685,1004
2024-09-19 14:26:59.909000,419.2268257327583,997
2024-09-19 14:26:59.913000,419.2396652387987,996
2024-09-19 14:26:59.925000,419.2280893997957,1003
2024-09-19 14:26:59.951000,419.2247305058042,9
