Timestamp,Price,Size
2024-09-18 11:13:00.060000,415.5706399593207,1005
2024-09-18 11:13:00.101000,415.5856393165685,15
2024-09-18 11:13:00.113000,415.5204313021636,11
2024-09-18 11:13:00.130000,415.5541082293099,102
2024-09-18 11:13:00.158000,415.5775779428235,998
2024-09-18 11:13:00.206000,415.5452998002799,12
2024-09-18 11:13:00.324000,415.5580674910729,11
2024-09-18 11:13:00.340000,415.55478090247215,105
2024-09-18 11:13:00.350000,415.5717178614322,97
2024-09-18 11:13:00.375000,415.5685843424559,98
2024-09-18 11:13:00.392000,415.5795838318278,96
2024-09-18 11:13:00.394000,415.5695992185978,996
2024-09-18 11:13:00.399000,415.5281312870118,996
2024-09-18 11:13:00.399000,415.5332895087902,997
2024-09-18 11:13:00.404000,415.5433914272495,995
2024-09-18 11:13:00.427000,415.5465741156766,15
2024-09-18 11:13:00.431000,415.58408597573225,1004
2024-09-18 11:13:00.481000,415.5712563137475,97
2024-09-18 11:13:00.619000,415.5366094831632,1001
2024-09-18 11:13:00.668000,415.526116196226,1004
2024-09-18 11:13:00.682000,415.5512128707669,97
2024-09-18 11:13:00.712000,415.5525862805563,1003
2024-09-18 11:13:00.843000,415.5956532833698,97
2024-09-18 11:13:00.884000,415.5471281743675,96
2024-09-18 11:13:00.906000,415.5364080818409,6
2024-09-18 11:13:00.964000,415.5409028194084,1001
2024-09-18 11:13:00.997000,415.569481268284,997
2024-09-18 11:13:01.049000,415.5353452209684,99
2024-09-18 11:13:01.076000,415.537165825457,1001
2024-09-18 11:13:01.166000,415.5670163234555,102
2024-09-18 11:13:01.321000,415.5524509491042,1002
2024-09-18 11:13:01.389000,415.5882497318429,98
2024-09-18 11:13:01.463000,415.5255910162531,1003
2024-09-18 11:13:01.627000,415.56571067077897,999
2024-09-18 11:13:01.765000,415.5121893989347,10
2024-09-18 11:13:01.788000,415.55809881101936,1004
2024-09-18 11:13:01.799000,415.4995077906944,11
2024-09-18 11:13:01.809000,415.49916472768746,95
2024-09-18 11:13:01.856000,415.541715016999,997
2024-09-18 11:13:01.937000,415.5008162647837,15
2024-09-18 11:13:01.955000,415.5437482818601,12
2024-09-18 11:13:01.992000,415.4935678577869,13
2024-09-18 11:13:02.003000,415.4870336796684,99
2024-09-18 11:13:02.042000,415.48805816838967,11
2024-09-18 11:13:02.083000,415.4944083794022,6
2024-09-18 11:13:02.111000,415.5170434566958,1001
2024-09-18 11:13:02.127000,415.539892259649,6
2024-09-18 11:13:02.214000,415.5182324309159,9
2024-09-18 11:13:02.306000,415.5051070768802,1002
2024-09-18 11:13:02.315000,415.50703692985206,99
2024-09-18 11:13:02.340000,415.518749981092,998
2024-09-18 11:13:02.440000,415.5411905668316,105
2024-09-18 11:13:02.456000,415.4777275812847,1001
2024-09-18 11:13:02.476000,415.5322768072512,14
2024-09-18 11:13:02.476000,415.5370541871602,12
2024-09-18 11:13:02.491000,415.5389077814024,6
2024-09-18 11:13:02.501000,415.5479042729879,98
2024-09-18 11:13:02.504000,415.51808879083774,99
2024-09-18 11:13:02.528000,415.4792468348011,15
2024-09-18 11:13:02.545000,415.4891675807201,995
2024-09-18 11:13:02.573000,415.5372109208207,103
2024-09-18 11:13:02.594000,415.5287001224553,100
2024-09-18 11:13:02.695000,415.5529804718279,13
2024-09-18 11:13:02.721000,415.51731387213295,995
2024-09-18 11:13:02.772000,415.5158649196681,12
2024-09-18 11:13:02.775000,415.50976314347344,96
2024-09-18 11:13:02.783000,415.5164144177232,1005
2024-09-18 11:13:02.785000,415.52837104810266,8
2024-09-18 11:13:02.866000,415.53768395598144,997
2024-09-18 11:13:02.926000,415.5320127253802,5
2024-09-18 11:13:02.961000,415.5118564741484,99
2024-09-18 11:13:03.032000,415.6306349432816,100
2024-09-18 11:13:03.069000,415.543370359829,999
2024-09-18 11:13:03.072000,415.5559791202223,1000
2024-09-18 11:13:03.122000,415.6030608748568,12
2024-09-18 11:13:03.153000,415.5496069740407,96
2024-09-18 11:13:03.173000,415.6093252946656,996
2024-09-18 11:13:03.176000,415.5791530260775,7
2024-09-18 11:13:03.197000,415.632954582974,14
2024-09-18 11:13:03.208000,415.60670078508593,9
2024-09-18 11:13:03.239000,415.62655483835806,96
2024-09-18 11:13:03.258000,415.5921815205292,996
2024-09-18 11:13:03.302000,415.5722878479773,8
2024-09-18 11:13:03.357000,415.5600570929453,7
2024-09-18 11:13:03.417000,415.5617172757527,8
2024-09-18 11:13:03.487000,415.5976559107655,99
2024-09-18 11:13:03.501000,415.5400433853045,14
2024-09-18 11:13:03.520000,415.56636101051487,10
2024-09-18 11:13:03.553000,415.5595434905596,15
2024-09-18 11:13:03.627000,415.5607839034068,99
2024-09-18 11:13:03.667000,415.642966065677,1005
2024-09-18 11:13:03.691000,415.5934043137482,105
2024-09-18 11:13:03.698000,415.5676838793934,12
2024-09-18 11:13:03.707000,415.5534589414429,997
2024-09-18 11:13:03.818000,415.6158295419418,1004
2024-09-18 11:13:03.841000,415.5277806463108,12
2024-09-18 11:13:03.858000,415.5649392313446,996
2024-09-18 11:13:03.872000,415.643016460651,6
2024-09-18 11:13:03.886000,415.6142718452505,97
2024-09-18 11:13:04.175000,415.5332029728029,6
2024-09-18 11:13:04.463000,415.53433311521496,13
2024-09-18 11:13:04.644000,415.52320794815233,14
2024-09-18 11:13:05.079000,415.5669979085324,7
2024-09-18 11:13:05.188000,415.5315386207206,103
2024-09-18 11:13:05.293000,415.51398192564335,102
2024-09-18 11:13:05.317000,415.5789808773605,102
2024-09-18 11:13:05.460000,415.5558199813868,14
2024-09-18 11:13:05.488000,415.56148475365376,1005
2024-09-18 11:13:05.501000,415.494669272291,97
2024-09-18 11:13:05.623000,415.50769120202335,104
2024-09-18 11:13:05.650000,415.5851214007753,5
2024-09-18 11:13:05.661000,415.5690068424273,105
2024-09-18 11:13:05.748000,415.54005462904826,1001
2024-09-18 11:13:05.759000,415.5757303736739,1001
2024-09-18 11:13:05.788000,415.51111586633135,1001
2024-09-18 11:13:05.819000,415.5210667051248,1005
2024-09-18 11:13:05.919000,415.5363732250009,1000
2024-09-18 11:13:05.959000,415.5373891299615,1002
2024-09-18 11:13:06.049000,415.5079635047753,1002
2024-09-18 11:13:06.067000,415.5002182774035,12
2024-09-18 11:13:06.321000,415.5154978296207,995
2024-09-18 11:13:06.456000,415.4976694247408,1004
2024-09-18 11:13:06.506000,415.5214379206757,104
2024-09-18 11:13:06.543000,415.50953562066456,102
2024-09-18 11:13:06.687000,415.5055641674824,14
2024-09-18 11:13:06.708000,415.5049164247721,7
2024-09-18 11:13:06.876000,415.4922709280597,1003
2024-09-18 11:13:07.064000,415.5548173294162,103
2024-09-18 11:13:07.079000,415.5419888153118,99
2024-09-18 11:13:07.109000,415.60594622883656,998
2024-09-18 11:13:07.124000,415.5560587281711,1002
2024-09-18 11:13:07.152000,415.5597070850484,97
2024-09-18 11:13:07.189000,415.5826452133269,98
2024-09-18 11:13:07.217000,415.59011245831897,1001
2024-09-18 11:13:07.267000,415.58172202826586,997
2024-09-18 11:13:07.272000,415.5536398899768,5
2024-09-18 11:13:07.278000,415.5439586738802,1003
2024-09-18 11:13:07.291000,415.535523518157,1004
2024-09-18 11:13:07.299000,415.5662672249727,998
2024-09-18 11:13:07.327000,415.5619267683388,1005
2024-09-18 11:13:07.434000,415.5330361338799,11
2024-09-18 11:13:07.453000,415.59755161691066,101
2024-09-18 11:13:07.495000,415.5313063046429,97
2024-09-18 11:13:07.512000,415.595973092352,995
2024-09-18 11:13:07.542000,415.57931179194185,1001
2024-09-18 11:13:07.560000,415.5331919756016,7
2024-09-18 11:13:07.562000,415.5401601291532,1004
2024-09-18 11:13:07.627000,415.5398572055481,105
2024-09-18 11:13:07.648000,415.5598444916669,995
2024-09-18 11:13:07.754000,415.58992040055176,999
2024-09-18 11:13:07.772000,415.56949195086713,99
2024-09-18 11:13:07.798000,415.5996625986777,1005
2024-09-18 11:13:07.852000,415.57628862996097,99
2024-09-18 11:13:07.910000,415.554012202139,9
2024-09-18 11:13:08.038000,415.61441995826885,6
2024-09-18 11:13:08.164000,415.6036616725216,103
2024-09-18 11:13:08.187000,415.621443280484,97
2024-09-18 11:13:08.446000,415.6083783121429,997
2024-09-18 11:13:08.491000,415.6031366846592,103
2024-09-18 11:13:08.758000,415.6063687421602,11
2024-09-18 11:13:09.101000,415.6589147556866,101
2024-09-18 11:13:09.185000,415.6115634135157,102
2024-09-18 11:13:09.281000,415.6267839825652,998
2024-09-18 11:13:09.382000,415.6293357847061,10
2024-09-18 11:13:09.445000,415.6056282444908,95
2024-09-18 11:13:09.449000,415.602581872912,100
2024-09-18 11:13:09.536000,415.6378314217978,105
2024-09-18 11:13:09.634000,415.6484174310452,96
2024-09-18 11:13:09.642000,415.60207842414576,14
2024-09-18 11:13:09.876000,415.6665044119142,9
2024-09-18 11:13:09.908000,415.6312176658029,9
2024-09-18 11:13:09.918000,415.6610107901544,96
2024-09-18 11:13:10.007000,415.619211344134,10
2024-09-18 11:13:10.040000,415.55289649441033,102
2024-09-18 11:13:10.069000,415.6289408802514,101
2024-09-18 11:13:10.140000,415.6127352377078,15
2024-09-18 11:13:10.175000,415.4862170400023,1000
2024-09-18 11:13:10.178000,415.5568065349152,997
2024-09-18 11:13:10.291000,415.5950253710448,1004
2024-09-18 11:13:10.322000,415.51559854970566,103
2024-09-18 11:13:10.322000,415.47734063722055,997
2024-09-18 11:13:10.533000,415.6002948782437,1000
2024-09-18 11:13:10.547000,415.547370171616,97
2024-09-18 11:13:10.550000,415.4842584485557,15
2024-09-18 11:13:10.583000,415.60969784894735,102
2024-09-18 11:13:10.599000,415.4723446473951,103
2024-09-18 11:13:10.606000,415.467635607438,995
2024-09-18 11:13:10.628000,415.4931418742629,1003
2024-09-18 11:13:10.653000,415.6593903638399,96
2024-09-18 11:13:10.674000,415.5107863119957,100
2024-09-18 11:13:10.738000,415.6151691815849,998
2024-09-18 11:13:10.820000,415.6605509119144,100
2024-09-18 11:13:10.853000,415.519687237152,1000
2024-09-18 11:13:10.857000,415.5879257582216,95
2024-09-18 11:13:10.877000,415.471336211869,105
2024-09-18 11:13:10.878000,415.6455103644374,1000
2024-09-18 11:13:11.076000,415.4697580134999,105
2024-09-18 11:13:11.095000,415.4868236543171,10
2024-09-18 11:13:11.107000,415.4895899816347,13
2024-09-18 11:13:11.205000,415.47870871587526,8
2024-09-18 11:13:11.293000,415.5356666492664,1000
2024-09-18 11:13:11.312000,415.4582998889091,101
2024-09-18 11:13:11.336000,415.4541779627521,1002
2024-09-18 11:13:11.357000,415.4583701020894,105
2024-09-18 11:13:11.363000,415.5521668764489,998
2024-09-18 11:13:11.368000,415.4925908170608,99
2024-09-18 11:13:11.384000,415.4775053202448,1002
2024-09-18 11:13:11.417000,415.4740307955717,1002
2024-09-18 11:13:11.443000,415.4972620592563,9
2024-09-18 11:13:11.451000,415.469499411809,996
2024-09-18 11:13:11.471000,415.4940190314768,1002
2024-09-18 11:13:11.507000,415.49293397270407,102
2024-09-18 11:13:11.528000,415.49615002076496,98
2024-09-18 11:13:11.707000,415.4730923186794,6
2024-09-18 11:13:11.715000,415.4920361645808,11
2024-09-18 11:13:11.721000,415.47476085969527,996
2024-09-18 11:13:11.734000,415.47377516455,95
2024-09-18 11:13:11.737000,415.4559509011585,101
2024-09-18 11:13:11.743000,415.48026743770265,97
2024-09-18 11:13:11.751000,415.4749182257418,101
2024-09-18 11:13:11.753000,415.4651536068267,101
2024-09-18 11:13:11.769000,415.514416247865,14
2024-09-18 11:13:11.809000,415.5426894682856,15
2024-09-18 11:13:11.828000,415.4867500668178,102
2024-09-18 11:13:11.981000,415.4889477846375,99
2024-09-18 11:13:11.996000,415.4271399066973,1003
2024-09-18 11:13:12.168000,415.5722582676302,15
2024-09-18 11:13:12.171000,415.5512715243617,10
2024-09-18 11:13:12.203000,415.5350799080716,997
2024-09-18 11:13:12.346000,415.54748599592574,1004
2024-09-18 11:13:12.410000,415.5930329270152,14
2024-09-18 11:13:12.426000,415.5928753036119,12
2024-09-18 11:13:12.603000,415.5972753367566,1004
2024-09-18 11:13:12.660000,415.52723414229126,997
2024-09-18 11:13:12.749000,415.5325474711756,14
2024-09-18 11:13:12.787000,415.53122743009953,15
2024-09-18 11:13:12.955000,415.58303658869175,98
2024-09-18 11:13:12.957000,415.522078538274,1004
2024-09-18 11:13:13.010000,415.6058939843252,95
2024-09-18 11:13:13.070000,415.64335860765766,15
2024-09-18 11:13:13.085000,415.6065459755087,1005
2024-09-18 11:13:13.215000,415.6242072167193,1003
2024-09-18 11:13:13.222000,415.6247995885334,15
2024-09-18 11:13:13.238000,415.627115027585,102
2024-09-18 11:13:13.243000,415.61059222329374,997
2024-09-18 11:13:13.334000,415.6404655870248,104
2024-09-18 11:13:13.354000,415.6329081173068,97
2024-09-18 11:13:13.413000,415.6197439668314,1000
2024-09-18 11:13:13.472000,415.61788340501136,100
2024-09-18 11:13:13.498000,415.6462924983381,11
2024-09-18 11:13:13.528000,415.60806838794383,1005
2024-09-18 11:13:13.614000,415.6429166762847,1005
2024-09-18 11:13:13.621000,415.6041752813209,102
2024-09-18 11:13:13.647000,415.6146699370431,98
2024-09-18 11:13:13.730000,415.6430394512196,995
2024-09-18 11:13:13.792000,415.6109821772567,1000
2024-09-18 11:13:13.824000,415.64862901002766,999
2024-09-18 11:13:13.846000,415.6392785501163,999
2024-09-18 11:13:13.969000,415.6206758439463,1003
2024-09-18 11:13:14.036000,415.6224263641946,998
2024-09-18 11:13:14.133000,415.55511856126327,995
2024-09-18 11:13:14.144000,415.57690958187055,7
2024-09-18 11:13:14.175000,415.5502043422673,8
2024-09-18 11:13:14.406000,415.5991138239612,99
2024-09-18 11:13:14.570000,415.5890469945178,15
2024-09-18 11:13:14.585000,415.575065189429,1001
2024-09-18 11:13:14.617000,415.61622695533447,1001
2024-09-18 11:13:14.633000,415.5524659176338,996
2024-09-18 11:13:14.639000,415.55772486935393,10
2024-09-18 11:13:14.775000,415.5460294213965,5
2024-09-18 11:13:14.780000,415.54369583599663,10
2024-09-18 11:13:15.152000,415.5442785043976,11
2024-09-18 11:13:15.431000,415.5527673557526,999
2024-09-18 11:13:15.562000,415.5241153762557,11
2024-09-18 11:13:15.635000,415.52981269923765,1002
2024-09-18 11:13:16.002000,415.5162102329234,1004
2024-09-18 11:13:16.058000,415.5211954398056,1003
2024-09-18 11:13:16.295000,415.5175822211263,8
2024-09-18 11:13:16.308000,415.5154735076978,1000
2024-09-18 11:13:16.319000,415.5236057268543,98
2024-09-18 11:13:16.328000,415.511410713741,101
2024-09-18 11:13:16.370000,415.506806077701,11
2024-09-18 11:13:16.431000,415.5070645054439,1002
2024-09-18 11:13:16.453000,415.4835389226706,104
2024-09-18 11:13:16.454000,415.5111909700611,104
2024-09-18 11:13:16.455000,415.5232786490303,998
2024-09-18 11:13:16.701000,415.530244883433,1002
2024-09-18 11:13:16.741000,415.5038489136657,997
2024-09-18 11:13:16.859000,415.51984170778,1001
2024-09-18 11:13:16.967000,415.51722040043296,102
2024-09-18 11:13:17.085000,415.53469237577815,96
2024-09-18 11:13:17.555000,415.52852512980894,100
2024-09-18 11:13:17.614000,415.53379539433575,6
2024-09-18 11:13:17.772000,415.524640596908,96
2024-09-18 11:13:17.775000,415.5212056636942,1004
2024-09-18 11:13:17.849000,415.5021883569312,15
2024-09-18 11:13:17.917000,415.5188696029624,14
2024-09-18 11:13:17.991000,415.5302439972377,6
2024-09-18 11:13:18.053000,415.57035561015607,103
2024-09-18 11:13:18.074000,415.5446408289473,98
2024-09-18 11:13:18.118000,415.5293755754258,104
2024-09-18 11:13:18.122000,415.5607877365248,7
2024-09-18 11:13:18.224000,415.5672653726271,97
2024-09-18 11:13:18.247000,415.5305261073748,104
2024-09-18 11:13:18.262000,415.5636578303036,6
2024-09-18 11:13:18.318000,415.5480711504642,9
2024-09-18 11:13:18.364000,415.5800826484914,97
2024-09-18 11:13:18.388000,415.5121843394345,1001
2024-09-18 11:13:18.473000,415.53516355791095,5
2024-09-18 11:13:18.541000,415.5890933954129,104
2024-09-18 11:13:18.636000,415.54467601026505,1001
2024-09-18 11:13:18.643000,415.5609633625529,996
2024-09-18 11:13:18.649000,415.5494726554758,10
2024-09-18 11:13:18.731000,415.535350044006,5
2024-09-18 11:13:18.739000,415.55104135125913,104
2024-09-18 11:13:18.787000,415.5690912802637,1001
2024-09-18 11:13:18.814000,415.528754890734,1000
2024-09-18 11:13:19.018000,415.5870019333444,7
2024-09-18 11:13:19.054000,415.6297824069511,101
2024-09-18 11:13:19.075000,415.5833513899543,5
2024-09-18 11:13:19.154000,415.5674383370884,13
2024-09-18 11:13:19.238000,415.5932752200418,5
2024-09-18 11:13:19.247000,415.6125564110945,98
2024-09-18 11:13:19.331000,415.58049524769234,1000
2024-09-18 11:13:19.345000,415.5651091545815,5
2024-09-18 11:13:19.427000,415.5731194823102,97
2024-09-18 11:13:19.673000,415.5703374174054,14
2024-09-18 11:13:19.773000,415.6471947287071,102
2024-09-18 11:13:19.779000,415.6066487070504,12
2024-09-18 11:13:19.889000,415.5682586486925,15
2024-09-18 11:13:20.005000,415.6895459720273,998
2024-09-18 11:13:20.033000,415.63229705536304,10
2024-09-18 11:13:20.048000,415.6878507353197,101
2024-09-18 11:13:20.056000,415.6979464889784,1001
2024-09-18 11:13:20.074000,415.6843622517435,1003
2024-09-18 11:13:20.085000,415.6680839693898,1000
2024-09-18 11:13:20.100000,415.69805649215306,101
2024-09-18 11:13:20.164000,415.7012707019709,104
2024-09-18 11:13:20.212000,415.6418443945755,1002
2024-09-18 11:13:20.247000,415.6682938534688,101
2024-09-18 11:13:20.452000,415.6740618381681,97
2024-09-18 11:13:20.512000,415.6818742842432,101
2024-09-18 11:13:20.535000,415.667449341152,100
2024-09-18 11:13:20.592000,415.6332392591555,14
2024-09-18 11:13:20.646000,415.69604573368207,103
2024-09-18 11:13:20.675000,415.6644483937541,101
2024-09-18 11:13:20.792000,415.6651210111198,1005
2024-09-18 11:13:20.816000,415.6787471781074,1005
2024-09-18 11:13:20.895000,415.6954898323387,1005
2024-09-18 11:13:20.951000,415.630672076266,996
2024-09-18 11:13:21.024000,415.68499872676426,996
2024-09-18 11:13:21.180000,415.67566755451776,102
2024-09-18 11:13:21.201000,415.6629049110115,96
2024-09-18 11:13:21.215000,415.5575513413551,995
2024-09-18 11:13:21.235000,415.6740654168822,1001
2024-09-18 11:13:21.248000,415.68781574416806,10
2024-09-18 11:13:21.264000,415.5633565293787,8
2024-09-18 11:13:21.301000,415.5868367060241,98
2024-09-18 11:13:21.305000,415.68453692509934,99
2024-09-18 11:13:21.315000,415.65188578117386,7
2024-09-18 11:13:21.339000,415.6233223638647,6
2024-09-18 11:13:21.366000,415.6089513229955,996
2024-09-18 11:13:21.443000,415.6825198986975,996
2024-09-18 11:13:21.490000,415.6361533371111,999
2024-09-18 11:13:21.520000,415.5784298516196,10
2024-09-18 11:13:21.575000,415.6799556728054,95
2024-09-18 11:13:21.591000,415.67790678993794,997
2024-09-18 11:13:21.726000,415.5747489919201,1004
2024-09-18 11:13:21.850000,415.6704690498151,1005
2024-09-18 11:13:22.008000,415.52211559372233,1001
2024-09-18 11:13:22.023000,415.5486094170099,999
2024-09-18 11:13:22.031000,415.5411987132202,97
2024-09-18 11:13:22.056000,415.54144275933726,996
2024-09-18 11:13:22.111000,415.5392449495157,1003
2024-09-18 11:13:22.145000,415.5449646456216,14
2024-09-18 11:13:22.155000,415.5434387045111,11
2024-09-18 11:13:22.174000,415.54361750891394,14
2024-09-18 11:13:22.204000,415.5361902847074,996
2024-09-18 11:13:22.214000,415.5404425872143,97
2024-09-18 11:13:22.273000,415.53888301683264,6
2024-09-18 11:13:22.332000,415.5455961856927,12
2024-09-18 11:13:22.445000,415.4939119408496,15
2024-09-18 11:13:22.484000,415.5191042125519,1000
2024-09-18 11:13:22.513000,415.5413138938943,102
2024-09-18 11:13:22.519000,415.5334237923775,15
2024-09-18 11:13:22.554000,415.5467578389121,1002
2024-09-18 11:13:22.600000,415.5261807328783,102
2024-09-18 11:13:22.630000,415.5057819298013,104
2024-09-18 11:13:22.704000,415.56232576711153,96
2024-09-18 11:13:22.734000,415.5187480410207,105
2024-09-18 11:13:22.776000,415.5251756258101,1005
2024-09-18 11:13:22.827000,415.52937155512245,8
2024-09-18 11:13:22.862000,415.53425455694287,1003
2024-09-18 11:13:22.864000,415.51770745269977,96
2024-09-18 11:13:22.905000,415.51589607391,1001
2024-09-18 11:13:22.938000,415.52251550263054,8
2024-09-18 11:13:22.949000,415.5573902470021,102
2024-09-18 11:13:22.949000,415.5205886330105,100
2024-09-18 11:13:23.014000,415.587141760015,1005
2024-09-18 11:13:23.046000,415.52930497839446,104
2024-09-18 11:13:23.154000,415.5460981993355,15
2024-09-18 11:13:23.240000,415.5529364437442,1001
2024-09-18 11:13:23.634000,415.57345845401,1002
2024-09-18 11:13:23.752000,415.5313924938517,7
2024-09-18 11:13:23.774000,415.55769831196193,5
2024-09-18 11:13:23.845000,415.5440965574474,15
2024-09-18 11:13:23.867000,415.5136597466269,95
2024-09-18 11:13:23.894000,415.55509462728094,1002
2024-09-18 11:13:24.096000,415.5913307259292,6
2024-09-18 11:13:24.211000,415.5857762528476,997
2024-09-18 11:13:24.305000,415.5774436409829,1005
2024-09-18 11:13:24.321000,415.5855479596134,997
2024-09-18 11:13:24.324000,415.5466141105314,10
2024-09-18 11:13:24.392000,415.5757686757306,998
2024-09-18 11:13:24.471000,415.584850932475,104
2024-09-18 11:13:24.489000,415.5892126747485,999
2024-09-18 11:13:24.501000,415.53826147255376,12
2024-09-18 11:13:24.535000,415.5683572510811,97
2024-09-18 11:13:24.538000,415.5850192457932,1004
2024-09-18 11:13:24.540000,415.5674746091196,996
2024-09-18 11:13:24.600000,415.5994029662248,1004
2024-09-18 11:13:24.910000,415.6021553783433,1005
2024-09-18 11:13:24.934000,415.5666991027255,1004
2024-09-18 11:13:25.139000,415.5381593725268,12
2024-09-18 11:13:25.694000,415.5360867456072,5
2024-09-18 11:13:25.869000,415.5431209782319,98
2024-09-18 11:13:25.968000,415.5485230077526,13
2024-09-18 11:13:26.042000,415.5372474647304,9
2024-09-18 11:13:26.058000,415.4809378242452,1001
2024-09-18 11:13:26.080000,415.5406870465495,998
2024-09-18 11:13:26.089000,415.48859887420457,1003
2024-09-18 11:13:26.184000,415.4859932368706,105
2024-09-18 11:13:26.186000,415.5416433457282,104
2024-09-18 11:13:26.242000,415.52097538522185,9
2024-09-18 11:13:26.284000,415.5332572190261,997
2024-09-18 11:13:26.315000,415.4470882532211,101
2024-09-18 11:13:26.332000,415.51526881010506,995
2024-09-18 11:13:26.382000,415.4818663973234,95
2024-09-18 11:13:26.384000,415.4711050175863,997
2024-09-18 11:13:26.536000,415.492884047305,12
2024-09-18 11:13:26.638000,415.5101466424009,1002
2024-09-18 11:13:26.739000,415.5274701326504,98
2024-09-18 11:13:26.750000,415.4912032832562,1001
2024-09-18 11:13:26.763000,415.49786843898687,997
2024-09-18 11:13:26.767000,415.4914193244774,14
2024-09-18 11:13:26.796000,415.543846779041,8
2024-09-18 11:13:26.819000,415.4718760065584,997
2024-09-18 11:13:26.946000,415.5121504962529,999
2024-09-18 11:13:27.060000,415.4795844763596,104
2024-09-18 11:13:27.070000,415.468857049378,995
2024-09-18 11:13:27.329000,415.4800982182122,998
2024-09-18 11:13:27.369000,415.4667871795795,997
2024-09-18 11:13:27.486000,415.4689653365557,97
2024-09-18 11:13:27.684000,415.46119426179695,8
2024-09-18 11:13:27.690000,415.4710662522765,1004
2024-09-18 11:13:27.702000,415.4722440079365,1001
2024-09-18 11:13:27.738000,415.4806585192085,998
2024-09-18 11:13:27.821000,415.4834111748772,1001
2024-09-18 11:13:29.062000,415.4396206954303,11
2024-09-18 11:13:29.124000,415.4442738976853,13
2024-09-18 11:13:29.167000,415.4444709143765,103
2024-09-18 11:13:29.182000,415.4517373466885,103
2024-09-18 11:13:29.206000,415.43150671801794,100
2024-09-18 11:13:29.226000,415.43542149060215,6
2024-09-18 11:13:29.795000,415.4568784492643,1000
2024-09-18 11:13:29.857000,415.4619392629008,1002
2024-09-18 11:13:29.866000,415.4228288708856,1003
2024-09-18 11:13:30.217000,415.3927212184122,9
2024-09-18 11:13:30.279000,415.3861839365522,102
2024-09-18 11:13:30.348000,415.4010129861067,95
2024-09-18 11:13:30.445000,415.4228523279322,97
2024-09-18 11:13:30.464000,415.4043470727677,997
2024-09-18 11:13:30.738000,415.39393952895006,101
2024-09-18 11:13:30.765000,415.40861998843206,12
2024-09-18 11:13:30.784000,415.4512629297009,102
2024-09-18 11:13:30.902000,415.3902786775309,1004
2024-09-18 11:13:31.057000,415.3516129045887,102
2024-09-18 11:13:31.098000,415.31957379700987,102
2024-09-18 11:13:31.147000,415.3450507996955,102
2024-09-18 11:13:31.275000,415.3376103267189,100
2024-09-18 11:13:31.463000,415.376098002944,996
2024-09-18 11:13:31.503000,415.3617966937584,9
2024-09-18 11:13:31.516000,415.3609499873178,1001
2024-09-18 11:13:31.621000,415.375971279541,995
2024-09-18 11:13:31.625000,415.3622395918596,102
2024-09-18 11:13:31.671000,415.3670586636112,14
2024-09-18 11:13:31.764000,415.3551181998824,15
2024-09-18 11:13:31.896000,415.3630025810209,104
2024-09-18 11:13:31.904000,415.3336197005069,98
2024-09-18 11:13:31.973000,415.36764814725547,1001
2024-09-18 11:13:32.001000,415.25923507739134,6
2024-09-18 11:13:32.056000,415.34198506276425,5
2024-09-18 11:13:32.140000,415.3656259119305,996
2024-09-18 11:13:32.141000,415.3069125013028,102
2024-09-18 11:13:32.187000,415.2902403618135,1005
2024-09-18 11:13:32.187000,415.2520385771901,10
2024-09-18 11:13:32.199000,415.3456912236989,9
2024-09-18 11:13:32.239000,415.3470307356552,103
2024-09-18 11:13:32.311000,415.30436703992086,5
2024-09-18 11:13:32.334000,415.31683339714175,1003
2024-09-18 11:13:32.359000,415.3566635479448,12
2024-09-18 11:13:32.390000,415.2975279866246,998
2024-09-18 11:13:32.395000,415.3053179756079,5
2024-09-18 11:13:32.450000,415.3008125299925,12
2024-09-18 11:13:32.457000,415.3391092348905,14
2024-09-18 11:13:32.465000,415.3211222816519,9
2024-09-18 11:13:32.476000,415.3113446554064,13
2024-09-18 11:13:32.526000,415.30636578953965,9
2024-09-18 11:13:32.577000,415.310214087391,103
2024-09-18 11:13:32.647000,415.32603858747,13
2024-09-18 11:13:32.920000,415.2656949808515,996
2024-09-18 11:13:32.929000,415.3527181649106,96
2024-09-18 11:13:32.936000,415.3191018285606,10
2024-09-18 11:13:32.957000,415.3284796846946,1002
2024-09-18 11:13:33.018000,415.30894630550864,100
2024-09-18 11:13:33.018000,415.2948705505226,15
2024-09-18 11:13:33.115000,415.34683580379897,1000
2024-09-18 11:13:33.181000,415.3753547538463,6
2024-09-18 11:13:33.347000,415.3795335114201,5
2024-09-18 11:13:33.424000,415.3835787456357,7
2024-09-18 11:13:33.494000,415.3755838492134,97
2024-09-18 11:13:33.496000,415.3676179600177,997
2024-09-18 11:13:33.507000,415.3564070521383,998
2024-09-18 11:13:33.616000,415.3521592054918,95
2024-09-18 11:13:33.623000,415.29354045988913,995
2024-09-18 11:13:33.639000,415.3130167175587,998
2024-09-18 11:13:33.651000,415.38417040614513,98
2024-09-18 11:13:33.651000,415.3731392121561,998
2024-09-18 11:13:33.738000,415.3426479046869,98
2024-09-18 11:13:33.774000,415.2958542033818,11
2024-09-18 11:13:33.779000,415.30106915314985,97
2024-09-18 11:13:33.802000,415.37776833462107,13
2024-09-18 11:13:33.814000,415.3246060381569,11
2024-09-18 11:13:33.863000,415.380209078411,11
2024-09-18 11:13:33.867000,415.31888927636817,13
2024-09-18 11:13:33.896000,415.3728461372976,97
2024-09-18 11:13:33.935000,415.3094736763582,1000
2024-09-18 11:13:33.939000,415.3035087319425,9
2024-09-18 11:13:33.947000,415.31873098040296,8
2024-09-18 11:13:34.206000,415.3566221695657,5
2024-09-18 11:13:34.235000,415.3717486351903,8
2024-09-18 11:13:35.032000,415.3780619101937,999
2024-09-18 11:13:35.053000,415.3274308386498,1005
2024-09-18 11:13:35.062000,415.3697762786285,96
2024-09-18 11:13:35.075000,415.3719423210391,7
2024-09-18 11:13:35.096000,415.3438202057651,99
2024-09-18 11:13:35.108000,415.36927712001136,10
2024-09-18 11:13:35.217000,415.35851201426607,7
2024-09-18 11:13:35.266000,415.3758255057407,13
2024-09-18 11:13:35.284000,415.3779812120145,102
2024-09-18 11:13:35.305000,415.36988095249416,105
2024-09-18 11:13:35.344000,415.38540689029,1005
2024-09-18 11:13:35.371000,415.34954956493374,101
2024-09-18 11:13:35.424000,415.33361149371217,1004
2024-09-18 11:13:35.428000,415.35598052925286,97
2024-09-18 11:13:35.463000,415.3646907002061,97
2024-09-18 11:13:35.505000,415.3450050183178,995
2024-09-18 11:13:35.538000,415.3680102455817,997
2024-09-18 11:13:35.545000,415.3713864090767,15
2024-09-18 11:13:35.547000,415.3508872695824,1001
2024-09-18 11:13:35.601000,415.3638123215836,100
2024-09-18 11:13:35.705000,415.358394600734,995
2024-09-18 11:13:35.712000,415.3730516312954,104
2024-09-18 11:13:35.741000,415.3408640331213,101
2024-09-18 11:13:35.746000,415.3720556711812,995
2024-09-18 11:13:35.796000,415.3622495359136,999
2024-09-18 11:13:35.824000,415.37616220232223,13
2024-09-18 11:13:35.828000,415.3707667655455,13
2024-09-18 11:13:35.843000,415.3799143970892,9
2024-09-18 11:13:35.914000,415.3409697561258,104
2024-09-18 11:13:35.962000,415.36125465456905,104
2024-09-18 11:13:36.031000,415.2481630983031,103
2024-09-18 11:13:36.071000,415.2800083042422,15
2024-09-18 11:13:36.082000,415.2441600325065,1002
2024-09-18 11:13:36.115000,415.29518728862666,8
2024-09-18 11:13:36.148000,415.3268565655632,11
2024-09-18 11:13:36.205000,415.2398853616066,1000
2024-09-18 11:13:36.275000,415.2474477295313,996
2024-09-18 11:13:36.332000,415.30191477459016,97
2024-09-18 11:13:36.389000,415.2589323480652,7
2024-09-18 11:13:36.422000,415.2596835248426,6
2024-09-18 11:13:36.451000,415.2761369748623,1003
2024-09-18 11:13:36.461000,415.301476247112,11
2024-09-18 11:13:36.483000,415.2443709071673,995
2024-09-18 11:13:36.558000,415.2311069640932,105
2024-09-18 11:13:36.630000,415.2909967655019,105
2024-09-18 11:13:36.664000,415.2975365172826,12
2024-09-18 11:13:36.712000,415.2910799029034,13
2024-09-18 11:13:36.724000,415.3232260956124,100
2024-09-18 11:13:36.778000,415.2850786697808,96
2024-09-18 11:13:36.867000,415.293508550737,101
2024-09-18 11:13:36.937000,415.2655199383983,13
2024-09-18 11:13:36.957000,415.21974889534977,6
2024-09-18 11:13:37.021000,415.2252725435638,12
2024-09-18 11:13:37.039000,415.2252255640351,102
2024-09-18 11:13:37.041000,415.24283916899657,997
2024-09-18 11:13:37.051000,415.2266285857552,1000
2024-09-18 11:13:37.151000,415.2231899041948,1004
2024-09-18 11:13:37.165000,415.21921439466007,13
2024-09-18 11:13:37.346000,415.2281973239713,1003
2024-09-18 11:13:37.452000,415.2324948526922,9
2024-09-18 11:13:37.550000,415.2529424134258,6
2024-09-18 11:13:37.607000,415.2095585427914,996
2024-09-18 11:13:37.618000,415.2207988446783,97
2024-09-18 11:13:37.622000,415.2131498734996,10
2024-09-18 11:13:37.784000,415.22033684559807,96
2024-09-18 11:13:37.984000,415.204299516941,97
2024-09-18 11:13:38.170000,415.2197389012673,999
2024-09-18 11:13:38.171000,415.2102340011055,996
2024-09-18 11:13:38.188000,415.2188220206499,96
2024-09-18 11:13:38.221000,415.2113208870871,995
2024-09-18 11:13:38.303000,415.2301990274577,1002
2024-09-18 11:13:38.439000,415.2270429349678,100
2024-09-18 11:13:38.507000,415.205750785742,100
2024-09-18 11:13:38.585000,415.20713528258216,998
2024-09-18 11:13:38.657000,415.22925400455983,998
2024-09-18 11:13:38.746000,415.2145823813097,103
2024-09-18 11:13:39.022000,415.2186681553093,1004
2024-09-18 11:13:39.076000,415.2262408837909,1005
2024-09-18 11:13:39.156000,415.2487045357478,999
2024-09-18 11:13:39.229000,415.2550210070172,14
2024-09-18 11:13:39.369000,415.21694350960325,998
2024-09-18 11:13:39.440000,415.2356439483531,103
2024-09-18 11:13:39.512000,415.26209569042487,102
2024-09-18 11:13:39.605000,415.2279020530053,105
2024-09-18 11:13:40.398000,415.24526320586745,105
2024-09-18 11:13:41.128000,415.2325935839056,11
2024-09-18 11:13:41.165000,415.2435017876624,15
2024-09-18 11:13:41.258000,415.2075384785536,105
2024-09-18 11:13:41.308000,415.2397471760639,14
2024-09-18 11:13:41.321000,415.2439786226848,10
2024-09-18 11:13:41.493000,415.2162804796951,104
2024-09-18 11:13:41.534000,415.23777862307975,98
2024-09-18 11:13:41.633000,415.2291553097183,105
2024-09-18 11:13:41.701000,415.2288069854508,14
2024-09-18 11:13:41.760000,415.2419608885573,9
2024-09-18 11:13:42.062000,415.3688101131352,11
2024-09-18 11:13:42.106000,415.3562768728777,5
2024-09-18 11:13:42.332000,415.2885717104961,14
2024-09-18 11:13:42.352000,415.3906956716693,12
2024-09-18 11:13:42.359000,415.39413267020535,96
2024-09-18 11:13:42.378000,415.27572493519017,100
2024-09-18 11:13:42.433000,415.3149591394365,998
2024-09-18 11:13:42.434000,415.3340020524231,996
2024-09-18 11:13:42.443000,415.3350690457885,104
2024-09-18 11:13:42.463000,415.2720406766506,105
2024-09-18 11:13:42.488000,415.2667458568066,13
2024-09-18 11:13:42.583000,415.39801802357385,9
2024-09-18 11:13:42.611000,415.4122897415305,105
2024-09-18 11:13:42.612000,415.3107146358909,11
2024-09-18 11:13:42.625000,415.2848275872335,10
2024-09-18 11:13:42.712000,415.387003059954,102
2024-09-18 11:13:42.765000,415.2989022390981,998
2024-09-18 11:13:42.912000,415.31666873622686,8
2024-09-18 11:13:43.026000,415.4525245383706,1003
2024-09-18 11:13:43.042000,415.47631566676085,97
2024-09-18 11:13:43.077000,415.4442571157243,105
2024-09-18 11:13:43.078000,415.4512196411978,105
2024-09-18 11:13:43.079000,415.4454938006559,1001
2024-09-18 11:13:43.105000,415.4817623680007,100
2024-09-18 11:13:43.186000,415.4156803813614,998
2024-09-18 11:13:43.232000,415.4448424237099,13
2024-09-18 11:13:43.245000,415.4711941626876,11
2024-09-18 11:13:43.277000,415.4484733589565,998
2024-09-18 11:13:43.291000,415.4430010979691,105
2024-09-18 11:13:43.308000,415.4730550738351,13
2024-09-18 11:13:43.349000,415.4233753169577,1003
2024-09-18 11:13:43.349000,415.45450020880935,996
2024-09-18 11:13:43.365000,415.4185563748804,102
2024-09-18 11:13:43.376000,415.44953278903,6
2024-09-18 11:13:43.379000,415.44388077600496,1005
2024-09-18 11:13:43.471000,415.4563176184095,96
2024-09-18 11:13:43.479000,415.47667765209167,11
2024-09-18 11:13:43.513000,415.41116122089176,1000
2024-09-18 11:13:43.683000,415.4480990979111,97
2024-09-18 11:13:43.745000,415.47107975063614,5
2024-09-18 11:13:43.794000,415.4455334362092,998
2024-09-18 11:13:43.812000,415.4690023713805,104
2024-09-18 11:13:43.817000,415.4352555434725,11
2024-09-18 11:13:43.884000,415.45387863454806,14
2024-09-18 11:13:43.917000,415.46915278544094,1003
2024-09-18 11:13:43.968000,415.442374295719,1004
2024-09-18 11:13:44.001000,415.4361880697648,1005
2024-09-18 11:13:44.019000,415.4114269749759,98
2024-09-18 11:13:44.062000,415.4459924997648,10
2024-09-18 11:13:44.206000,415.4118512657265,97
2024-09-18 11:13:44.278000,415.4202875390128,7
2024-09-18 11:13:44.325000,415.4091806022517,95
2024-09-18 11:13:44.670000,415.3972304709877,100
2024-09-18 11:13:44.708000,415.4134837178438,1000
2024-09-18 11:13:44.755000,415.3959170399859,1001
2024-09-18 11:13:44.865000,415.3986315650805,998
2024-09-18 11:13:44.871000,415.41961662797854,9
2024-09-18 11:13:44.917000,415.4311020653555,98
2024-09-18 11:13:44.924000,415.3966892824308,103
2024-09-18 11:13:44.944000,415.4121367586986,99
2024-09-18 11:13:45.024000,415.4089863952652,101
2024-09-18 11:13:45.121000,415.38298733117534,15
2024-09-18 11:13:45.304000,415.3829186467015,15
2024-09-18 11:13:45.305000,415.3885260796769,1001
2024-09-18 11:13:45.320000,415.42588171730335,1002
2024-09-18 11:13:45.352000,415.37560288268367,995
2024-09-18 11:13:45.366000,415.4044938064711,1001
2024-09-18 11:13:45.420000,415.3752797544094,996
2024-09-18 11:13:45.512000,415.3669626673967,9
2024-09-18 11:13:45.627000,415.3729770269404,1003
2024-09-18 11:13:45.627000,415.4091371019815,11
2024-09-18 11:13:45.679000,415.4338826347137,13
2024-09-18 11:13:45.716000,415.39660113666713,998
2024-09-18 11:13:45.740000,415.4102684621951,96
2024-09-18 11:13:45.787000,415.3741063442839,103
2024-09-18 11:13:45.799000,415.3728586838196,1002
2024-09-18 11:13:45.804000,415.36927455291567,1003
2024-09-18 11:13:45.822000,415.4137926777341,7
2024-09-18 11:13:45.836000,415.3770265777931,15
2024-09-18 11:13:45.850000,415.39378291841285,104
2024-09-18 11:13:45.853000,415.40578705125614,96
2024-09-18 11:13:45.899000,415.3655979788478,13
2024-09-18 11:13:45.994000,415.40569996296335,1001
2024-09-18 11:13:46.053000,415.42515024916406,6
2024-09-18 11:13:46.247000,415.40732492152864,96
2024-09-18 11:13:46.266000,415.3944243626116,1001
2024-09-18 11:13:46.337000,415.4385010007281,995
2024-09-18 11:13:46.429000,415.38844684189775,1004
2024-09-18 11:13:46.443000,415.3994535602419,11
2024-09-18 11:13:46.469000,415.3984215385368,98
2024-09-18 11:13:46.518000,415.3768167715809,996
2024-09-18 11:13:46.560000,415.4094304230433,8
2024-09-18 11:13:46.561000,415.36718515005407,6
2024-09-18 11:13:46.648000,415.40833688109416,5
2024-09-18 11:13:46.761000,415.3933633733512,1002
2024-09-18 11:13:46.929000,415.3845980839175,15
2024-09-18 11:13:46.931000,415.38067049463854,1003
2024-09-18 11:13:46.955000,415.433739862498,102
2024-09-18 11:13:47.011000,415.36241800251537,1000
2024-09-18 11:13:47.074000,415.3450519281815,15
2024-09-18 11:13:47.086000,415.3328035049165,96
2024-09-18 11:13:47.182000,415.32897418174025,14
2024-09-18 11:13:47.184000,415.3600466328234,102
2024-09-18 11:13:47.240000,415.3292007242164,1003
2024-09-18 11:13:47.326000,415.36181984118025,95
2024-09-18 11:13:47.355000,415.36570469388414,100
2024-09-18 11:13:47.392000,415.3156859695059,103
2024-09-18 11:13:47.434000,415.3830255692257,13
2024-09-18 11:13:47.440000,415.3689883280993,997
2024-09-18 11:13:47.483000,415.357231430941,96
2024-09-18 11:13:47.524000,415.3327087192365,1002
2024-09-18 11:13:47.561000,415.3474764441305,1003
2024-09-18 11:13:47.564000,415.3593255851715,14
2024-09-18 11:13:47.687000,415.3743666122976,1002
2024-09-18 11:13:47.689000,415.3440417620447,1001
2024-09-18 11:13:47.707000,415.3579526695982,99
2024-09-18 11:13:47.855000,415.37645741610095,14
2024-09-18 11:13:49.052000,415.3009339962699,8
2024-09-18 11:13:49.207000,415.30432669635815,6
2024-09-18 11:13:49.313000,415.30344384632906,104
2024-09-18 11:13:49.328000,415.28292290035375,1003
2024-09-18 11:13:49.337000,415.32192316776815,96
2024-09-18 11:13:49.337000,415.3171387848943,999
2024-09-18 11:13:49.481000,415.3379356460536,99
2024-09-18 11:13:49.486000,415.2840434052652,998
2024-09-18 11:13:49.548000,415.3123150897928,102
2024-09-18 11:13:49.605000,415.3168671941218,1000
2024-09-18 11:13:49.733000,415.27742204342366,103
2024-09-18 11:13:49.751000,415.28310852699775,1001
2024-09-18 11:13:49.775000,415.3204953009237,9
2024-09-18 11:13:49.878000,415.2869979477479,996
2024-09-18 11:13:50.226000,415.2525590502179,15
2024-09-18 11:13:50.329000,415.2727469316421,104
2024-09-18 11:13:50.685000,415.2620410354896,997
2024-09-18 11:13:50.781000,415.2781554125753,102
2024-09-18 11:13:50.894000,415.2546954083639,100
2024-09-18 11:13:51.019000,415.2392775326883,1001
2024-09-18 11:13:51.113000,415.21669734887627,103
2024-09-18 11:13:51.151000,415.23120925840107,998
2024-09-18 11:13:51.355000,415.1865590389801,1005
2024-09-18 11:13:51.589000,415.1901790099679,98
2024-09-18 11:13:51.739000,415.201582717339,11
2024-09-18 11:13:51.744000,415.1956417364931,999
2024-09-18 11:13:51.745000,415.2317745169792,996
2024-09-18 11:13:51.786000,415.1879484157465,7
2024-09-18 11:13:51.845000,415.20372855664766,97
2024-09-18 11:13:51.884000,415.215814155523,99
2024-09-18 11:13:51.907000,415.2214555910911,15
2024-09-18 11:13:51.993000,415.1782417090345,101
2024-09-18 11:13:52.038000,415.2428636273477,12
2024-09-18 11:13:52.044000,415.1999084627428,997
2024-09-18 11:13:52.062000,415.19845411559777,996
2024-09-18 11:13:52.109000,415.1985251170106,10
2024-09-18 11:13:52.131000,415.1926901551219,95
2024-09-18 11:13:52.160000,415.22990086305447,96
2024-09-18 11:13:52.225000,415.2241690670469,14
2024-09-18 11:13:52.228000,415.2108093327485,998
2024-09-18 11:13:52.248000,415.1956208882077,100
2024-09-18 11:13:52.267000,415.2188229089322,1000
2024-09-18 11:13:52.348000,415.1786386859995,12
2024-09-18 11:13:52.386000,415.20225570309,1004
2024-09-18 11:13:52.396000,415.2390415628319,7
2024-09-18 11:13:52.439000,415.2393533343025,6
2024-09-18 11:13:52.534000,415.1832915383652,95
2024-09-18 11:13:52.549000,415.23267539136094,95
2024-09-18 11:13:52.617000,415.2550192095868,96
2024-09-18 11:13:52.697000,415.2172468115126,1003
2024-09-18 11:13:52.755000,415.2528980250504,12
2024-09-18 11:13:52.963000,415.23698179028986,1004
2024-09-18 11:13:52.978000,415.1969229926498,1001
2024-09-18 11:13:52.998000,415.2231307188786,999
2024-09-18 11:13:53.015000,415.1825749040988,6
2024-09-18 11:13:53.081000,415.1809418660755,103
2024-09-18 11:13:53.084000,415.2052583712847,102
2024-09-18 11:13:53.140000,415.2001185596917,15
2024-09-18 11:13:53.153000,415.1473946052533,10
2024-09-18 11:13:53.160000,415.1658581097972,8
2024-09-18 11:13:53.195000,415.1661742296176,1005
2024-09-18 11:13:53.250000,415.1142216232741,104
2024-09-18 11:13:53.254000,415.15043249789,96
2024-09-18 11:13:53.311000,415.160648652158,95
2024-09-18 11:13:53.339000,415.1815772576362,13
2024-09-18 11:13:53.353000,415.1638307105043,1001
2024-09-18 11:13:53.380000,415.2150196583672,10
2024-09-18 11:13:53.430000,415.2122536888991,12
2024-09-18 11:13:53.431000,415.1489469229232,996
2024-09-18 11:13:53.484000,415.19752577191167,8
2024-09-18 11:13:53.521000,415.1376717898036,1002
2024-09-18 11:13:53.628000,415.1688509232003,11
2024-09-18 11:13:53.687000,415.1965009371023,1004
2024-09-18 11:13:53.690000,415.1098724750523,99
2024-09-18 11:13:53.702000,415.1140725982716,1003
2024-09-18 11:13:53.836000,415.1946554620936,15
2024-09-18 11:13:53.957000,415.1353544390189,15
2024-09-18 11:13:53.995000,415.1989346666646,997
2024-09-18 11:13:54.055000,415.2683782766732,9
2024-09-18 11:13:54.380000,415.268762199529,7
2024-09-18 11:13:54.417000,415.2914020684429,6
2024-09-18 11:13:54.668000,415.2569383917904,104
2024-09-18 11:13:54.723000,415.3025420369157,1004
2024-09-18 11:13:54.741000,415.2799161935523,103
2024-09-18 11:13:54.814000,415.2424930197438,997
2024-09-18 11:13:54.829000,415.249396338212,1002
2024-09-18 11:13:54.981000,415.2980378964833,95
2024-09-18 11:13:54.995000,415.26985330099785,13
2024-09-18 11:13:56.228000,415.3419432521943,104
2024-09-18 11:13:56.243000,415.3423801938053,105
2024-09-18 11:13:56.254000,415.3224247602769,996
2024-09-18 11:13:56.364000,415.2971840624985,98
2024-09-18 11:13:56.527000,415.3552433464841,5
2024-09-18 11:13:56.587000,415.3156732705773,6
2024-09-18 11:13:56.687000,415.3317958268344,998
2024-09-18 11:13:56.775000,415.3063611633932,97
2024-09-18 11:13:56.788000,415.3036395870415,13
2024-09-18 11:13:56.845000,415.31160478321647,11
2024-09-18 11:13:56.870000,415.3238699002468,97
2024-09-18 11:13:56.881000,415.3025870870103,1004
2024-09-18 11:13:56.922000,415.34319800539305,1005
2024-09-18 11:13:56.948000,415.32753921955,995
2024-09-18 11:13:56.963000,415.3040745820832,99
2024-09-18 11:13:56.963000,415.3396894930425,996
2024-09-18 11:13:57.021000,415.3530135584844,998
2024-09-18 11:13:57.138000,415.3364942229147,7
2024-09-18 11:13:57.209000,415.31515028905153,997
2024-09-18 11:13:57.222000,415.3912488046707,15
2024-09-18 11:13:57.253000,415.3561800884281,998
2024-09-18 11:13:57.299000,415.34918272398136,15
2024-09-18 11:13:57.305000,415.34991016952137,999
2024-09-18 11:13:57.306000,415.3774524809985,1003
2024-09-18 11:13:57.332000,415.3612071053594,5
2024-09-18 11:13:57.361000,415.3557161400806,98
2024-09-18 11:13:57.368000,415.31314428613086,1000
2024-09-18 11:13:57.404000,415.3799657379779,996
2024-09-18 11:13:57.493000,415.3663253107737,10
2024-09-18 11:13:57.514000,415.3735123467892,10
2024-09-18 11:13:57.583000,415.3704567739846,103
2024-09-18 11:13:57.999000,415.3503713191778,103
2024-09-18 11:13:58,415.413235326313,6
2024-09-18 11:13:58.024000,415.4004224006892,104
2024-09-18 11:13:58.025000,415.41161860011584,9
2024-09-18 11:13:58.043000,415.4273505770695,998
2024-09-18 11:13:58.050000,415.4407626639986,101
2024-09-18 11:13:58.066000,415.4046356869813,98
2024-09-18 11:13:58.110000,415.39892327725454,996
2024-09-18 11:13:58.128000,415.3992045607349,7
2024-09-18 11:13:58.219000,415.4164506059263,7
2024-09-18 11:13:58.230000,415.41535779826967,13
2024-09-18 11:13:58.324000,415.4115798177911,996
2024-09-18 11:13:58.381000,415.4309783528966,100
2024-09-18 11:13:58.464000,415.4221795060547,102
2024-09-18 11:13:58.551000,415.4019658957623,96
2024-09-18 11:13:58.567000,415.3664712111829,999
2024-09-18 11:13:58.585000,415.3980997296268,105
2024-09-18 11:13:58.655000,415.43015272755423,98
2024-09-18 11:13:58.790000,415.38297055064766,100
2024-09-18 11:13:58.841000,415.4246289680068,10
2024-09-18 11:13:58.877000,415.411584276693,11
2024-09-18 11:13:58.955000,415.42008853047344,102
2024-09-18 11:13:59.222000,415.4350089133452,13
2024-09-18 11:13:59.244000,415.3981026825671,1004
2024-09-18 11:13:59.360000,415.4174565401853,1003
2024-09-18 11:13:59.391000,415.4107012561307,12
2024-09-18 11:13:59.478000,415.401684401322,95
2024-09-18 11:13:59.488000,415.4045361964073,11
2024-09-18 11:13:59.502000,415.4396474961388,1000
2024-09-18 11:13:59.524000,415.40449872366383,998
2024-09-18 11:13:59.792000,415.4114751781799,1003
2024-09-18 11:13:59.793000,415.4368646936787,102
2024-09-18 11:13:59.818000,415.4357297679175,996
2024-09-18 11:13:59.822000,415.4228380497873,13
2024-09-18 11:13:59.845000,415.4146072647236,97
2024-09-18 11:13:59.874000,415.4301844193134,10
2024-09-18 11:13:59.894000,415.4363672804985,6
2024-09-18 11:13:59.949000,415.4465220838504,1000
2024-09-18 11:13:59.985000,415.4077388739614,95
