Timestamp,Price,Size
2024-09-17 15:47:00.037000,409.3164734377832,9
2024-09-17 15:47:00.070000,409.3166082587129,5
2024-09-17 15:47:00.118000,409.3156408847399,1003
2024-09-17 15:47:00.127000,409.38991527076655,999
2024-09-17 15:47:00.178000,409.3694292318671,14
2024-09-17 15:47:00.197000,409.3741672099005,9
2024-09-17 15:47:00.201000,409.3795730904041,8
2024-09-17 15:47:00.245000,409.3415883974264,8
2024-09-17 15:47:00.281000,409.32978951322673,8
2024-09-17 15:47:00.302000,409.36239581145287,9
2024-09-17 15:47:00.318000,409.3487505577273,105
2024-09-17 15:47:00.328000,409.3733950869584,1004
2024-09-17 15:47:00.335000,409.3514673591955,96
2024-09-17 15:47:00.412000,409.3513845891363,1002
2024-09-17 15:47:00.445000,409.3289863884791,7
2024-09-17 15:47:00.475000,409.3283030253645,95
2024-09-17 15:47:00.531000,409.3307970918127,100
2024-09-17 15:47:00.556000,409.3204296772231,100
2024-09-17 15:47:00.672000,409.35043654362863,1000
2024-09-17 15:47:00.697000,409.36803022229583,95
2024-09-17 15:47:00.786000,409.29704531108274,13
2024-09-17 15:47:00.816000,409.3348263717295,10
2024-09-17 15:47:00.888000,409.381814050406,5
2024-09-17 15:47:00.890000,409.3894087966475,9
2024-09-17 15:47:00.900000,409.3226810377942,997
2024-09-17 15:47:00.906000,409.3810975764255,7
2024-09-17 15:47:01.004000,409.2975398426509,1005
2024-09-17 15:47:01.031000,409.3207222156081,1000
2024-09-17 15:47:01.045000,409.344410196031,105
2024-09-17 15:47:01.106000,409.35912240083576,1003
2024-09-17 15:47:01.119000,409.31719659404746,6
2024-09-17 15:47:01.129000,409.35247730049815,10
2024-09-17 15:47:01.195000,409.3252763844192,97
2024-09-17 15:47:01.239000,409.2980598434018,999
2024-09-17 15:47:01.256000,409.3406166162451,105
2024-09-17 15:47:01.310000,409.3278892900617,15
2024-09-17 15:47:01.454000,409.3394840373454,95
2024-09-17 15:47:01.492000,409.3324480543369,1005
2024-09-17 15:47:01.506000,409.3121301583438,1004
2024-09-17 15:47:01.594000,409.3374450261533,1000
2024-09-17 15:47:01.612000,409.34595320349,15
2024-09-17 15:47:01.644000,409.33754674908783,5
2024-09-17 15:47:01.674000,409.3090463499711,12
2024-09-17 15:47:01.800000,409.3311620503492,12
2024-09-17 15:47:01.975000,409.3103561984688,8
2024-09-17 15:47:02.326000,409.3363562942848,10
2024-09-17 15:47:02.939000,409.31771180297727,100
2024-09-17 15:47:03.136000,409.4052545532936,1004
2024-09-17 15:47:03.168000,416.03471490589175,1002
2024-09-17 15:47:03.227000,409.3632451089544,996
2024-09-17 15:47:03.239000,409.3784330548425,96
2024-09-17 15:47:03.294000,409.4361285028175,96
2024-09-17 15:47:03.332000,409.42208847402986,5
2024-09-17 15:47:03.416000,409.4223178486081,102
2024-09-17 15:47:03.455000,409.3321795779652,999
2024-09-17 15:47:03.504000,409.3492013608831,96
2024-09-17 15:47:03.583000,409.3743291721884,1003
2024-09-17 15:47:03.702000,409.3674381387448,96
2024-09-17 15:47:03.750000,409.3854559583685,5
2024-09-17 15:47:03.853000,409.38167376289175,5
2024-09-17 15:47:03.856000,409.3675088695768,5
2024-09-17 15:47:03.895000,409.3764521462918,104
2024-09-17 15:47:03.973000,409.3978657125234,101
2024-09-17 15:47:04.029000,409.43723657480126,96
2024-09-17 15:47:04.119000,409.41917934070665,998
2024-09-17 15:47:04.143000,409.4185427249648,100
2024-09-17 15:47:04.152000,409.4172248871387,6
2024-09-17 15:47:04.243000,409.4302098602551,5
2024-09-17 15:47:04.249000,409.4344553998372,995
2024-09-17 15:47:04.250000,409.4297123311269,105
2024-09-17 15:47:04.267000,409.4359095428449,1003
2024-09-17 15:47:04.365000,409.4170259955544,8
2024-09-17 15:47:04.377000,409.4188037097654,997
2024-09-17 15:47:04.388000,409.4057427658112,998
2024-09-17 15:47:04.450000,409.4485121984467,9
2024-09-17 15:47:04.499000,409.4183654549989,5
2024-09-17 15:47:04.522000,409.4350632491574,14
2024-09-17 15:47:04.525000,409.4349407474396,101
2024-09-17 15:47:04.636000,409.44446609242175,13
2024-09-17 15:47:04.639000,409.4259863818623,14
2024-09-17 15:47:04.706000,409.4160587905683,99
2024-09-17 15:47:04.757000,409.4344431349528,13
2024-09-17 15:47:04.861000,409.4229407163852,103
2024-09-17 15:47:04.864000,409.42192211030414,1000
2024-09-17 15:47:04.896000,409.4431237142393,6
2024-09-17 15:47:04.899000,409.4539446934248,104
2024-09-17 15:47:04.982000,409.44879340291016,97
2024-09-17 15:47:05.044000,409.4158293161622,1003
2024-09-17 15:47:05.456000,409.4217969939828,10
2024-09-17 15:47:05.466000,409.4157529401578,13
2024-09-17 15:47:05.586000,409.432795176325,12
2024-09-17 15:47:05.928000,409.4321114892972,102
2024-09-17 15:47:06.088000,409.3543007973197,104
2024-09-17 15:47:06.143000,409.3524484984128,9
2024-09-17 15:47:06.145000,409.4082855170242,1004
2024-09-17 15:47:06.157000,409.3644625399046,12
2024-09-17 15:47:06.175000,409.4116101668004,995
2024-09-17 15:47:06.399000,409.3857438161512,997
2024-09-17 15:47:06.597000,409.39198715086616,102
2024-09-17 15:47:06.625000,409.3814108401105,999
2024-09-17 15:47:06.646000,409.3864900359581,98
2024-09-17 15:47:06.707000,409.4220074790408,100
2024-09-17 15:47:06.714000,409.3297450280399,14
2024-09-17 15:47:06.815000,409.3600057633932,102
2024-09-17 15:47:06.892000,409.3933843981641,95
2024-09-17 15:47:06.977000,409.3626586426413,998
2024-09-17 15:47:07.056000,409.3378907094893,1002
2024-09-17 15:47:07.072000,409.35941546321465,11
2024-09-17 15:47:07.145000,409.3416457406108,96
2024-09-17 15:47:07.177000,409.32773084610426,13
2024-09-17 15:47:07.194000,409.4167571959341,11
2024-09-17 15:47:07.257000,409.3561499371787,95
2024-09-17 15:47:07.268000,409.3744148507213,7
2024-09-17 15:47:07.298000,409.3533301985712,99
2024-09-17 15:47:07.315000,409.35801195952587,1004
2024-09-17 15:47:07.359000,409.3854384775344,1001
2024-09-17 15:47:07.370000,409.3578739399173,1002
2024-09-17 15:47:07.431000,409.3851662878861,15
2024-09-17 15:47:07.435000,409.3721685565365,997
2024-09-17 15:47:07.441000,409.31311160642105,1002
2024-09-17 15:47:07.543000,409.32384947517954,1003
2024-09-17 15:47:07.556000,409.3850681559873,996
2024-09-17 15:47:07.566000,409.3887558797341,101
2024-09-17 15:47:07.620000,409.3578944869478,8
2024-09-17 15:47:07.676000,409.3633650245468,997
2024-09-17 15:47:07.692000,409.3908740029845,1000
2024-09-17 15:47:07.733000,409.3657653912608,999
2024-09-17 15:47:07.862000,409.3594331520997,9
2024-09-17 15:47:07.872000,409.3318701925674,99
2024-09-17 15:47:07.908000,409.3604720856035,104
2024-09-17 15:47:07.917000,409.3626212228253,102
2024-09-17 15:47:07.946000,409.41292317394704,95
2024-09-17 15:47:08.007000,409.2922687402345,10
2024-09-17 15:47:08.096000,409.2895132991622,12
2024-09-17 15:47:08.253000,409.3352498138827,7
2024-09-17 15:47:08.311000,409.3093092832639,6
2024-09-17 15:47:08.379000,409.32099142789673,99
2024-09-17 15:47:08.393000,409.30105991299456,103
2024-09-17 15:47:08.413000,409.3063853431275,95
2024-09-17 15:47:08.475000,409.2831479452031,12
2024-09-17 15:47:08.573000,409.320210590571,1003
2024-09-17 15:47:08.619000,409.299070208322,9
2024-09-17 15:47:08.669000,409.3091826863425,5
2024-09-17 15:47:08.738000,409.3392891698256,1003
2024-09-17 15:47:08.738000,409.3045481174791,999
2024-09-17 15:47:08.753000,409.29654565079846,98
2024-09-17 15:47:08.762000,409.3255604099515,1001
2024-09-17 15:47:09.020000,409.3465717764937,103
2024-09-17 15:47:09.040000,409.31351280127393,12
2024-09-17 15:47:09.106000,409.31368662219137,1003
2024-09-17 15:47:09.175000,409.3408398162229,14
2024-09-17 15:47:09.191000,409.2960599819344,95
2024-09-17 15:47:09.439000,409.3121571205151,1000
2024-09-17 15:47:09.453000,409.30062534682287,98
2024-09-17 15:47:09.618000,409.31050608077686,7
2024-09-17 15:47:09.837000,409.3351628092597,105
2024-09-17 15:47:09.845000,409.2990769966892,9
2024-09-17 15:47:09.906000,409.3093355764231,99
2024-09-17 15:47:09.990000,409.3600234012373,998
2024-09-17 15:47:10.378000,409.3711308241725,104
2024-09-17 15:47:10.489000,409.36990455216727,11
2024-09-17 15:47:10.550000,409.3703227067456,96
2024-09-17 15:47:10.706000,409.3690900308784,997
2024-09-17 15:47:10.760000,409.360157676209,97
2024-09-17 15:47:10.860000,409.35301734854,7
2024-09-17 15:47:11.232000,409.3819739727577,101
2024-09-17 15:47:11.470000,409.4083247983178,97
2024-09-17 15:47:12.024000,409.4488260389065,1000
2024-09-17 15:47:12.052000,409.4237851590564,11
2024-09-17 15:47:12.076000,409.4160090301999,99
2024-09-17 15:47:12.102000,409.5038048302927,5
2024-09-17 15:47:12.130000,409.4232249122808,10
2024-09-17 15:47:12.152000,409.47256958732703,995
2024-09-17 15:47:12.165000,409.4319552360151,1004
2024-09-17 15:47:12.224000,409.4265525286227,97
2024-09-17 15:47:12.241000,409.3895135430688,13
2024-09-17 15:47:12.256000,409.4229539959985,98
2024-09-17 15:47:12.296000,409.42636312495176,999
2024-09-17 15:47:12.336000,409.5538873626407,15
2024-09-17 15:47:12.339000,409.3977664207157,8
2024-09-17 15:47:12.371000,409.5256556734756,1005
2024-09-17 15:47:12.418000,409.4257576585619,6
2024-09-17 15:47:12.421000,409.4293032116783,1002
2024-09-17 15:47:12.444000,409.43777079647447,15
2024-09-17 15:47:12.512000,409.405907183337,100
2024-09-17 15:47:12.535000,409.5575967840253,98
2024-09-17 15:47:12.548000,409.5460392692773,97
2024-09-17 15:47:12.548000,409.42832169677104,97
2024-09-17 15:47:12.629000,409.43316073392106,102
2024-09-17 15:47:12.655000,409.5330894531626,13
2024-09-17 15:47:12.675000,409.5559457413488,13
2024-09-17 15:47:12.677000,409.4183773129764,103
2024-09-17 15:47:12.681000,409.4433722035416,999
2024-09-17 15:47:12.799000,409.3829039382165,13
2024-09-17 15:47:12.850000,409.5100970458157,1005
2024-09-17 15:47:12.896000,409.4496779404557,997
2024-09-17 15:47:12.980000,409.5563706475764,11
2024-09-17 15:47:13.173000,409.5378562038112,13
2024-09-17 15:47:13.251000,409.5280937720902,103
2024-09-17 15:47:13.256000,409.5771053021932,997
2024-09-17 15:47:13.761000,409.5165401315165,996
2024-09-17 15:47:13.948000,409.52042267621687,12
2024-09-17 15:47:14.018000,409.52002871771,8
2024-09-17 15:47:14.171000,409.4782830113096,100
2024-09-17 15:47:14.308000,409.4828342106137,998
2024-09-17 15:47:14.320000,409.4886871703397,1005
2024-09-17 15:47:14.353000,409.4944850115136,998
2024-09-17 15:47:14.395000,409.497593745304,104
2024-09-17 15:47:14.443000,409.5028957244399,1002
2024-09-17 15:47:14.487000,409.4974186499266,103
2024-09-17 15:47:14.495000,409.5040506634939,100
2024-09-17 15:47:14.531000,409.4912161010694,997
2024-09-17 15:47:14.544000,409.47526639839833,10
2024-09-17 15:47:14.618000,409.4976807409966,10
2024-09-17 15:47:14.687000,409.5067751138606,8
2024-09-17 15:47:14.708000,409.5136975398517,12
2024-09-17 15:47:14.720000,409.5028301654163,1000
2024-09-17 15:47:14.815000,409.5194394096798,12
2024-09-17 15:47:14.841000,409.5064925044175,11
2024-09-17 15:47:14.842000,409.4772313820736,995
2024-09-17 15:47:14.847000,409.4950327104049,101
2024-09-17 15:47:14.934000,409.4716970457767,9
2024-09-17 15:47:14.936000,409.485716680188,104
2024-09-17 15:47:15.275000,409.5036936258634,10
2024-09-17 15:47:16.025000,409.4274937312447,1005
2024-09-17 15:47:16.057000,409.4375082803982,1003
2024-09-17 15:47:16.074000,409.4751677462029,1004
2024-09-17 15:47:16.085000,409.4473344699113,6
2024-09-17 15:47:16.096000,409.45021778758337,1004
2024-09-17 15:47:16.097000,409.46099966172017,96
2024-09-17 15:47:16.117000,409.4842641643076,1001
2024-09-17 15:47:16.122000,409.4559817893478,7
2024-09-17 15:47:16.127000,409.4483134288334,14
2024-09-17 15:47:16.185000,409.4696219439864,96
2024-09-17 15:47:16.213000,409.47041589125183,999
2024-09-17 15:47:16.243000,409.4508932142165,6
2024-09-17 15:47:16.297000,409.485839593487,7
2024-09-17 15:47:16.356000,409.4395001948984,996
2024-09-17 15:47:16.368000,409.49720943050266,11
2024-09-17 15:47:16.384000,409.48601954190576,101
2024-09-17 15:47:16.402000,409.4507385663869,13
2024-09-17 15:47:16.403000,409.4681518291083,996
2024-09-17 15:47:16.451000,409.4611696072811,96
2024-09-17 15:47:16.457000,409.5113587541961,10
2024-09-17 15:47:16.463000,409.438611690904,100
2024-09-17 15:47:16.508000,409.450803293002,99
2024-09-17 15:47:16.574000,409.4665381849237,95
2024-09-17 15:47:16.622000,409.4385648631567,10
2024-09-17 15:47:16.738000,409.467071017144,13
2024-09-17 15:47:16.776000,409.45455297200033,11
2024-09-17 15:47:16.919000,409.45232551632944,996
2024-09-17 15:47:16.942000,409.4751425451756,1001
2024-09-17 15:47:17.074000,409.4147152875916,1000
2024-09-17 15:47:17.093000,409.402560249717,100
2024-09-17 15:47:17.174000,409.3998830249675,11
2024-09-17 15:47:17.191000,409.41993252677264,1002
2024-09-17 15:47:17.206000,409.4329452800249,101
2024-09-17 15:47:17.219000,409.4941964358835,10
2024-09-17 15:47:17.234000,409.4539114333722,6
2024-09-17 15:47:17.276000,409.43397813529714,1004
2024-09-17 15:47:17.295000,409.4246263423248,101
2024-09-17 15:47:17.322000,409.4245866076262,100
2024-09-17 15:47:17.323000,409.427682632612,6
2024-09-17 15:47:17.331000,409.4366759308544,105
2024-09-17 15:47:17.424000,409.4456029871571,97
2024-09-17 15:47:17.467000,409.4398995575002,101
2024-09-17 15:47:17.479000,409.41274046109,998
2024-09-17 15:47:17.556000,409.4910972520995,1001
2024-09-17 15:47:17.572000,409.4335949624029,98
2024-09-17 15:47:17.670000,409.47792569500456,7
2024-09-17 15:47:17.684000,409.46237064582607,998
2024-09-17 15:47:17.686000,415.919342661105,997
2024-09-17 15:47:17.740000,409.5035152263577,1000
2024-09-17 15:47:17.783000,409.4618314448903,9
2024-09-17 15:47:17.982000,409.4292542364881,1000
2024-09-17 15:47:17.989000,409.4247311073566,996
2024-09-17 15:47:17.996000,409.4585113300462,14
2024-09-17 15:47:18.017000,409.4493755803082,97
2024-09-17 15:47:18.117000,409.43230947128745,1003
2024-09-17 15:47:18.148000,409.42980351439536,102
2024-09-17 15:47:18.473000,409.4413081124658,98
2024-09-17 15:47:18.747000,409.4414097093886,96
2024-09-17 15:47:18.755000,409.4309474449477,9
2024-09-17 15:47:18.785000,409.4373865718532,96
2024-09-17 15:47:18.872000,409.4349877415594,15
2024-09-17 15:47:18.966000,409.453635864728,95
2024-09-17 15:47:18.967000,409.4313764490736,996
2024-09-17 15:47:18.998000,409.44729455722455,996
2024-09-17 15:47:19.134000,409.416220697016,14
2024-09-17 15:47:19.229000,409.42072282629744,9
2024-09-17 15:47:19.311000,409.4244497414823,5
2024-09-17 15:47:19.893000,409.4083300110937,1004
2024-09-17 15:47:20.002000,409.3568296864603,100
2024-09-17 15:47:20.034000,409.3433051683094,995
2024-09-17 15:47:20.057000,409.3858894056027,996
2024-09-17 15:47:20.065000,409.34826280331794,101
2024-09-17 15:47:20.078000,409.41858000987577,1003
2024-09-17 15:47:20.106000,409.35610969995247,14
2024-09-17 15:47:20.177000,409.318288655439,1001
2024-09-17 15:47:20.232000,409.3400946517822,105
2024-09-17 15:47:20.241000,409.3473167048818,104
2024-09-17 15:47:20.242000,409.3340255076671,1000
2024-09-17 15:47:20.262000,409.4101375052505,13
2024-09-17 15:47:20.298000,409.3366034049307,105
2024-09-17 15:47:20.298000,409.3643617736429,5
2024-09-17 15:47:20.371000,409.3451793857293,1002
2024-09-17 15:47:20.375000,409.34066405875706,7
2024-09-17 15:47:20.376000,409.3783174905604,1004
2024-09-17 15:47:20.429000,409.375864143178,13
2024-09-17 15:47:20.484000,409.4182368862528,100
2024-09-17 15:47:20.554000,409.391313470307,9
2024-09-17 15:47:20.560000,409.4189764457964,1003
2024-09-17 15:47:20.677000,409.3699813795907,1005
2024-09-17 15:47:20.680000,409.4050160562715,100
2024-09-17 15:47:20.713000,409.3618555697281,105
2024-09-17 15:47:20.754000,409.33954785751854,96
2024-09-17 15:47:20.762000,409.3499939486408,95
2024-09-17 15:47:20.773000,409.3436417372071,104
2024-09-17 15:47:20.812000,409.3477104875645,998
2024-09-17 15:47:20.892000,409.33597298184657,14
2024-09-17 15:47:20.948000,409.358060263641,1000
2024-09-17 15:47:21.056000,409.4175314301472,1004
2024-09-17 15:47:21.062000,409.4320731034506,99
2024-09-17 15:47:21.087000,409.3927784697684,995
2024-09-17 15:47:21.129000,409.4104930326296,101
2024-09-17 15:47:21.132000,409.4154101440905,12
2024-09-17 15:47:21.146000,409.44237699692417,97
2024-09-17 15:47:21.155000,409.4171282152852,97
2024-09-17 15:47:21.167000,409.4394943358582,1004
2024-09-17 15:47:21.226000,409.4233412119153,6
2024-09-17 15:47:21.293000,409.4040687368368,999
2024-09-17 15:47:21.318000,409.41456018612666,6
2024-09-17 15:47:21.441000,409.4402364365169,13
2024-09-17 15:47:21.544000,409.4074223591164,8
2024-09-17 15:47:21.698000,409.4398901576492,1003
2024-09-17 15:47:21.698000,409.4220804483826,9
2024-09-17 15:47:21.705000,409.4148198016602,10
2024-09-17 15:47:21.773000,409.4125486261466,996
2024-09-17 15:47:21.802000,409.4096277870995,98
2024-09-17 15:47:21.936000,409.4309776043347,96
2024-09-17 15:47:21.970000,409.42099047856817,11
2024-09-17 15:47:21.975000,409.4302897935896,12
2024-09-17 15:47:22.111000,409.3975510602624,7
2024-09-17 15:47:22.119000,409.3830018973324,104
2024-09-17 15:47:22.201000,409.4381403662869,104
2024-09-17 15:47:22.216000,409.3762776199724,13
2024-09-17 15:47:22.275000,409.38620404905504,1004
2024-09-17 15:47:22.344000,409.3677944517104,95
2024-09-17 15:47:22.368000,415.9687539863141,104
2024-09-17 15:47:22.477000,409.38574438261145,10
2024-09-17 15:47:22.503000,409.4099659141847,1003
2024-09-17 15:47:22.622000,409.3961740998043,1003
2024-09-17 15:47:22.662000,409.3868989787475,11
2024-09-17 15:47:22.677000,409.3766341280418,995
2024-09-17 15:47:22.711000,409.3956825889624,105
2024-09-17 15:47:22.765000,409.3888073048399,1005
2024-09-17 15:47:22.826000,409.3745621920103,13
2024-09-17 15:47:22.829000,409.4074161630174,15
2024-09-17 15:47:22.956000,409.4035804187208,8
2024-09-17 15:47:23.102000,409.36893223954434,10
2024-09-17 15:47:23.105000,409.3616185207256,102
2024-09-17 15:47:23.182000,409.3467023057284,100
2024-09-17 15:47:23.214000,409.35666167749343,96
2024-09-17 15:47:23.280000,409.3501792449777,5
2024-09-17 15:47:23.301000,409.3562957048374,105
2024-09-17 15:47:23.341000,409.3538005153281,100
2024-09-17 15:47:23.957000,409.3438524443415,95
2024-09-17 15:47:23.963000,409.3554867376919,1004
2024-09-17 15:47:24.124000,409.3356693285447,100
2024-09-17 15:47:24.239000,409.3549444148516,101
2024-09-17 15:47:24.408000,409.348613663568,10
2024-09-17 15:47:24.461000,409.3390655743549,6
2024-09-17 15:47:24.678000,409.3514860562353,1004
2024-09-17 15:47:24.730000,409.3596123747474,101
2024-09-17 15:47:25.256000,409.32538582432494,7
2024-09-17 15:47:25.286000,409.33879797340575,1001
2024-09-17 15:47:25.852000,409.3354515673715,102
2024-09-17 15:47:26.126000,409.34490823955,999
2024-09-17 15:47:26.185000,409.36587365852455,9
2024-09-17 15:47:26.424000,409.3299645941413,103
2024-09-17 15:47:26.434000,409.34837491635096,1004
2024-09-17 15:47:26.452000,409.3383025033471,1004
2024-09-17 15:47:26.571000,409.3409429358773,1002
2024-09-17 15:47:26.936000,409.3523277574527,1003
2024-09-17 15:47:26.998000,409.3443802179519,1003
2024-09-17 15:47:27.122000,409.33680882089226,998
2024-09-17 15:47:27.192000,409.33209838013335,12
2024-09-17 15:47:27.196000,409.2928696090038,5
2024-09-17 15:47:27.280000,409.331485812549,1002
2024-09-17 15:47:27.366000,409.3304359157376,97
2024-09-17 15:47:27.476000,409.3338300934426,1001
2024-09-17 15:47:27.483000,409.2985245521951,11
2024-09-17 15:47:27.496000,409.32336786755576,997
2024-09-17 15:47:27.511000,409.29620480049954,99
2024-09-17 15:47:27.532000,409.348003898033,12
2024-09-17 15:47:27.538000,409.3414051388315,1002
2024-09-17 15:47:27.551000,409.33060964305,999
2024-09-17 15:47:27.562000,409.3442290061554,12
2024-09-17 15:47:27.571000,409.2829048257472,15
2024-09-17 15:47:27.580000,415.8881350557461,999
2024-09-17 15:47:27.593000,409.3367976140616,96
2024-09-17 15:47:27.636000,409.3332485357399,104
2024-09-17 15:47:27.671000,409.2889763902034,1005
2024-09-17 15:47:27.734000,409.3110760982224,101
2024-09-17 15:47:27.767000,409.3456589359289,6
2024-09-17 15:47:27.793000,409.3215499594472,99
2024-09-17 15:47:27.794000,409.3446061997849,10
2024-09-17 15:47:27.822000,409.31573073271534,102
2024-09-17 15:47:27.906000,409.2994553246825,15
2024-09-17 15:47:27.944000,409.3110565380748,8
2024-09-17 15:47:27.949000,409.3099820848146,101
2024-09-17 15:47:28.036000,409.3508350545658,1001
2024-09-17 15:47:28.048000,409.3471291837217,7
2024-09-17 15:47:28.101000,409.3808098628049,101
2024-09-17 15:47:28.189000,409.372721135888,11
2024-09-17 15:47:28.235000,409.3743970295628,12
2024-09-17 15:47:28.257000,409.3316916991133,15
2024-09-17 15:47:28.258000,409.36003803142825,15
2024-09-17 15:47:28.377000,409.3574456496922,998
2024-09-17 15:47:28.399000,409.3488875824529,999
2024-09-17 15:47:28.422000,409.4028625206046,1005
2024-09-17 15:47:28.490000,409.39054872497616,995
2024-09-17 15:47:28.509000,409.3343944036946,101
2024-09-17 15:47:28.522000,409.3581936115315,105
2024-09-17 15:47:28.530000,409.3662148820816,997
2024-09-17 15:47:28.538000,409.3611535002286,99
2024-09-17 15:47:28.552000,409.3513516406262,13
2024-09-17 15:47:28.585000,409.3325867801131,99
2024-09-17 15:47:28.618000,409.3515646664703,15
2024-09-17 15:47:28.656000,409.36861474999625,14
2024-09-17 15:47:28.689000,409.3474766799714,102
2024-09-17 15:47:28.712000,409.32672246822057,996
2024-09-17 15:47:28.782000,409.3747862005402,1004
2024-09-17 15:47:28.828000,409.3717992878232,997
2024-09-17 15:47:28.835000,409.3978860702043,998
2024-09-17 15:47:28.884000,409.38662797310855,97
2024-09-17 15:47:28.925000,409.3638951492541,1002
2024-09-17 15:47:28.932000,409.3521054216724,995
2024-09-17 15:47:28.967000,409.3863193986013,97
2024-09-17 15:47:28.988000,409.3811044244182,103
2024-09-17 15:47:28.994000,409.3411613056743,11
2024-09-17 15:47:29.156000,409.3277007095299,10
2024-09-17 15:47:29.352000,409.3255370958706,102
2024-09-17 15:47:29.367000,409.3225860887361,999
2024-09-17 15:47:29.493000,409.3234176262264,998
2024-09-17 15:47:29.603000,409.3350996669253,999
2024-09-17 15:47:29.877000,409.3353950064303,15
2024-09-17 15:47:30.006000,409.3243127245905,7
2024-09-17 15:47:30.043000,409.265084810444,10
2024-09-17 15:47:30.092000,409.3228807157362,997
2024-09-17 15:47:30.103000,409.33499652872496,97
2024-09-17 15:47:30.129000,409.31237863048034,7
2024-09-17 15:47:30.149000,409.2813978639628,99
2024-09-17 15:47:30.194000,409.3387811715279,995
2024-09-17 15:47:30.392000,409.3245454977661,99
2024-09-17 15:47:30.414000,409.3179805244118,103
2024-09-17 15:47:30.421000,409.3158103574468,1001
2024-09-17 15:47:30.573000,409.3292349867071,1005
2024-09-17 15:47:30.625000,409.2677754065536,8
2024-09-17 15:47:30.689000,409.3147909523906,1000
2024-09-17 15:47:30.716000,409.3386896802047,995
2024-09-17 15:47:30.719000,409.3190727105204,8
2024-09-17 15:47:30.728000,409.3297609855053,11
2024-09-17 15:47:30.761000,409.3111676217896,1001
2024-09-17 15:47:30.838000,409.3318260725953,995
2024-09-17 15:47:30.893000,409.3231224695699,996
2024-09-17 15:47:30.917000,409.3180459331384,997
2024-09-17 15:47:30.972000,415.8582768396632,998
2024-09-17 15:47:31.030000,409.2080294744772,1000
2024-09-17 15:47:31.217000,409.2455228916924,1003
2024-09-17 15:47:31.295000,409.2599505189004,1001
2024-09-17 15:47:31.368000,409.1774371440303,15
2024-09-17 15:47:31.388000,409.2401381444351,100
2024-09-17 15:47:31.394000,409.2186431601641,15
2024-09-17 15:47:31.512000,409.1861261625018,98
2024-09-17 15:47:31.525000,409.1986050366809,1000
2024-09-17 15:47:31.771000,409.1764420205688,9
2024-09-17 15:47:32.047000,409.1554799628299,1000
2024-09-17 15:47:32.063000,409.1685416689499,104
2024-09-17 15:47:32.068000,409.1186578620215,10
2024-09-17 15:47:32.080000,409.1760729716869,98
2024-09-17 15:47:32.152000,409.15003213547055,15
2024-09-17 15:47:32.249000,409.1284176207277,996
2024-09-17 15:47:32.260000,409.19781370122337,996
2024-09-17 15:47:32.268000,409.1725598814303,105
2024-09-17 15:47:32.331000,409.18858529509066,96
2024-09-17 15:47:32.340000,409.2128062316435,999
2024-09-17 15:47:32.379000,409.11763308883366,12
2024-09-17 15:47:32.515000,409.1383319170848,996
2024-09-17 15:47:32.552000,409.1341929060035,997
2024-09-17 15:47:32.598000,409.18342934355655,97
2024-09-17 15:47:32.606000,409.1193893703154,7
2024-09-17 15:47:32.647000,409.15296784679504,999
2024-09-17 15:47:32.663000,409.20080408208537,99
2024-09-17 15:47:32.994000,409.1222752683707,998
2024-09-17 15:47:33.003000,409.1346981995777,7
2024-09-17 15:47:33.044000,409.1545228234097,97
2024-09-17 15:47:33.220000,409.15254593556,1005
2024-09-17 15:47:33.554000,409.1493958730893,996
2024-09-17 15:47:33.751000,409.18946200991206,996
2024-09-17 15:47:33.774000,409.1415337517514,9
2024-09-17 15:47:33.792000,409.1544158225387,100
2024-09-17 15:47:34.494000,409.173614873514,11
2024-09-17 15:47:34.613000,409.1714927852641,95
2024-09-17 15:47:34.619000,409.1640924679524,12
2024-09-17 15:47:34.919000,409.1913317227996,1004
2024-09-17 15:47:34.923000,409.167289958821,995
2024-09-17 15:47:34.986000,409.1865791024953,11
2024-09-17 15:47:35.017000,409.2212798040451,996
2024-09-17 15:47:35.281000,409.19699975648416,105
2024-09-17 15:47:35.352000,409.18510434532254,13
2024-09-17 15:47:35.736000,409.1772440160997,95
2024-09-17 15:47:36.034000,409.21377743342174,103
2024-09-17 15:47:36.485000,409.2420874539091,12
2024-09-17 15:47:36.759000,409.2483580968646,7
2024-09-17 15:47:36.780000,415.6941302477475,6
2024-09-17 15:47:36.908000,409.2549300553717,1003
2024-09-17 15:47:37.425000,409.25587447230566,10
2024-09-17 15:47:37.465000,409.24820100287246,103
2024-09-17 15:47:37.629000,409.2194348249951,5
2024-09-17 15:47:37.722000,409.2465773642773,102
2024-09-17 15:47:37.774000,409.2330368657727,1001
2024-09-17 15:47:37.937000,409.2374573297712,9
2024-09-17 15:47:38.008000,409.240909319625,15
2024-09-17 15:47:38.015000,409.2006661170452,1002
2024-09-17 15:47:38.018000,409.2629540927279,97
2024-09-17 15:47:38.060000,409.2172991907846,995
2024-09-17 15:47:38.113000,409.2399197555769,97
2024-09-17 15:47:38.149000,409.2824169982373,999
2024-09-17 15:47:38.168000,409.2436998180147,101
2024-09-17 15:47:38.265000,409.22785173766,12
2024-09-17 15:47:38.266000,409.2481651436367,101
2024-09-17 15:47:38.315000,409.2447748722729,1000
2024-09-17 15:47:38.391000,409.2881624353724,1005
2024-09-17 15:47:38.412000,409.24111962543367,12
2024-09-17 15:47:38.510000,409.2370731069038,995
2024-09-17 15:47:38.635000,409.2814699698686,100
2024-09-17 15:47:38.733000,409.2413004122486,105
2024-09-17 15:47:38.736000,409.2634525774969,97
2024-09-17 15:47:38.840000,409.2892777017931,99
2024-09-17 15:47:38.931000,409.2383529422955,1005
2024-09-17 15:47:38.990000,409.2519045354421,98
2024-09-17 15:47:39.032000,409.1931482084748,96
2024-09-17 15:47:39.279000,409.2170789399364,1003
2024-09-17 15:47:39.453000,409.18664874237,8
2024-09-17 15:47:40.322000,409.2052283522511,996
2024-09-17 15:47:41.013000,409.2934017031255,7
2024-09-17 15:47:41.099000,409.27334099678194,102
2024-09-17 15:47:41.158000,409.2407086474688,96
2024-09-17 15:47:41.164000,409.2003212936117,998
2024-09-17 15:47:41.228000,409.26949368429456,1002
2024-09-17 15:47:41.254000,409.2907462798633,97
2024-09-17 15:47:41.259000,409.265597947284,9
2024-09-17 15:47:41.299000,409.2677101656668,998
2024-09-17 15:47:41.332000,409.2730850308949,99
2024-09-17 15:47:41.366000,409.2516337279899,1002
2024-09-17 15:47:41.388000,409.2933516084505,103
2024-09-17 15:47:41.468000,409.28214801315374,8
2024-09-17 15:47:41.483000,409.2574381015236,104
2024-09-17 15:47:41.625000,409.2722733919733,14
2024-09-17 15:47:41.637000,409.22527420380055,104
2024-09-17 15:47:41.644000,409.2864781542664,1004
2024-09-17 15:47:41.676000,409.2948706142538,1001
2024-09-17 15:47:41.694000,409.2951364037178,997
2024-09-17 15:47:41.750000,409.2953210301425,995
2024-09-17 15:47:41.858000,409.30282013526,101
2024-09-17 15:47:41.867000,409.2121249267784,7
2024-09-17 15:47:41.893000,409.28644916095465,996
2024-09-17 15:47:42.060000,409.26097735681424,103
2024-09-17 15:47:42.088000,409.2272193674982,99
2024-09-17 15:47:42.155000,409.2488660422552,11
2024-09-17 15:47:42.157000,409.2303478812386,95
2024-09-17 15:47:42.170000,409.22643116045856,12
2024-09-17 15:47:42.198000,409.2597159581604,999
2024-09-17 15:47:42.247000,409.2338058791349,7
2024-09-17 15:47:42.285000,409.2564374034981,7
2024-09-17 15:47:42.290000,409.2680004905142,11
2024-09-17 15:47:42.341000,409.2259328194185,105
2024-09-17 15:47:42.416000,409.24621795233605,104
2024-09-17 15:47:42.426000,415.6076704405439,1001
2024-09-17 15:47:42.428000,409.2250127273801,14
2024-09-17 15:47:42.463000,409.2457579893184,5
2024-09-17 15:47:42.476000,409.261032384739,100
2024-09-17 15:47:42.529000,409.2610929335223,6
2024-09-17 15:47:42.811000,409.2665564967897,1001
2024-09-17 15:47:42.931000,409.2518741343132,105
2024-09-17 15:47:42.984000,409.2480240636594,1003
2024-09-17 15:47:43.592000,409.2307617808644,105
2024-09-17 15:47:44.189000,409.20482308254,7
2024-09-17 15:47:44.202000,409.1961637205645,98
2024-09-17 15:47:44.224000,409.2245057983231,8
2024-09-17 15:47:44.250000,409.181683899406,15
2024-09-17 15:47:44.366000,409.1921016240037,15
2024-09-17 15:47:44.381000,409.18797858397056,99
2024-09-17 15:47:44.516000,409.18646929452575,96
2024-09-17 15:47:44.534000,409.2436040600204,1002
2024-09-17 15:47:44.569000,409.1662634609677,11
2024-09-17 15:47:44.614000,409.2205626291786,7
2024-09-17 15:47:44.809000,409.1787408866351,1004
2024-09-17 15:47:44.904000,409.210924030769,103
2024-09-17 15:47:44.934000,409.1941365921702,99
2024-09-17 15:47:44.960000,409.2570665448951,13
2024-09-17 15:47:44.972000,409.2006380201005,6
2024-09-17 15:47:45.088000,409.2648235117079,95
2024-09-17 15:47:45.102000,409.3156970609396,99
2024-09-17 15:47:45.116000,409.3074901657429,999
2024-09-17 15:47:45.131000,409.2918792926182,1003
2024-09-17 15:47:45.177000,409.2868641676265,11
2024-09-17 15:47:45.212000,409.3120227773538,99
2024-09-17 15:47:45.565000,409.30043144410337,10
2024-09-17 15:47:45.777000,409.28124561940615,7
2024-09-17 15:47:45.806000,409.29778357968297,5
2024-09-17 15:47:45.899000,409.3120169543142,6
2024-09-17 15:47:46.051000,409.3732584641364,997
2024-09-17 15:47:46.251000,409.298877335132,1005
2024-09-17 15:47:46.484000,409.3284395203535,6
2024-09-17 15:47:46.552000,409.360939289582,996
2024-09-17 15:47:46.584000,409.365058706659,105
2024-09-17 15:47:46.688000,409.30852415492166,100
2024-09-17 15:47:46.706000,409.30766896091137,7
2024-09-17 15:47:46.726000,409.3498791121449,999
2024-09-17 15:47:46.767000,409.3482300094776,104
2024-09-17 15:47:46.862000,409.36024503594376,14
2024-09-17 15:47:46.868000,409.35826774195,997
2024-09-17 15:47:46.911000,409.2987452064013,996
2024-09-17 15:47:46.951000,409.3648136900532,103
2024-09-17 15:47:47.176000,409.3246285370428,15
2024-09-17 15:47:47.247000,409.3200725160318,1005
2024-09-17 15:47:47.405000,409.3294493951922,6
2024-09-17 15:47:47.532000,409.3427644131512,1000
2024-09-17 15:47:47.773000,409.33576167534585,11
2024-09-17 15:47:47.816000,409.34007967902977,102
2024-09-17 15:47:47.824000,409.3680667655522,105
2024-09-17 15:47:47.854000,409.3662993446649,104
2024-09-17 15:47:48.029000,409.4548158114598,997
2024-09-17 15:47:48.034000,409.4598500914174,9
2024-09-17 15:47:48.057000,409.45581329898846,995
2024-09-17 15:47:48.116000,409.4279921131517,98
2024-09-17 15:47:48.173000,409.4600068318466,1001
2024-09-17 15:47:48.215000,409.4935702689503,1003
2024-09-17 15:47:48.237000,409.419907221168,15
2024-09-17 15:47:48.257000,409.4772969895346,999
2024-09-17 15:47:48.274000,409.4460796285256,995
2024-09-17 15:47:48.298000,409.4515058217494,13
2024-09-17 15:47:48.321000,409.4335112766643,101
2024-09-17 15:47:48.375000,409.38555369005616,9
2024-09-17 15:47:48.382000,409.4516753770619,6
2024-09-17 15:47:48.407000,409.39788924818544,997
2024-09-17 15:47:48.411000,409.4371757203087,997
2024-09-17 15:47:48.449000,409.49548790463695,12
2024-09-17 15:47:48.469000,409.4633393827327,995
2024-09-17 15:47:48.643000,409.4746566586861,99
2024-09-17 15:47:48.834000,409.4342908496423,1003
2024-09-17 15:47:48.835000,409.4554662872273,97
2024-09-17 15:47:48.963000,409.4919421046699,7
2024-09-17 15:47:48.998000,409.4299030296592,101
2024-09-17 15:47:49.007000,409.44269102644,105
2024-09-17 15:47:49.134000,409.4518536785715,6
2024-09-17 15:47:49.141000,409.46871462415777,102
2024-09-17 15:47:49.233000,409.4158018021358,1000
2024-09-17 15:47:49.248000,409.49147620983433,1002
2024-09-17 15:47:49.334000,409.3994028519948,105
2024-09-17 15:47:49.370000,409.4264309619812,13
2024-09-17 15:47:49.385000,409.3767609389543,1005
2024-09-17 15:47:49.408000,409.44649277180304,104
2024-09-17 15:47:49.471000,409.4827942700976,1002
2024-09-17 15:47:49.497000,409.4067206241838,103
2024-09-17 15:47:49.571000,409.412413796205,15
2024-09-17 15:47:49.685000,409.4286208161937,95
2024-09-17 15:47:49.701000,409.4094116207962,1004
2024-09-17 15:47:49.732000,409.3926774256719,1004
2024-09-17 15:47:49.764000,409.3871528720343,1004
2024-09-17 15:47:49.803000,409.4218456831842,1001
2024-09-17 15:47:49.822000,409.4113856346407,1000
2024-09-17 15:47:49.825000,409.4274379001266,1000
2024-09-17 15:47:49.827000,409.4466299384064,98
2024-09-17 15:47:49.900000,409.4688642491317,11
2024-09-17 15:47:49.948000,409.3868126411078,998
2024-09-17 15:47:49.965000,409.40637009152994,8
2024-09-17 15:47:49.988000,409.4389169675015,7
2024-09-17 15:47:50.407000,409.4197006296277,100
2024-09-17 15:47:50.535000,409.40989234199554,103
2024-09-17 15:47:50.715000,409.4294104944877,8
2024-09-17 15:47:50.724000,409.4199140667725,10
2024-09-17 15:47:50.814000,409.40874692334097,997
2024-09-17 15:47:51.049000,409.4046149724988,1001
2024-09-17 15:47:51.102000,409.4182553181495,997
2024-09-17 15:47:51.115000,409.4030975458381,6
2024-09-17 15:47:51.125000,409.40553321745074,10
2024-09-17 15:47:51.127000,409.4296217995493,96
2024-09-17 15:47:51.152000,409.3989895012057,6
2024-09-17 15:47:51.259000,409.4234786749243,997
2024-09-17 15:47:51.275000,409.4371888410902,98
2024-09-17 15:47:51.322000,409.404673222259,15
2024-09-17 15:47:51.374000,409.416448228149,6
2024-09-17 15:47:51.398000,409.4151782117159,98
2024-09-17 15:47:51.414000,409.4461354947528,1005
2024-09-17 15:47:51.459000,409.4205290152753,996
2024-09-17 15:47:51.505000,409.4408800828545,5
2024-09-17 15:47:51.571000,409.4011644191959,100
2024-09-17 15:47:51.593000,409.4211128600534,99
2024-09-17 15:47:51.662000,409.4190610551633,5
2024-09-17 15:47:51.901000,409.4396665337571,98
2024-09-17 15:47:51.934000,409.42587494425,8
2024-09-17 15:47:51.957000,409.44305646574105,103
2024-09-17 15:47:51.968000,409.40927326821134,95
2024-09-17 15:47:51.983000,409.4326796411193,9
2024-09-17 15:47:52.010000,409.41440595432334,999
2024-09-17 15:47:52.038000,409.442807816294,1002
2024-09-17 15:47:52.115000,409.4736262249376,11
2024-09-17 15:47:52.218000,409.481861490111,997
2024-09-17 15:47:52.238000,409.48354283713047,103
2024-09-17 15:47:52.405000,409.4616304934642,1001
2024-09-17 15:47:52.438000,409.5013877948926,105
2024-09-17 15:47:52.617000,409.47020329590384,1001
2024-09-17 15:47:52.636000,409.4867747616172,5
2024-09-17 15:47:52.643000,409.42869319684326,96
2024-09-17 15:47:52.925000,409.4075869412853,11
2024-09-17 15:47:52.952000,409.4726837172765,10
2024-09-17 15:47:53.065000,409.52113077152217,997
2024-09-17 15:47:53.100000,409.513067717799,6
2024-09-17 15:47:53.141000,409.5149327459603,1000
2024-09-17 15:47:53.176000,409.4625658570653,9
2024-09-17 15:47:53.191000,409.47987791418535,6
2024-09-17 15:47:53.196000,409.5295985686494,997
2024-09-17 15:47:53.293000,409.5151916681489,98
2024-09-17 15:47:53.296000,409.5059737608533,11
2024-09-17 15:47:53.316000,409.5363156511551,105
2024-09-17 15:47:53.321000,409.47993230125866,98
2024-09-17 15:47:53.381000,409.4794164563759,998
2024-09-17 15:47:53.424000,409.4986436192692,96
2024-09-17 15:47:53.471000,409.53164532987415,13
2024-09-17 15:47:53.503000,409.5374776691968,15
2024-09-17 15:47:53.553000,409.54649890202,99
2024-09-17 15:47:53.555000,409.5320792956408,1001
2024-09-17 15:47:53.576000,409.50468103970223,97
2024-09-17 15:47:53.789000,409.4989408593292,95
2024-09-17 15:47:53.789000,409.4932987166586,1002
2024-09-17 15:47:53.816000,409.5403491663342,995
2024-09-17 15:47:53.824000,409.5094899942193,8
2024-09-17 15:47:53.883000,409.4779705424806,7
2024-09-17 15:47:53.891000,409.5431100989516,8
2024-09-17 15:47:53.899000,409.5086544964862,998
2024-09-17 15:47:53.927000,409.5417618663987,11
2024-09-17 15:47:53.930000,409.505112369482,1002
2024-09-17 15:47:53.933000,409.5059709005652,103
2024-09-17 15:47:53.982000,409.5373009241642,97
2024-09-17 15:47:54.179000,409.4157585999344,1000
2024-09-17 15:47:54.306000,409.4583313107552,999
2024-09-17 15:47:54.595000,409.4264531744225,15
2024-09-17 15:47:54.688000,409.4254874613534,1003
2024-09-17 15:47:54.836000,409.43783625220107,98
2024-09-17 15:47:55.078000,409.48170495853753,104
2024-09-17 15:47:55.093000,409.462088267433,999
2024-09-17 15:47:55.228000,409.4634691923944,97
2024-09-17 15:47:55.268000,409.5246064915033,99
2024-09-17 15:47:55.285000,409.49897821237823,5
2024-09-17 15:47:55.288000,409.454634875724,9
2024-09-17 15:47:55.328000,409.4661486933054,996
2024-09-17 15:47:55.331000,409.4415885830104,1004
2024-09-17 15:47:55.412000,409.4870293655617,1005
2024-09-17 15:47:55.507000,409.4556405812562,996
2024-09-17 15:47:55.672000,409.5446792067325,6
2024-09-17 15:47:55.680000,409.46066759948775,95
2024-09-17 15:47:55.690000,409.4624962668874,1000
2024-09-17 15:47:55.702000,409.4907776528155,96
2024-09-17 15:47:55.754000,409.5320684634957,998
2024-09-17 15:47:55.765000,409.4682853917239,95
2024-09-17 15:47:55.800000,409.43036075543336,14
2024-09-17 15:47:55.813000,409.419558041616,96
2024-09-17 15:47:55.841000,409.4738054282936,1001
2024-09-17 15:47:55.886000,409.5507267743851,999
2024-09-17 15:47:55.907000,409.4909905906044,6
2024-09-17 15:47:55.934000,409.48722663662784,995
2024-09-17 15:47:56.417000,409.5472335692954,1001
2024-09-17 15:47:56.676000,415.4039003158273,5
2024-09-17 15:47:57.082000,409.5383975769297,98
2024-09-17 15:47:57.131000,409.5335192548684,15
2024-09-17 15:47:57.142000,409.5503323624989,15
2024-09-17 15:47:57.171000,409.5453243703567,1002
2024-09-17 15:47:57.175000,409.5035721907632,15
2024-09-17 15:47:57.192000,409.5632350937526,999
2024-09-17 15:47:57.257000,409.56114487984416,99
2024-09-17 15:47:57.284000,409.537179071584,1001
2024-09-17 15:47:57.366000,409.55318545544526,998
2024-09-17 15:47:57.437000,409.5504803649084,1002
2024-09-17 15:47:57.456000,409.58001599060265,12
2024-09-17 15:47:57.595000,409.5957901360372,100
2024-09-17 15:47:57.614000,409.5379227775692,9
2024-09-17 15:47:57.713000,409.5519075600868,1000
2024-09-17 15:47:57.763000,409.5500462944408,996
2024-09-17 15:47:57.769000,409.5316542631158,14
2024-09-17 15:47:57.789000,409.525772050662,10
2024-09-17 15:47:57.794000,409.5417869786447,998
2024-09-17 15:47:57.803000,409.5499817908847,6
2024-09-17 15:47:57.805000,409.5583725781576,996
2024-09-17 15:47:57.811000,409.5326672724185,99
2024-09-17 15:47:57.895000,409.53086020281785,8
2024-09-17 15:47:57.972000,409.5300529161391,102
2024-09-17 15:47:58.055000,409.60402655330256,10
2024-09-17 15:47:58.083000,409.6204403683949,98
2024-09-17 15:47:58.162000,409.631740628661,998
2024-09-17 15:47:58.249000,409.6372396706636,1001
2024-09-17 15:47:58.329000,409.64525952468006,11
2024-09-17 15:47:58.449000,409.6302540116782,13
2024-09-17 15:47:58.493000,409.6380333320305,9
2024-09-17 15:47:58.501000,409.6192182164315,102
2024-09-17 15:47:58.586000,409.6170779029853,999
2024-09-17 15:47:58.664000,409.5914776045642,96
2024-09-17 15:47:58.843000,409.6083912758856,997
2024-09-17 15:47:58.869000,409.6114304922159,999
2024-09-17 15:47:58.987000,409.6541127446429,1003
2024-09-17 15:47:59.012000,409.6498275023207,6
2024-09-17 15:47:59.057000,409.6573571059373,97
2024-09-17 15:47:59.106000,409.6096985384248,14
2024-09-17 15:47:59.129000,409.6585460458032,99
2024-09-17 15:47:59.154000,409.64662462682094,14
2024-09-17 15:47:59.224000,409.6343545886799,1005
2024-09-17 15:47:59.257000,409.68251406333553,14
2024-09-17 15:47:59.347000,409.67818891183936,6
2024-09-17 15:47:59.353000,409.6464027341186,996
2024-09-17 15:47:59.377000,409.6444846339788,96
2024-09-17 15:47:59.386000,409.6462339860137,103
2024-09-17 15:47:59.510000,409.6742720367899,12
2024-09-17 15:47:59.627000,409.6423524536356,7
2024-09-17 15:47:59.726000,409.6587148698943,104
2024-09-17 15:47:59.860000,409.65454343084537,11
2024-09-17 15:47:59.923000,409.6276940803282,998
2024-09-17 15:47:59.994000,409.6566742788404,7
