Timestamp,Price,Size
2024-09-18 09:33:00.025000,407.6270719346935,1003
2024-09-18 09:33:00.099000,407.5783899999973,100
2024-09-18 09:33:00.118000,407.588918243166,8
2024-09-18 09:33:00.129000,407.5912455293271,1001
2024-09-18 09:33:00.198000,407.6827402263989,8
2024-09-18 09:33:00.241000,407.6084048753552,97
2024-09-18 09:33:00.299000,407.5851744773112,13
2024-09-18 09:33:00.322000,407.5676202106732,97
2024-09-18 09:33:00.354000,407.6146152421298,98
2024-09-18 09:33:00.383000,407.65292268911327,8
2024-09-18 09:33:00.391000,407.6656715736172,13
2024-09-18 09:33:00.416000,407.5907650132402,1002
2024-09-18 09:33:00.470000,407.6798662109457,1004
2024-09-18 09:33:00.487000,407.678484987995,95
2024-09-18 09:33:00.525000,407.6888318948216,102
2024-09-18 09:33:00.587000,407.5759925672969,13
2024-09-18 09:33:00.604000,407.5914738009258,14
2024-09-18 09:33:00.719000,407.6806553945753,7
2024-09-18 09:33:00.758000,407.56727465202624,7
2024-09-18 09:33:00.762000,407.6723995742376,12
2024-09-18 09:33:00.770000,407.5736538000895,95
2024-09-18 09:33:00.775000,407.66599767761096,1000
2024-09-18 09:33:00.806000,407.6713685166382,104
2024-09-18 09:33:00.829000,407.5859187936733,102
2024-09-18 09:33:00.835000,407.58135387704016,8
2024-09-18 09:33:00.861000,407.6763745580892,96
2024-09-18 09:33:00.880000,407.5961506121705,1001
2024-09-18 09:33:00.882000,407.56347032632607,999
2024-09-18 09:33:00.916000,407.6036082271829,1005
2024-09-18 09:33:00.939000,407.66244042336007,97
2024-09-18 09:33:01.038000,407.5926942698156,9
2024-09-18 09:33:01.076000,407.6057809251179,996
2024-09-18 09:33:01.085000,407.63729812396735,14
2024-09-18 09:33:01.100000,407.686669836333,1002
2024-09-18 09:33:01.154000,407.61613760874303,98
2024-09-18 09:33:01.254000,407.6956303605578,101
2024-09-18 09:33:01.332000,407.6581605117927,9
2024-09-18 09:33:01.335000,407.7300055457603,100
2024-09-18 09:33:01.341000,407.5949989574432,95
2024-09-18 09:33:01.385000,407.6154807155591,6
2024-09-18 09:33:01.393000,407.67291349477847,97
2024-09-18 09:33:01.403000,407.5838939643638,95
2024-09-18 09:33:01.411000,407.6362703790548,104
2024-09-18 09:33:01.456000,407.67033295324455,15
2024-09-18 09:33:01.520000,407.6964965964692,96
2024-09-18 09:33:01.561000,407.6988694836485,999
2024-09-18 09:33:01.576000,407.5879567302994,998
2024-09-18 09:33:01.636000,407.5828770576776,99
2024-09-18 09:33:01.658000,407.61523777597137,995
2024-09-18 09:33:01.716000,407.6095319771656,11
2024-09-18 09:33:01.726000,407.70490831444766,995
2024-09-18 09:33:01.738000,407.58652147326086,12
2024-09-18 09:33:01.853000,407.678671791269,999
2024-09-18 09:33:01.909000,407.70821231284674,102
2024-09-18 09:33:01.925000,407.7009589756558,7
2024-09-18 09:33:01.944000,407.58667638063,998
2024-09-18 09:33:01.986000,407.5866041563101,998
2024-09-18 09:33:02.060000,407.7044416774356,1001
2024-09-18 09:33:02.118000,407.7329641791947,105
2024-09-18 09:33:02.168000,407.7099966920596,1001
2024-09-18 09:33:02.206000,407.7377493578447,13
2024-09-18 09:33:02.211000,407.7395439844745,14
2024-09-18 09:33:02.225000,407.7182826087864,1000
2024-09-18 09:33:02.260000,407.72811920615806,1003
2024-09-18 09:33:02.324000,407.725223740248,103
2024-09-18 09:33:02.448000,407.696046365835,1002
2024-09-18 09:33:02.558000,407.73158073054776,7
2024-09-18 09:33:02.567000,407.7307163110839,10
2024-09-18 09:33:02.588000,407.7280610765642,100
2024-09-18 09:33:02.597000,407.7273784528308,997
2024-09-18 09:33:02.825000,407.7187827079471,10
2024-09-18 09:33:02.852000,407.7288408141089,98
2024-09-18 09:33:02.936000,407.7094606284802,995
2024-09-18 09:33:02.948000,407.7171103887349,15
2024-09-18 09:33:02.958000,407.7290233594076,12
2024-09-18 09:33:02.961000,407.7216501344472,995
2024-09-18 09:33:03.556000,407.73810310412034,995
2024-09-18 09:33:03.847000,407.7418898313928,14
2024-09-18 09:33:03.986000,407.7537748391023,102
2024-09-18 09:33:04.063000,407.6674987357555,997
2024-09-18 09:33:04.083000,407.6777316564858,11
2024-09-18 09:33:04.105000,407.7303672038252,1002
2024-09-18 09:33:04.159000,407.69375206670674,1005
2024-09-18 09:33:04.209000,407.6791894860573,6
2024-09-18 09:33:04.223000,407.6974096314504,8
2024-09-18 09:33:04.350000,407.6859970300759,997
2024-09-18 09:33:04.368000,407.71950219012,1003
2024-09-18 09:33:04.465000,407.7287558452285,13
2024-09-18 09:33:04.499000,407.69923639195787,8
2024-09-18 09:33:04.509000,407.6854469043088,97
2024-09-18 09:33:04.711000,407.69603900746057,1000
2024-09-18 09:33:04.746000,407.6660255731204,11
2024-09-18 09:33:04.936000,407.6934380959625,11
2024-09-18 09:33:04.970000,407.7025927785322,10
2024-09-18 09:33:05.096000,407.65319265972863,104
2024-09-18 09:33:05.125000,407.6064440140516,6
2024-09-18 09:33:05.294000,407.6482571474701,1000
2024-09-18 09:33:05.338000,407.6538499976765,9
2024-09-18 09:33:05.357000,407.6157572988754,13
2024-09-18 09:33:05.498000,407.60246757040505,8
2024-09-18 09:33:05.502000,407.60556045838297,8
2024-09-18 09:33:05.689000,407.6390288709817,1005
2024-09-18 09:33:05.707000,407.5956520542512,100
2024-09-18 09:33:05.767000,407.6303788819287,10
2024-09-18 09:33:05.773000,407.6010972800151,99
2024-09-18 09:33:05.793000,407.6572265245794,105
2024-09-18 09:33:05.799000,407.6584848216279,10
2024-09-18 09:33:05.929000,407.60814357205805,995
2024-09-18 09:33:05.934000,407.6186014458828,1004
2024-09-18 09:33:05.944000,407.5853117431137,96
2024-09-18 09:33:06.041000,407.5998215187699,14
2024-09-18 09:33:06.059000,407.5826304625986,98
2024-09-18 09:33:06.118000,407.5807603382953,998
2024-09-18 09:33:06.179000,407.5573766677365,12
2024-09-18 09:33:06.181000,407.56588376019306,15
2024-09-18 09:33:06.190000,407.5641114796466,14
2024-09-18 09:33:06.270000,407.589634497556,100
2024-09-18 09:33:06.293000,407.56456206442056,999
2024-09-18 09:33:06.347000,407.56685512408353,996
2024-09-18 09:33:06.347000,407.5828386964941,105
2024-09-18 09:33:06.359000,407.5620122488274,15
2024-09-18 09:33:06.370000,407.57977989891447,995
2024-09-18 09:33:06.376000,407.5773533099096,15
2024-09-18 09:33:06.385000,407.5640746522256,104
2024-09-18 09:33:06.399000,407.5909560733814,1005
2024-09-18 09:33:06.492000,407.5902805164077,1005
2024-09-18 09:33:06.557000,407.55756715632793,104
2024-09-18 09:33:06.607000,407.5920692817777,10
2024-09-18 09:33:06.614000,407.5677492318529,98
2024-09-18 09:33:06.623000,407.5722374867863,1004
2024-09-18 09:33:06.630000,407.59400211088894,14
2024-09-18 09:33:06.676000,407.5739352846017,13
2024-09-18 09:33:06.748000,407.5989246713944,6
2024-09-18 09:33:06.756000,407.5807553812548,1004
2024-09-18 09:33:06.795000,407.6065801668578,1005
2024-09-18 09:33:06.902000,407.59038964317386,11
2024-09-18 09:33:06.913000,407.5687299966828,100
2024-09-18 09:33:06.933000,407.5993742524424,7
2024-09-18 09:33:07.500000,407.5996426302749,1005
2024-09-18 09:33:07.667000,407.58881767989845,103
2024-09-18 09:33:07.704000,407.57924236549513,8
2024-09-18 09:33:07.984000,407.5951115725387,103
2024-09-18 09:33:08.110000,407.62647698877095,995
2024-09-18 09:33:08.119000,407.5997348922092,105
2024-09-18 09:33:08.131000,407.6245734439215,1000
2024-09-18 09:33:08.211000,407.613620604424,13
2024-09-18 09:33:08.363000,407.6225539556956,104
2024-09-18 09:33:08.486000,407.6039873500909,97
2024-09-18 09:33:08.634000,407.6231806543391,96
2024-09-18 09:33:08.654000,407.6077509530769,5
2024-09-18 09:33:08.692000,407.6125587277602,14
2024-09-18 09:33:08.710000,407.6344117104229,13
2024-09-18 09:33:08.765000,407.6356573023758,7
2024-09-18 09:33:08.774000,407.62930639101256,99
2024-09-18 09:33:09.182000,407.594934919487,12
2024-09-18 09:33:09.342000,407.5961651464038,95
2024-09-18 09:33:09.618000,407.61194294351776,13
2024-09-18 09:33:09.765000,407.59574100986174,7
2024-09-18 09:33:09.922000,407.61229476576005,103
2024-09-18 09:33:10.027000,407.6170971684854,100
2024-09-18 09:33:10.085000,407.67768928360863,104
2024-09-18 09:33:10.099000,407.6326397249269,1002
2024-09-18 09:33:10.142000,407.6798247229013,104
2024-09-18 09:33:10.145000,407.6602842242011,99
2024-09-18 09:33:10.167000,407.6231970524452,6
2024-09-18 09:33:10.173000,407.62280693388806,97
2024-09-18 09:33:10.219000,407.6153366933351,102
2024-09-18 09:33:10.222000,407.6325659899417,14
2024-09-18 09:33:10.233000,407.6589445816432,1001
2024-09-18 09:33:10.304000,407.6606098912396,97
2024-09-18 09:33:10.430000,407.6219327504721,96
2024-09-18 09:33:10.438000,407.633194855631,102
2024-09-18 09:33:10.489000,407.6465746054952,996
2024-09-18 09:33:10.584000,407.62480213221687,997
2024-09-18 09:33:10.604000,407.6517331477351,996
2024-09-18 09:33:10.677000,407.5961600498676,1001
2024-09-18 09:33:10.739000,407.6552247323639,101
2024-09-18 09:33:10.804000,407.5938035180619,96
2024-09-18 09:33:10.804000,407.58933255851446,96
2024-09-18 09:33:10.869000,407.65783299796817,999
2024-09-18 09:33:10.895000,407.6660096877321,98
2024-09-18 09:33:10.910000,407.6723651212091,1002
2024-09-18 09:33:10.936000,407.676362687621,103
2024-09-18 09:33:11.017000,407.7321223609255,14
2024-09-18 09:33:11.185000,407.6965127388877,1001
2024-09-18 09:33:11.207000,407.69240155036096,1000
2024-09-18 09:33:11.267000,407.69923091306185,14
2024-09-18 09:33:11.267000,407.70463926512366,13
2024-09-18 09:33:11.297000,407.69918628971067,998
2024-09-18 09:33:11.383000,407.6735275599022,6
2024-09-18 09:33:11.409000,407.6524353360116,9
2024-09-18 09:33:11.428000,407.6974496125139,997
2024-09-18 09:33:11.470000,407.6991396974236,8
2024-09-18 09:33:11.584000,407.6898358719246,995
2024-09-18 09:33:11.601000,407.7147421000172,10
2024-09-18 09:33:11.624000,407.6950180911511,1005
2024-09-18 09:33:11.723000,407.72366677906143,103
2024-09-18 09:33:11.734000,407.6701650585239,1002
2024-09-18 09:33:11.773000,407.6877704926428,14
2024-09-18 09:33:11.792000,407.68448591399545,1003
2024-09-18 09:33:11.899000,407.6805087909025,105
2024-09-18 09:33:11.931000,407.71755575657335,97
2024-09-18 09:33:12.026000,407.7635428127934,99
2024-09-18 09:33:12.044000,407.6863924037464,1001
2024-09-18 09:33:12.072000,407.7312358842382,97
2024-09-18 09:33:12.148000,407.7545675648534,998
2024-09-18 09:33:12.209000,407.6883385642636,9
2024-09-18 09:33:12.254000,407.72056967363744,1003
2024-09-18 09:33:12.288000,407.7112165195111,101
2024-09-18 09:33:12.303000,407.7484192032351,105
2024-09-18 09:33:12.321000,407.6772185340564,11
2024-09-18 09:33:12.337000,407.7210514217007,996
2024-09-18 09:33:12.380000,407.7525594544197,1000
2024-09-18 09:33:12.652000,407.7134913763823,1002
2024-09-18 09:33:12.655000,407.707254991651,13
2024-09-18 09:33:12.698000,407.71082112469145,13
2024-09-18 09:33:12.732000,407.7043050553975,1002
2024-09-18 09:33:12.821000,407.7378629350944,102
2024-09-18 09:33:12.929000,407.7299577342882,10
2024-09-18 09:33:12.931000,407.7441391573674,5
2024-09-18 09:33:13.115000,407.727813719128,105
2024-09-18 09:33:13.267000,407.725805603501,1002
2024-09-18 09:33:13.326000,407.7347478956767,5
2024-09-18 09:33:13.359000,407.7187234083203,12
2024-09-18 09:33:13.413000,407.7289494780092,5
2024-09-18 09:33:13.466000,407.7545132181002,104
2024-09-18 09:33:13.599000,407.76087316437406,14
2024-09-18 09:33:13.667000,407.7361710529551,103
2024-09-18 09:33:13.790000,407.7208982294477,11
2024-09-18 09:33:13.810000,407.7464031596505,101
2024-09-18 09:33:13.868000,407.7256453296281,1003
2024-09-18 09:33:14.001000,407.6971403342523,5
2024-09-18 09:33:14.022000,407.7224904951835,995
2024-09-18 09:33:14.102000,407.7097475708317,6
2024-09-18 09:33:14.130000,407.6828947536042,9
2024-09-18 09:33:14.261000,407.6852017989894,998
2024-09-18 09:33:14.305000,407.7211817493254,105
2024-09-18 09:33:14.391000,407.7105202035104,8
2024-09-18 09:33:14.414000,407.71726570489136,96
2024-09-18 09:33:14.424000,407.69926392654776,13
2024-09-18 09:33:14.520000,407.7162428526321,95
2024-09-18 09:33:14.542000,407.70611358356,5
2024-09-18 09:33:14.543000,407.7137579348438,1003
2024-09-18 09:33:14.557000,407.6910196991707,102
2024-09-18 09:33:14.562000,407.6867358031177,1000
2024-09-18 09:33:14.592000,407.7243807099479,100
2024-09-18 09:33:14.618000,407.695605130698,105
2024-09-18 09:33:14.712000,407.74651870264574,997
2024-09-18 09:33:14.725000,407.689719035758,96
2024-09-18 09:33:14.771000,407.7268353962445,8
2024-09-18 09:33:14.814000,407.7351511483034,96
2024-09-18 09:33:14.817000,407.6862746815681,9
2024-09-18 09:33:14.830000,407.72354986635423,9
2024-09-18 09:33:14.847000,407.71347380395787,101
2024-09-18 09:33:14.848000,407.7291591203012,10
2024-09-18 09:33:14.874000,407.7206746029728,96
2024-09-18 09:33:14.914000,407.7081328868909,100
2024-09-18 09:33:14.919000,407.69548193724137,9
2024-09-18 09:33:14.925000,407.7195152620888,104
2024-09-18 09:33:15.006000,407.66880989024463,996
2024-09-18 09:33:15.097000,407.6963499809588,1003
2024-09-18 09:33:15.127000,407.7219899583699,102
2024-09-18 09:33:15.138000,407.6842115851462,1005
2024-09-18 09:33:15.340000,407.6821103402888,100
2024-09-18 09:33:15.350000,407.7088311717296,1004
2024-09-18 09:33:15.426000,407.6909356112418,998
2024-09-18 09:33:15.446000,407.6811331377769,9
2024-09-18 09:33:15.482000,407.7048131034412,97
2024-09-18 09:33:15.580000,407.70156069804256,99
2024-09-18 09:33:15.590000,407.6841861637402,15
2024-09-18 09:33:15.619000,407.7120396667048,103
2024-09-18 09:33:15.696000,407.6994798933035,5
2024-09-18 09:33:15.969000,407.6637062396707,6
2024-09-18 09:33:16.028000,407.6215004872817,7
2024-09-18 09:33:16.087000,407.6477149724567,15
2024-09-18 09:33:16.099000,407.6093496577555,105
2024-09-18 09:33:16.128000,407.6342271088212,1005
2024-09-18 09:33:16.138000,407.5570430882036,999
2024-09-18 09:33:16.156000,407.6201878396456,11
2024-09-18 09:33:16.203000,407.5642585669519,96
2024-09-18 09:33:16.210000,407.64874954738383,1004
2024-09-18 09:33:16.217000,407.60974158576863,5
2024-09-18 09:33:16.219000,407.64446569639097,105
2024-09-18 09:33:16.246000,407.5779533374604,6
2024-09-18 09:33:16.268000,407.5842954525013,10
2024-09-18 09:33:16.321000,407.5513266402813,105
2024-09-18 09:33:16.350000,407.6140808494543,12
2024-09-18 09:33:16.350000,407.6275206725278,1001
2024-09-18 09:33:16.350000,407.6357806151457,995
2024-09-18 09:33:16.402000,407.6658154460293,1002
2024-09-18 09:33:16.421000,407.6321404955898,97
2024-09-18 09:33:16.425000,407.5545153101647,105
2024-09-18 09:33:16.430000,407.6254851166478,101
2024-09-18 09:33:16.520000,407.5624352070576,100
2024-09-18 09:33:16.734000,407.6518217896557,104
2024-09-18 09:33:16.777000,407.6617896610484,14
2024-09-18 09:33:16.779000,407.6492862053193,103
2024-09-18 09:33:16.797000,407.6786034249412,14
2024-09-18 09:33:16.800000,407.6578206343745,12
2024-09-18 09:33:16.822000,407.57141954987065,103
2024-09-18 09:33:16.940000,407.6287532671868,15
2024-09-18 09:33:17.112000,407.5628749326338,15
2024-09-18 09:33:17.183000,407.60449923169847,1004
2024-09-18 09:33:17.640000,407.5700335517189,5
2024-09-18 09:33:17.684000,407.5477605772746,10
2024-09-18 09:33:17.735000,407.5918846099597,9
2024-09-18 09:33:17.853000,407.5820876155865,95
2024-09-18 09:33:17.911000,407.5877599535559,104
2024-09-18 09:33:17.994000,407.534637987634,995
2024-09-18 09:33:18.279000,407.5404848882622,10
2024-09-18 09:33:18.504000,407.5353244122299,1002
2024-09-18 09:33:18.532000,407.5206867928944,5
2024-09-18 09:33:18.599000,407.531424014266,104
2024-09-18 09:33:18.622000,407.5590411202792,12
2024-09-18 09:33:19.020000,407.5555631501845,96
2024-09-18 09:33:19.116000,407.51914678485247,105
2024-09-18 09:33:19.224000,407.5287178654646,102
2024-09-18 09:33:19.226000,407.49111386757966,1005
2024-09-18 09:33:19.233000,407.483789307182,14
2024-09-18 09:33:19.274000,407.5271763331834,100
2024-09-18 09:33:19.278000,407.5407011690461,999
2024-09-18 09:33:19.304000,407.5057241870898,12
2024-09-18 09:33:19.328000,407.5257624246795,13
2024-09-18 09:33:19.386000,407.5066174294008,98
2024-09-18 09:33:19.388000,407.5472087790554,997
2024-09-18 09:33:19.393000,407.540755172614,997
2024-09-18 09:33:19.467000,407.5385014231142,9
2024-09-18 09:33:19.487000,407.5435706019069,95
2024-09-18 09:33:19.491000,407.54530759281545,10
2024-09-18 09:33:19.536000,407.48769634782,10
2024-09-18 09:33:19.574000,407.5392991073943,14
2024-09-18 09:33:19.658000,407.5548707985975,996
2024-09-18 09:33:19.700000,407.5426474260058,997
2024-09-18 09:33:19.741000,407.55246494608656,10
2024-09-18 09:33:19.795000,407.53306338213855,1002
2024-09-18 09:33:19.835000,407.52658429386247,99
2024-09-18 09:33:19.848000,407.5357251758144,102
2024-09-18 09:33:19.981000,407.54771620998,10
2024-09-18 09:33:19.997000,407.5074978467995,995
2024-09-18 09:33:20.140000,407.5260685604938,8
2024-09-18 09:33:20.143000,407.5265000618954,8
2024-09-18 09:33:20.171000,407.5636700042352,8
2024-09-18 09:33:20.274000,407.5372634182223,15
2024-09-18 09:33:20.300000,407.5642509775488,105
2024-09-18 09:33:20.313000,407.5808704881382,1002
2024-09-18 09:33:20.361000,407.5626109565238,14
2024-09-18 09:33:20.563000,407.5676617570112,102
2024-09-18 09:33:20.614000,407.5343956812184,997
2024-09-18 09:33:20.636000,407.56234604367074,997
2024-09-18 09:33:20.846000,407.5595277651138,5
2024-09-18 09:33:20.973000,407.5274346538903,998
2024-09-18 09:33:20.995000,407.5205015252124,999
2024-09-18 09:33:21.174000,407.56669751351086,15
2024-09-18 09:33:21.191000,407.5789900110737,998
2024-09-18 09:33:21.285000,407.57249942941377,98
2024-09-18 09:33:21.337000,407.56904910754525,101
2024-09-18 09:33:21.397000,407.55978541369126,1001
2024-09-18 09:33:21.427000,407.5627985184693,101
2024-09-18 09:33:21.482000,407.57732048504914,1001
2024-09-18 09:33:21.495000,407.5822151073924,995
2024-09-18 09:33:21.553000,407.5715772341245,997
2024-09-18 09:33:21.555000,407.57054251688845,997
2024-09-18 09:33:21.609000,407.5640613135822,1000
2024-09-18 09:33:21.693000,407.5832145864859,6
2024-09-18 09:33:21.746000,407.561526704809,996
2024-09-18 09:33:21.772000,407.5811936364025,96
2024-09-18 09:33:21.775000,407.5761576735949,1002
2024-09-18 09:33:21.889000,407.5690388421446,1005
2024-09-18 09:33:21.940000,407.56125203695655,15
2024-09-18 09:33:22.053000,407.4891963137161,1003
2024-09-18 09:33:22.143000,407.4947284289827,1003
2024-09-18 09:33:22.144000,407.5345785435688,997
2024-09-18 09:33:22.204000,407.4752037136422,99
2024-09-18 09:33:22.295000,407.5440264442873,103
2024-09-18 09:33:22.315000,407.5497192066081,999
2024-09-18 09:33:22.325000,407.4714930004144,7
2024-09-18 09:33:22.347000,407.5483062197305,6
2024-09-18 09:33:22.363000,407.4819671967546,1000
2024-09-18 09:33:22.370000,407.5655433902139,10
2024-09-18 09:33:22.482000,407.5718150761012,9
2024-09-18 09:33:22.504000,407.5142802881004,1002
2024-09-18 09:33:22.517000,407.48589849317466,1001
2024-09-18 09:33:22.691000,407.5503174907808,100
2024-09-18 09:33:22.821000,407.5369677068811,102
2024-09-18 09:33:22.843000,407.51549461381086,7
2024-09-18 09:33:22.922000,407.5758858040683,12
2024-09-18 09:33:22.924000,407.5600505129752,14
2024-09-18 09:33:22.937000,407.5474359119444,998
2024-09-18 09:33:23.024000,407.4235517027691,1004
2024-09-18 09:33:23.074000,407.39901027855245,102
2024-09-18 09:33:23.082000,407.4488263004306,102
2024-09-18 09:33:23.085000,407.3982295335254,102
2024-09-18 09:33:23.308000,407.40676153594745,14
2024-09-18 09:33:23.340000,407.4110604411306,6
2024-09-18 09:33:23.381000,407.4366366193746,995
2024-09-18 09:33:23.437000,407.41312025881206,13
2024-09-18 09:33:23.468000,407.4069489843762,98
2024-09-18 09:33:23.559000,407.4245339565168,96
2024-09-18 09:33:23.563000,407.467282704176,14
2024-09-18 09:33:23.724000,407.46936838201657,998
2024-09-18 09:33:23.743000,407.3992640028383,1001
2024-09-18 09:33:23.906000,407.40353583849975,1002
2024-09-18 09:33:23.987000,407.4618814530375,104
2024-09-18 09:33:24.003000,407.4306957974678,1003
2024-09-18 09:33:24.024000,407.4385114130916,12
2024-09-18 09:33:24.028000,407.4373242105752,1002
2024-09-18 09:33:24.064000,407.4241831937107,96
2024-09-18 09:33:24.072000,407.4273985320252,1000
2024-09-18 09:33:24.140000,407.41586827505125,1005
2024-09-18 09:33:24.170000,407.4206552769057,14
2024-09-18 09:33:24.243000,407.437782148953,105
2024-09-18 09:33:24.307000,407.4531841891854,1005
2024-09-18 09:33:24.367000,407.4151470825027,13
2024-09-18 09:33:24.381000,407.4237533555166,5
2024-09-18 09:33:24.392000,407.4118948521326,98
2024-09-18 09:33:24.426000,407.4307088616853,95
2024-09-18 09:33:24.496000,407.4076565360684,1005
2024-09-18 09:33:24.610000,407.4422657628925,999
2024-09-18 09:33:24.639000,407.4330415026551,5
2024-09-18 09:33:24.672000,407.4083861991148,9
2024-09-18 09:33:24.688000,407.4178942366072,105
2024-09-18 09:33:24.706000,407.4362353088738,1000
2024-09-18 09:33:24.718000,407.416409870796,99
2024-09-18 09:33:24.854000,407.4098290592574,11
2024-09-18 09:33:24.930000,407.4116109965297,100
2024-09-18 09:33:25.159000,407.4823278759689,999
2024-09-18 09:33:25.159000,407.4261245522635,99
2024-09-18 09:33:25.236000,407.4257621846099,997
2024-09-18 09:33:25.246000,407.4319254791305,5
2024-09-18 09:33:25.271000,407.4779617547999,995
2024-09-18 09:33:25.344000,407.4453295870581,103
2024-09-18 09:33:25.584000,407.4104935028565,99
2024-09-18 09:33:25.600000,407.4100612439627,100
2024-09-18 09:33:25.609000,407.4364060431423,5
2024-09-18 09:33:25.633000,407.4749240162352,14
2024-09-18 09:33:25.645000,407.4029926027542,1002
2024-09-18 09:33:25.666000,407.4133429690722,6
2024-09-18 09:33:25.679000,407.4831318711701,105
2024-09-18 09:33:25.705000,407.49365990182457,96
2024-09-18 09:33:25.711000,407.424733634564,6
2024-09-18 09:33:25.725000,407.4394583341356,999
2024-09-18 09:33:25.735000,407.4486081358687,7
2024-09-18 09:33:25.751000,407.49283532615925,8
2024-09-18 09:33:25.786000,407.4273106373483,1003
2024-09-18 09:33:25.799000,407.4368327840957,13
2024-09-18 09:33:25.800000,407.4188892436762,103
2024-09-18 09:33:25.818000,407.4146549834852,14
2024-09-18 09:33:25.900000,407.4351313378604,95
2024-09-18 09:33:25.942000,407.42077962631015,12
2024-09-18 09:33:25.956000,407.4137213093935,1000
2024-09-18 09:33:26.025000,407.4686261361298,1003
2024-09-18 09:33:26.035000,407.4827864201924,102
2024-09-18 09:33:26.178000,407.52129152500095,6
2024-09-18 09:33:26.218000,407.5653118077731,7
2024-09-18 09:33:26.266000,407.4864468991682,98
2024-09-18 09:33:26.365000,407.4918706650172,1000
2024-09-18 09:33:26.372000,407.4841060045615,104
2024-09-18 09:33:26.378000,407.5006737441658,101
2024-09-18 09:33:26.436000,407.51478525076527,995
2024-09-18 09:33:26.490000,407.5804152102936,1002
2024-09-18 09:33:26.505000,407.4589587690246,6
2024-09-18 09:33:26.661000,407.5788224046229,14
2024-09-18 09:33:26.702000,407.473836834584,996
2024-09-18 09:33:26.753000,407.5126194603302,9
2024-09-18 09:33:26.795000,407.50080990127225,6
2024-09-18 09:33:26.816000,407.54684607489713,12
2024-09-18 09:33:26.826000,407.47083595921913,100
2024-09-18 09:33:26.826000,407.5768801237618,102
2024-09-18 09:33:26.833000,407.4822256139543,99
2024-09-18 09:33:26.847000,407.4756051383912,14
2024-09-18 09:33:26.882000,407.5967023109954,13
2024-09-18 09:33:26.970000,407.5448847327272,103
2024-09-18 09:33:27.001000,407.61204447702784,6
2024-09-18 09:33:27.037000,407.6238217469361,97
2024-09-18 09:33:27.138000,407.633343985506,15
2024-09-18 09:33:27.170000,407.6155484315355,5
2024-09-18 09:33:27.228000,407.6479929717318,9
2024-09-18 09:33:27.243000,407.617831595518,5
2024-09-18 09:33:27.292000,407.5836589442463,1005
2024-09-18 09:33:27.417000,407.6464372253976,7
2024-09-18 09:33:27.446000,407.6007619704486,996
2024-09-18 09:33:27.468000,407.6387564780992,98
2024-09-18 09:33:27.551000,407.6425894808887,95
2024-09-18 09:33:27.595000,407.6237590278279,99
2024-09-18 09:33:27.631000,407.5860386611513,996
2024-09-18 09:33:27.683000,407.6160787155913,15
2024-09-18 09:33:27.709000,407.6178583253114,8
2024-09-18 09:33:27.716000,407.6281407956205,13
2024-09-18 09:33:27.831000,407.6235921764354,999
2024-09-18 09:33:27.834000,407.5790487304453,1002
2024-09-18 09:33:27.841000,407.6398665434817,98
2024-09-18 09:33:27.873000,407.6371010567309,12
2024-09-18 09:33:27.935000,407.629925667268,95
2024-09-18 09:33:28.095000,407.6082923999097,99
2024-09-18 09:33:28.383000,407.5871060654424,95
2024-09-18 09:33:28.938000,407.607360491992,1003
2024-09-18 09:33:29.081000,407.5812755798351,6
2024-09-18 09:33:29.375000,407.58302673148376,96
2024-09-18 09:33:29.486000,407.5729997145265,13
2024-09-18 09:33:29.550000,407.5830499811959,9
2024-09-18 09:33:29.559000,407.5921727300071,8
2024-09-18 09:33:29.581000,407.6060806635952,102
2024-09-18 09:33:29.605000,407.6002123486844,1002
2024-09-18 09:33:29.721000,407.575662020244,11
2024-09-18 09:33:29.760000,407.5838166140945,7
2024-09-18 09:33:29.768000,407.60480295501407,8
2024-09-18 09:33:29.813000,407.5925614250141,999
2024-09-18 09:33:30.004000,407.56902482816696,998
2024-09-18 09:33:30.075000,407.5970754599478,12
2024-09-18 09:33:30.116000,407.6118865929056,96
2024-09-18 09:33:30.231000,407.62415188172815,6
2024-09-18 09:33:30.286000,407.5790755121048,98
2024-09-18 09:33:30.400000,407.59588694346553,14
2024-09-18 09:33:30.407000,407.6107310216913,998
2024-09-18 09:33:30.449000,407.5285441015487,15
2024-09-18 09:33:30.537000,407.5639624576512,13
2024-09-18 09:33:30.562000,407.6185615902411,8
2024-09-18 09:33:30.631000,407.591296880229,999
2024-09-18 09:33:30.633000,407.6078595263221,5
2024-09-18 09:33:30.686000,407.5668005980682,103
2024-09-18 09:33:30.705000,407.6143281912765,7
2024-09-18 09:33:30.802000,407.5418333885332,6
2024-09-18 09:33:30.820000,407.59875923280833,6
2024-09-18 09:33:30.855000,407.5355921958897,101
2024-09-18 09:33:31.107000,407.51264071384753,13
2024-09-18 09:33:31.131000,407.5450535958582,1004
2024-09-18 09:33:31.159000,407.52807168779225,99
2024-09-18 09:33:31.160000,407.48511476784057,8
2024-09-18 09:33:31.163000,407.5071380163196,104
2024-09-18 09:33:31.171000,407.4865779942464,999
2024-09-18 09:33:31.243000,407.5216555061106,1005
2024-09-18 09:33:31.343000,407.543491970126,1004
2024-09-18 09:33:31.370000,407.540746676388,13
2024-09-18 09:33:31.445000,407.51265577629647,104
2024-09-18 09:33:31.448000,407.5144270634243,96
2024-09-18 09:33:31.458000,407.5252056638816,104
2024-09-18 09:33:31.509000,407.5045812602364,1002
2024-09-18 09:33:31.560000,407.5496567524549,12
2024-09-18 09:33:31.583000,407.51342364229936,5
2024-09-18 09:33:31.595000,407.5147948306601,103
2024-09-18 09:33:31.609000,407.508409398295,10
2024-09-18 09:33:31.627000,407.51192530563605,1003
2024-09-18 09:33:31.660000,407.5066353537805,9
2024-09-18 09:33:31.739000,407.5109579945916,98
2024-09-18 09:33:31.784000,407.5000067182144,6
2024-09-18 09:33:31.799000,407.5244977959353,1001
2024-09-18 09:33:31.869000,407.52977651904047,101
2024-09-18 09:33:31.874000,407.5365091860181,5
2024-09-18 09:33:31.944000,407.5365197913568,6
2024-09-18 09:33:32.019000,407.5550157523628,998
2024-09-18 09:33:32.145000,407.56532692327806,99
2024-09-18 09:33:32.302000,407.5461740678115,9
2024-09-18 09:33:32.304000,407.5552281820253,5
2024-09-18 09:33:32.326000,407.572205336528,14
2024-09-18 09:33:32.343000,407.5954924946756,10
2024-09-18 09:33:33.048000,407.59796911433534,8
2024-09-18 09:33:33.083000,407.5862830671714,13
2024-09-18 09:33:33.239000,407.6051142467351,104
2024-09-18 09:33:33.289000,407.5760344654753,995
2024-09-18 09:33:33.331000,407.609047480694,97
2024-09-18 09:33:33.337000,407.5967114160563,104
2024-09-18 09:33:33.403000,407.595045288678,996
2024-09-18 09:33:33.491000,407.5901082306581,1004
2024-09-18 09:33:33.555000,407.5973378882142,997
2024-09-18 09:33:33.707000,407.5887167587983,1005
2024-09-18 09:33:33.710000,407.581581586192,13
2024-09-18 09:33:33.864000,407.56595795973504,100
2024-09-18 09:33:33.865000,407.5967658739857,1003
2024-09-18 09:33:33.889000,407.58199763086014,96
2024-09-18 09:33:33.960000,407.6133329661016,102
2024-09-18 09:33:33.994000,407.5956868056047,997
2024-09-18 09:33:34.001000,407.55199491442505,999
2024-09-18 09:33:34.078000,407.61751749422695,1000
2024-09-18 09:33:34.207000,407.63044072454704,9
2024-09-18 09:33:34.241000,407.5750849444811,11
2024-09-18 09:33:34.249000,407.6202937660689,995
2024-09-18 09:33:34.260000,407.6236461855671,999
2024-09-18 09:33:34.357000,407.6283448506091,105
2024-09-18 09:33:34.395000,407.60334512087775,103
2024-09-18 09:33:34.401000,407.5790825110983,12
2024-09-18 09:33:34.473000,407.6053775680218,101
2024-09-18 09:33:34.490000,407.5480260870287,9
2024-09-18 09:33:34.531000,407.6360658947882,997
2024-09-18 09:33:34.531000,407.5866622518279,101
2024-09-18 09:33:34.692000,407.6280738132599,105
2024-09-18 09:33:34.776000,407.5919383285829,1004
2024-09-18 09:33:34.818000,407.5986498720212,11
2024-09-18 09:33:34.834000,407.6199717463688,6
2024-09-18 09:33:34.868000,407.5694796548345,101
2024-09-18 09:33:34.884000,407.5586730549358,13
2024-09-18 09:33:34.914000,407.5579624641841,7
2024-09-18 09:33:34.998000,407.6447139693019,13
2024-09-18 09:33:34.998000,407.5741097708933,1003
2024-09-18 09:33:35.004000,407.59078077749535,98
2024-09-18 09:33:35.033000,407.56236118904536,998
2024-09-18 09:33:35.118000,407.5774138041758,1002
2024-09-18 09:33:35.125000,407.5559209600528,996
2024-09-18 09:33:35.182000,407.5917744694785,100
2024-09-18 09:33:35.269000,407.58671179341314,997
2024-09-18 09:33:35.271000,407.59303235310415,7
2024-09-18 09:33:35.284000,407.5677659710805,995
2024-09-18 09:33:35.323000,407.5861681876594,11
2024-09-18 09:33:35.340000,407.5951383232692,1003
2024-09-18 09:33:35.360000,407.5558393739973,13
2024-09-18 09:33:35.369000,407.5349006270287,8
2024-09-18 09:33:35.370000,407.5847559494921,13
2024-09-18 09:33:35.468000,407.5416372970651,97
2024-09-18 09:33:35.535000,407.56582904179976,8
2024-09-18 09:33:35.698000,407.57840932523646,10
2024-09-18 09:33:35.702000,407.589285429188,10
2024-09-18 09:33:35.719000,407.564404781798,997
2024-09-18 09:33:35.772000,407.5768454443368,9
2024-09-18 09:33:35.790000,407.56861396962137,7
2024-09-18 09:33:35.794000,407.5550366067992,96
2024-09-18 09:33:35.799000,407.5500349674455,1002
2024-09-18 09:33:35.864000,407.6062483730981,15
2024-09-18 09:33:35.903000,407.5742869787387,997
2024-09-18 09:33:35.907000,407.5425320223024,11
2024-09-18 09:33:35.933000,407.56299116744384,6
2024-09-18 09:33:35.942000,407.56055801567175,7
2024-09-18 09:33:35.943000,407.6151093633849,1004
2024-09-18 09:33:35.960000,407.5370055977441,1001
2024-09-18 09:33:36.016000,407.5117798950254,5
2024-09-18 09:33:36.026000,407.5478562205628,7
2024-09-18 09:33:36.039000,407.5445099058285,7
2024-09-18 09:33:36.053000,407.5060569311841,8
2024-09-18 09:33:36.146000,407.46030561897095,101
2024-09-18 09:33:36.177000,407.49171421776975,103
2024-09-18 09:33:36.237000,407.49807365723785,99
2024-09-18 09:33:36.279000,407.540610668863,996
2024-09-18 09:33:36.284000,407.48256195707086,5
2024-09-18 09:33:36.333000,407.4929729302154,97
2024-09-18 09:33:36.359000,407.4739093224753,103
2024-09-18 09:33:36.397000,407.4655764467131,997
2024-09-18 09:33:36.403000,407.54293643906857,9
2024-09-18 09:33:36.406000,407.5095763660642,96
2024-09-18 09:33:36.497000,407.4704004699348,998
2024-09-18 09:33:36.525000,407.44778873043856,1005
2024-09-18 09:33:36.581000,407.46950199950544,11
2024-09-18 09:33:36.643000,407.4700537821551,1002
2024-09-18 09:33:36.697000,407.5364835807788,96
2024-09-18 09:33:36.699000,407.5108002391225,9
2024-09-18 09:33:36.706000,407.54477661660445,103
2024-09-18 09:33:36.774000,407.4984784477284,5
2024-09-18 09:33:36.920000,407.4616920246783,11
2024-09-18 09:33:37.380000,407.49365980335085,1000
2024-09-18 09:33:37.443000,407.4798787111947,10
2024-09-18 09:33:38.028000,407.4893472154456,999
2024-09-18 09:33:38.106000,407.46383627212725,95
2024-09-18 09:33:38.130000,407.4541282887986,1001
2024-09-18 09:33:38.139000,407.50955596671406,100
2024-09-18 09:33:38.201000,407.4712445617545,1002
2024-09-18 09:33:38.263000,407.4991684685718,104
2024-09-18 09:33:38.291000,407.4876111366767,997
2024-09-18 09:33:38.336000,407.4725316910786,13
2024-09-18 09:33:38.348000,407.4619473138512,9
2024-09-18 09:33:38.363000,407.42368348687415,9
2024-09-18 09:33:38.387000,407.45827067226895,12
2024-09-18 09:33:38.454000,407.4240087474488,100
2024-09-18 09:33:38.476000,407.4559555247213,1003
2024-09-18 09:33:38.503000,407.46317170804207,1000
2024-09-18 09:33:38.511000,407.4862507269902,6
2024-09-18 09:33:38.534000,407.4931942408218,12
2024-09-18 09:33:38.558000,407.4898766213191,99
2024-09-18 09:33:38.591000,407.47017617689215,1001
2024-09-18 09:33:38.607000,407.4315066086592,996
2024-09-18 09:33:38.655000,407.49892281504106,997
2024-09-18 09:33:38.867000,407.4731327352685,14
2024-09-18 09:33:38.868000,407.4517682908404,995
2024-09-18 09:33:38.949000,407.47643323039154,5
2024-09-18 09:33:38.967000,407.43028696239526,12
2024-09-18 09:33:39.102000,407.4771468169516,9
2024-09-18 09:33:39.241000,407.4757593159875,1001
2024-09-18 09:33:39.749000,407.45615906517,100
2024-09-18 09:33:40.170000,407.4747191765187,8
2024-09-18 09:33:40.189000,407.5038514178343,104
2024-09-18 09:33:40.321000,407.5083388104728,10
2024-09-18 09:33:40.343000,407.564763406627,98
2024-09-18 09:33:40.377000,407.5347285461439,14
2024-09-18 09:33:40.639000,407.5504661011535,1003
2024-09-18 09:33:40.739000,407.4974280756474,104
2024-09-18 09:33:40.743000,407.5308577844749,99
2024-09-18 09:33:40.970000,407.5648886540086,1000
2024-09-18 09:33:41.024000,407.5522742685947,999
2024-09-18 09:33:41.103000,407.5708209274872,100
2024-09-18 09:33:41.222000,407.56408573327616,11
2024-09-18 09:33:41.229000,407.5472055689715,1005
2024-09-18 09:33:41.268000,407.585661788577,97
2024-09-18 09:33:41.418000,407.5664235042266,101
2024-09-18 09:33:41.432000,407.54966092545527,1005
2024-09-18 09:33:41.439000,407.5788740451276,1001
2024-09-18 09:33:41.453000,407.5646994252296,996
2024-09-18 09:33:41.725000,407.5458092110023,102
2024-09-18 09:33:41.782000,407.562532841849,104
2024-09-18 09:33:41.915000,407.5534699740562,1005
2024-09-18 09:33:41.958000,407.5727506182556,1005
2024-09-18 09:33:41.959000,407.5427371765738,7
2024-09-18 09:33:41.963000,407.55612156955385,998
2024-09-18 09:33:42.077000,407.6237236535621,97
2024-09-18 09:33:42.112000,407.617388981203,8
2024-09-18 09:33:42.197000,407.6208269865117,103
2024-09-18 09:33:42.216000,407.60295200360497,100
2024-09-18 09:33:42.286000,407.61187443841743,100
2024-09-18 09:33:42.359000,407.6221840047515,1002
2024-09-18 09:33:42.364000,407.6046764457885,95
2024-09-18 09:33:42.406000,407.6024017609906,995
2024-09-18 09:33:42.407000,407.5472570904848,104
2024-09-18 09:33:42.476000,407.583218874634,5
2024-09-18 09:33:42.547000,407.6069079168305,104
2024-09-18 09:33:42.596000,407.5852191034048,8
2024-09-18 09:33:42.611000,407.5565979278323,105
2024-09-18 09:33:42.613000,407.6219752838669,15
2024-09-18 09:33:42.623000,407.6141241203584,995
2024-09-18 09:33:42.774000,407.59256209967,96
2024-09-18 09:33:42.802000,407.6007498830054,14
2024-09-18 09:33:42.933000,407.5706296299186,999
2024-09-18 09:33:43.691000,407.5996137382047,1005
2024-09-18 09:33:44.016000,407.5717290242192,995
2024-09-18 09:33:44.121000,407.5664795895148,99
2024-09-18 09:33:44.186000,407.5762382557835,997
2024-09-18 09:33:44.201000,407.5535418624785,7
2024-09-18 09:33:44.314000,407.6038390770784,7
2024-09-18 09:33:44.437000,407.5933303812383,12
2024-09-18 09:33:44.644000,407.57923737512976,101
2024-09-18 09:33:44.656000,407.5666890097812,1001
2024-09-18 09:33:44.851000,407.573384669683,100
2024-09-18 09:33:44.919000,407.5659933297309,98
2024-09-18 09:33:44.964000,407.57844082100615,101
2024-09-18 09:33:45.005000,407.550859713288,995
2024-09-18 09:33:45.023000,407.58017988484255,100
2024-09-18 09:33:45.384000,407.5793659418939,1003
2024-09-18 09:33:45.545000,407.5803103512983,100
2024-09-18 09:33:45.553000,407.5684630138427,96
2024-09-18 09:33:45.563000,407.5654734711057,1002
2024-09-18 09:33:45.566000,407.5658430113205,12
2024-09-18 09:33:45.637000,407.5768314591239,1002
2024-09-18 09:33:45.682000,407.5670252538626,999
2024-09-18 09:33:45.850000,407.5661294734774,103
2024-09-18 09:33:45.899000,407.5709842095488,7
2024-09-18 09:33:45.899000,407.558638446738,13
2024-09-18 09:33:45.908000,407.579671157716,6
2024-09-18 09:33:45.979000,407.5544057871839,14
2024-09-18 09:33:45.981000,407.5551767870172,95
2024-09-18 09:33:46.149000,407.5193536094312,1004
2024-09-18 09:33:46.286000,407.5292530740399,96
2024-09-18 09:33:46.297000,407.5274859033384,103
2024-09-18 09:33:46.397000,407.528874633844,1005
2024-09-18 09:33:46.482000,407.5108738558525,95
2024-09-18 09:33:46.507000,407.55474257012463,999
2024-09-18 09:33:46.509000,407.5724490809365,1003
2024-09-18 09:33:46.516000,407.5245869039385,101
2024-09-18 09:33:46.528000,407.5749973537893,1002
2024-09-18 09:33:46.532000,407.5351584016248,996
2024-09-18 09:33:46.569000,407.5451362583025,96
2024-09-18 09:33:46.613000,407.5690860057152,10
2024-09-18 09:33:46.642000,407.5185252161618,996
2024-09-18 09:33:46.643000,407.5481816889021,996
2024-09-18 09:33:46.659000,407.53132822920975,995
2024-09-18 09:33:46.678000,407.5360176943646,1001
2024-09-18 09:33:46.734000,407.5108371144819,95
2024-09-18 09:33:46.768000,407.5339155791939,99
2024-09-18 09:33:46.784000,407.5751034625008,103
2024-09-18 09:33:46.820000,407.5142692122686,95
2024-09-18 09:33:46.881000,407.5630056560188,1003
2024-09-18 09:33:46.889000,407.5686390550503,15
2024-09-18 09:33:46.913000,407.5698071712992,1004
2024-09-18 09:33:46.963000,407.5376709927404,1002
2024-09-18 09:33:46.974000,407.5601304567788,7
2024-09-18 09:33:47.101000,407.53579515212215,997
2024-09-18 09:33:47.323000,407.5323808850079,1002
2024-09-18 09:33:47.347000,407.5237907805292,6
2024-09-18 09:33:47.459000,407.53615958724026,103
2024-09-18 09:33:47.624000,407.5181795333144,14
2024-09-18 09:33:47.628000,407.55701544743545,1004
2024-09-18 09:33:47.822000,407.53799496172206,999
2024-09-18 09:33:47.868000,407.557332127828,13
2024-09-18 09:33:47.945000,407.56158233885145,105
2024-09-18 09:33:48.525000,407.515192299143,996
2024-09-18 09:33:48.583000,407.526311151758,101
2024-09-18 09:33:48.686000,407.52955282695126,11
2024-09-18 09:33:48.918000,407.5263335929501,97
2024-09-18 09:33:49.010000,407.4917480805032,98
2024-09-18 09:33:49.026000,407.474494436922,1001
2024-09-18 09:33:49.047000,407.50548602136,104
2024-09-18 09:33:49.052000,407.5120659057043,998
2024-09-18 09:33:49.104000,407.48698752982943,997
2024-09-18 09:33:49.140000,407.4906936804721,101
2024-09-18 09:33:49.154000,407.476677482259,1002
2024-09-18 09:33:49.156000,407.4950993780157,97
2024-09-18 09:33:49.280000,407.4898400482636,102
2024-09-18 09:33:49.303000,407.4889094175328,99
2024-09-18 09:33:49.317000,407.4952222051944,105
2024-09-18 09:33:49.343000,407.4710148381979,998
2024-09-18 09:33:49.350000,407.5273339799544,98
2024-09-18 09:33:49.366000,407.4754920188467,97
2024-09-18 09:33:49.407000,407.4756261715242,9
2024-09-18 09:33:49.414000,407.5127095104555,99
2024-09-18 09:33:49.450000,407.4654420089879,996
2024-09-18 09:33:49.509000,407.4792194050647,10
2024-09-18 09:33:49.570000,407.4788526717565,5
2024-09-18 09:33:49.583000,407.4832810418882,1002
2024-09-18 09:33:49.631000,407.5027521349565,104
2024-09-18 09:33:49.639000,407.50886131695904,97
2024-09-18 09:33:49.706000,407.4684545350441,995
2024-09-18 09:33:49.753000,407.4754163843684,8
2024-09-18 09:33:49.764000,407.4980441483369,102
2024-09-18 09:33:49.891000,407.46975704446106,99
2024-09-18 09:33:49.921000,407.4871736856344,997
2024-09-18 09:33:49.981000,407.475131190638,15
2024-09-18 09:33:50.070000,407.4821257039764,95
2024-09-18 09:33:50.073000,407.4403690449666,15
2024-09-18 09:33:50.254000,407.421942786808,5
2024-09-18 09:33:50.292000,407.5012287947874,995
2024-09-18 09:33:50.538000,407.4785184428328,15
2024-09-18 09:33:50.559000,407.4754454385252,104
2024-09-18 09:33:50.674000,407.485117613432,14
2024-09-18 09:33:50.745000,407.48121177704496,96
2024-09-18 09:33:50.902000,407.4969408288588,8
2024-09-18 09:33:50.928000,407.4870158805463,13
2024-09-18 09:33:50.965000,407.49331783968177,8
2024-09-18 09:33:51.001000,407.40213646620026,104
2024-09-18 09:33:51.586000,407.4043723141947,97
2024-09-18 09:33:52.046000,407.3989243525783,101
2024-09-18 09:33:52.134000,407.4079147954228,1005
2024-09-18 09:33:52.158000,407.4026593472525,97
2024-09-18 09:33:52.235000,407.414704447536,995
2024-09-18 09:33:52.303000,407.3986935252962,7
2024-09-18 09:33:52.500000,407.4317352669093,7
2024-09-18 09:33:52.581000,407.40027149786926,11
2024-09-18 09:33:52.627000,407.4161502682179,1005
2024-09-18 09:33:52.652000,407.42449291395496,12
2024-09-18 09:33:52.750000,407.4206741000474,104
2024-09-18 09:33:52.869000,407.3981688939721,102
2024-09-18 09:33:53.021000,407.4000290880037,995
2024-09-18 09:33:53.054000,407.4162110004508,995
2024-09-18 09:33:53.091000,407.3817977989436,13
2024-09-18 09:33:53.130000,407.3870375851758,1001
2024-09-18 09:33:53.134000,407.4144643386863,105
2024-09-18 09:33:53.191000,407.3839453351081,1003
2024-09-18 09:33:53.239000,407.3741282519829,12
2024-09-18 09:33:53.274000,407.4124267092107,96
2024-09-18 09:33:53.281000,407.4075685536497,1005
2024-09-18 09:33:53.408000,407.3899952812037,96
2024-09-18 09:33:53.460000,407.3748360392788,103
2024-09-18 09:33:53.480000,407.38397128728826,97
2024-09-18 09:33:53.501000,407.4216909873927,105
2024-09-18 09:33:53.633000,407.3828260213344,97
2024-09-18 09:33:53.664000,407.4162795713212,9
2024-09-18 09:33:53.676000,407.4159339376858,9
2024-09-18 09:33:53.695000,407.368042164202,103
2024-09-18 09:33:53.699000,407.3623408389244,103
2024-09-18 09:33:53.867000,407.4147508094594,99
2024-09-18 09:33:53.874000,407.3886980811422,1002
2024-09-18 09:33:53.889000,407.4278380002738,104
2024-09-18 09:33:53.907000,407.38433255233787,10
2024-09-18 09:33:53.952000,407.4367583135055,997
2024-09-18 09:33:53.982000,407.4137523443824,1001
2024-09-18 09:33:53.990000,407.4147987364983,997
2024-09-18 09:33:55.468000,407.3938197157767,998
2024-09-18 09:33:56.027000,407.3818975147017,1000
2024-09-18 09:33:56.068000,407.398578230215,996
2024-09-18 09:33:56.073000,407.3983025531698,10
2024-09-18 09:33:56.299000,407.4137853925931,995
2024-09-18 09:33:56.320000,407.4211863104487,97
2024-09-18 09:33:56.380000,407.4025197631333,102
2024-09-18 09:33:56.435000,407.4063942467655,997
2024-09-18 09:33:56.702000,407.4022421083192,13
2024-09-18 09:33:56.871000,407.4152711390908,95
2024-09-18 09:33:56.930000,407.4151716588954,1004
2024-09-18 09:33:57.019000,407.3948591940445,96
2024-09-18 09:33:57.060000,407.3733136433937,7
2024-09-18 09:33:57.178000,407.353713407473,99
2024-09-18 09:33:57.688000,407.40675311087006,1000
2024-09-18 09:33:57.867000,407.3560825944509,98
2024-09-18 09:33:57.867000,407.3772633484704,95
2024-09-18 09:33:57.875000,407.3859867901768,105
2024-09-18 09:33:57.914000,407.3941224366355,102
2024-09-18 09:33:57.918000,407.3762039850892,6
2024-09-18 09:33:58.057000,407.3529671515641,95
2024-09-18 09:33:58.443000,407.3459686631701,6
2024-09-18 09:33:58.465000,407.3621576075616,100
2024-09-18 09:33:58.598000,407.3384588784408,103
2024-09-18 09:33:58.725000,407.3592049223703,100
2024-09-18 09:33:58.919000,407.3571361025338,1000
2024-09-18 09:33:59.128000,407.4257419514603,6
2024-09-18 09:33:59.135000,407.40473305310894,103
2024-09-18 09:33:59.236000,407.4124244703339,1002
2024-09-18 09:33:59.290000,407.43747163966106,12
2024-09-18 09:33:59.308000,407.364757748491,8
2024-09-18 09:33:59.322000,407.4014987853531,11
2024-09-18 09:33:59.362000,407.3851728603656,102
2024-09-18 09:33:59.405000,407.39083451061,1000
2024-09-18 09:33:59.515000,407.3640551666325,99
2024-09-18 09:33:59.557000,407.3379402661268,13
2024-09-18 09:33:59.566000,407.3578378021179,15
2024-09-18 09:33:59.582000,407.3949777975968,14
2024-09-18 09:33:59.584000,407.4413598883766,998
2024-09-18 09:33:59.589000,407.35642795555856,997
2024-09-18 09:33:59.604000,407.42245319105245,15
2024-09-18 09:33:59.608000,407.4222688045404,95
2024-09-18 09:33:59.647000,407.4031347665849,13
2024-09-18 09:33:59.677000,407.3944806471258,7
2024-09-18 09:33:59.728000,407.44272855619135,9
2024-09-18 09:33:59.756000,407.36607864746776,15
2024-09-18 09:33:59.765000,407.3952260944921,6
2024-09-18 09:33:59.766000,407.38852005024887,95
2024-09-18 09:33:59.850000,407.3755957030572,6
2024-09-18 09:33:59.859000,407.3830118516698,14
2024-09-18 09:33:59.863000,407.3823737528119,1002
2024-09-18 09:33:59.924000,407.3724759123928,15
2024-09-18 09:33:59.938000,407.3693871660968,1003
2024-09-18 09:33:59.945000,407.3751402004677,1000
2024-09-18 09:33:59.968000,407.379713490905,96
