Timestamp,Price,Size
2024-09-17 15:50:00.028000,408.8817803481166,7
2024-09-17 15:50:00.032000,408.87112137346537,997
2024-09-17 15:50:00.091000,408.8793410145112,998
2024-09-17 15:50:00.212000,408.85974808006256,97
2024-09-17 15:50:00.226000,408.86637396119727,11
2024-09-17 15:50:00.230000,408.8547104683005,102
2024-09-17 15:50:00.290000,408.89755545068505,997
2024-09-17 15:50:00.310000,408.8821473423457,13
2024-09-17 15:50:00.346000,408.8797927215709,9
2024-09-17 15:50:00.488000,408.89639307273785,7
2024-09-17 15:50:00.492000,408.8856163163816,96
2024-09-17 15:50:00.627000,408.9004609738342,101
2024-09-17 15:50:01.027000,408.81008029572047,995
2024-09-17 15:50:01.056000,408.8680442633551,95
2024-09-17 15:50:01.256000,408.8808634314448,97
2024-09-17 15:50:01.282000,408.83512754126974,5
2024-09-17 15:50:01.286000,408.8954856733815,1003
2024-09-17 15:50:01.317000,408.8426277412471,105
2024-09-17 15:50:01.512000,408.8447488050614,96
2024-09-17 15:50:01.611000,408.8263740473742,103
2024-09-17 15:50:01.715000,408.8899398914338,998
2024-09-17 15:50:01.742000,408.8297170390428,9
2024-09-17 15:50:01.835000,408.8990135728257,105
2024-09-17 15:50:01.914000,408.860687943318,996
2024-09-17 15:50:01.932000,408.8147826550618,98
2024-09-17 15:50:01.944000,408.8579136020119,998
2024-09-17 15:50:02.126000,408.88059754657456,14
2024-09-17 15:50:02.136000,408.900843239826,996
2024-09-17 15:50:02.190000,408.9056227813441,96
2024-09-17 15:50:02.259000,408.8827574727053,996
2024-09-17 15:50:02.800000,408.8831737469149,104
2024-09-17 15:50:02.815000,408.9044930007431,1000
2024-09-17 15:50:02.817000,408.8877538571692,14
2024-09-17 15:50:02.896000,408.9216019459972,100
2024-09-17 15:50:02.956000,408.91082547295,995
2024-09-17 15:50:02.977000,408.8877328180309,995
2024-09-17 15:50:03.057000,408.8482000599756,999
2024-09-17 15:50:03.137000,408.9372128027606,7
2024-09-17 15:50:03.228000,408.8987438469277,105
2024-09-17 15:50:03.370000,408.84862919447687,11
2024-09-17 15:50:03.502000,408.84327109246647,101
2024-09-17 15:50:03.607000,408.9231881433184,10
2024-09-17 15:50:03.608000,408.8888867696003,10
2024-09-17 15:50:03.739000,408.83685283503127,1005
2024-09-17 15:50:03.790000,408.8332036325818,998
2024-09-17 15:50:03.828000,408.8669711953029,1003
2024-09-17 15:50:03.832000,408.9023669976948,7
2024-09-17 15:50:03.939000,408.9314117130859,95
2024-09-17 15:50:03.951000,408.8832597518357,995
2024-09-17 15:50:03.966000,408.9007934902564,105
2024-09-17 15:50:04.128000,408.833614457322,14
2024-09-17 15:50:04.131000,408.8656160579282,12
2024-09-17 15:50:04.152000,408.8045078925997,8
2024-09-17 15:50:04.152000,408.8421317244408,5
2024-09-17 15:50:04.242000,408.8126027792558,1004
2024-09-17 15:50:04.307000,408.84616919890846,997
2024-09-17 15:50:04.415000,408.8043742740192,100
2024-09-17 15:50:04.425000,408.81956257404295,98
2024-09-17 15:50:04.499000,408.9078487200255,14
2024-09-17 15:50:04.515000,408.9013668979237,11
2024-09-17 15:50:04.531000,408.8121817876982,99
2024-09-17 15:50:04.542000,408.8416345690399,10
2024-09-17 15:50:04.551000,408.835472885138,14
2024-09-17 15:50:04.587000,408.8511009288631,995
2024-09-17 15:50:04.634000,408.8453253122895,6
2024-09-17 15:50:04.646000,408.8488597713717,105
2024-09-17 15:50:04.651000,408.8104979633667,9
2024-09-17 15:50:04.676000,408.8278237860248,102
2024-09-17 15:50:04.693000,408.8009436396816,103
2024-09-17 15:50:04.703000,408.87101394984455,15
2024-09-17 15:50:04.704000,408.846221718039,1001
2024-09-17 15:50:04.747000,408.8262868628678,997
2024-09-17 15:50:04.748000,408.885205088214,15
2024-09-17 15:50:04.847000,408.81287152282056,996
2024-09-17 15:50:04.907000,408.83948578365136,12
2024-09-17 15:50:04.925000,408.8400589563925,101
2024-09-17 15:50:04.930000,408.8348446889399,8
2024-09-17 15:50:04.965000,408.8686495428469,97
2024-09-17 15:50:05.016000,408.8532768944244,1000
2024-09-17 15:50:05.036000,408.8313312096431,997
2024-09-17 15:50:05.061000,408.82654138900494,997
2024-09-17 15:50:05.105000,408.8536514856448,102
2024-09-17 15:50:05.141000,408.8223541107055,1001
2024-09-17 15:50:05.217000,408.88460211429066,101
2024-09-17 15:50:05.217000,408.89484410441486,995
2024-09-17 15:50:05.221000,408.82604813729074,14
2024-09-17 15:50:05.233000,408.8327770946,105
2024-09-17 15:50:05.264000,408.85471686882494,13
2024-09-17 15:50:05.271000,408.8350962401917,1000
2024-09-17 15:50:05.317000,408.8176563424512,9
2024-09-17 15:50:05.424000,408.892206317517,1001
2024-09-17 15:50:05.472000,408.8895860517584,103
2024-09-17 15:50:05.505000,408.88867320227183,8
2024-09-17 15:50:05.507000,408.8444404928668,8
2024-09-17 15:50:05.578000,408.8501805032709,11
2024-09-17 15:50:05.625000,408.8194464879927,1004
2024-09-17 15:50:05.663000,408.8477098497912,998
2024-09-17 15:50:05.668000,408.8563111364817,997
2024-09-17 15:50:05.781000,408.8404256747651,101
2024-09-17 15:50:05.873000,408.8723291678896,995
2024-09-17 15:50:05.935000,408.8806239099374,1000
2024-09-17 15:50:05.937000,408.8197772925161,102
2024-09-17 15:50:05.961000,408.83406753938334,6
2024-09-17 15:50:06.067000,408.81097844144455,98
2024-09-17 15:50:06.250000,408.81395337378666,999
2024-09-17 15:50:06.284000,408.8306362828279,997
2024-09-17 15:50:06.527000,408.8331826389018,1002
2024-09-17 15:50:06.578000,408.844460563747,95
2024-09-17 15:50:06.739000,408.8043217796245,7
2024-09-17 15:50:06.796000,408.83437988573047,998
2024-09-17 15:50:06.841000,408.79604143881056,15
2024-09-17 15:50:06.850000,408.8264995242872,101
2024-09-17 15:50:06.969000,408.79846457103577,998
2024-09-17 15:50:07.063000,408.8597551581848,102
2024-09-17 15:50:07.147000,408.8444269632383,1003
2024-09-17 15:50:07.341000,408.8424002961114,1004
2024-09-17 15:50:07.435000,408.8217498438901,9
2024-09-17 15:50:07.545000,408.8422441845296,13
2024-09-17 15:50:07.723000,408.8390086601208,99
2024-09-17 15:50:07.786000,408.8401234742995,102
2024-09-17 15:50:07.816000,408.8505335900812,995
2024-09-17 15:50:07.830000,408.82870115886783,102
2024-09-17 15:50:07.888000,408.850549826055,1001
2024-09-17 15:50:08.022000,408.786106942757,9
2024-09-17 15:50:08.174000,408.8391056977797,999
2024-09-17 15:50:08.505000,408.821284728991,7
2024-09-17 15:50:08.512000,408.7813810253356,14
2024-09-17 15:50:08.637000,408.78200575978747,996
2024-09-17 15:50:08.716000,408.77469492572845,995
2024-09-17 15:50:08.770000,408.77678268266135,98
2024-09-17 15:50:08.772000,408.8368238043921,101
2024-09-17 15:50:08.898000,408.7726577343258,104
2024-09-17 15:50:08.920000,408.7843825670614,103
2024-09-17 15:50:08.973000,408.79716511084087,5
2024-09-17 15:50:08.988000,408.79914652513287,15
2024-09-17 15:50:09.022000,408.8008239889013,1003
2024-09-17 15:50:09.041000,408.7944524871268,1000
2024-09-17 15:50:09.128000,408.8212503844792,15
2024-09-17 15:50:09.204000,408.8046610604472,5
2024-09-17 15:50:09.223000,408.8054856372724,5
2024-09-17 15:50:09.303000,408.8095080323494,1004
2024-09-17 15:50:09.451000,408.778280239674,5
2024-09-17 15:50:09.472000,408.79147670306304,9
2024-09-17 15:50:09.503000,408.8013701686716,11
2024-09-17 15:50:09.888000,408.817051900045,14
2024-09-17 15:50:09.916000,408.782346380352,96
2024-09-17 15:50:10.060000,408.80672981624974,12
2024-09-17 15:50:10.070000,408.7847918734851,100
2024-09-17 15:50:10.219000,408.7892200794985,97
2024-09-17 15:50:10.556000,408.7897842146492,100
2024-09-17 15:50:11.028000,408.8685887188053,105
2024-09-17 15:50:11.031000,408.8274666865798,104
2024-09-17 15:50:11.066000,408.8783073757155,1003
2024-09-17 15:50:11.077000,408.8461872617028,101
2024-09-17 15:50:11.121000,408.8530205589734,8
2024-09-17 15:50:11.127000,408.879907809706,1003
2024-09-17 15:50:11.176000,408.8144115901949,101
2024-09-17 15:50:11.180000,408.8518202931333,10
2024-09-17 15:50:11.197000,408.8323113958008,98
2024-09-17 15:50:11.255000,408.8065041037664,1003
2024-09-17 15:50:11.322000,408.8748455040424,1003
2024-09-17 15:50:11.331000,408.8501734552733,995
2024-09-17 15:50:11.340000,408.8562943468721,10
2024-09-17 15:50:11.445000,408.86403732144737,10
2024-09-17 15:50:11.474000,408.8328443581612,102
2024-09-17 15:50:11.484000,408.8148244999453,12
2024-09-17 15:50:11.647000,408.8625831465557,13
2024-09-17 15:50:11.726000,408.86416094378455,10
2024-09-17 15:50:11.730000,408.8225569324652,7
2024-09-17 15:50:11.743000,408.8079552691456,1005
2024-09-17 15:50:11.783000,408.87440038133,998
2024-09-17 15:50:11.819000,408.8273513568638,100
2024-09-17 15:50:11.866000,408.8062990788725,101
2024-09-17 15:50:11.866000,408.8246746908597,999
2024-09-17 15:50:11.889000,408.8266096419919,101
2024-09-17 15:50:11.953000,408.8265020927472,100
2024-09-17 15:50:11.963000,408.86882432302144,1002
2024-09-17 15:50:12.003000,408.8593231717121,996
2024-09-17 15:50:12.010000,408.8518859556947,98
2024-09-17 15:50:12.068000,408.8258117906957,105
2024-09-17 15:50:12.101000,408.80308942720507,103
2024-09-17 15:50:12.104000,408.8460986180722,1001
2024-09-17 15:50:12.141000,408.8678528724056,1005
2024-09-17 15:50:12.183000,408.81576234954144,101
2024-09-17 15:50:12.208000,408.845795924066,1003
2024-09-17 15:50:12.282000,408.8748466204948,100
2024-09-17 15:50:12.312000,408.8612685784845,1003
2024-09-17 15:50:12.330000,408.8418786939329,99
2024-09-17 15:50:12.340000,408.8746112849433,96
2024-09-17 15:50:12.588000,408.8625327951754,5
2024-09-17 15:50:12.601000,408.8139860391201,14
2024-09-17 15:50:12.866000,408.8485876483157,1000
2024-09-17 15:50:12.934000,408.8476202791835,1000
2024-09-17 15:50:12.961000,408.8129929927315,999
2024-09-17 15:50:12.967000,408.7982283145137,1001
2024-09-17 15:50:12.999000,408.8656075017869,11
2024-09-17 15:50:13.032000,408.7978433090466,1003
2024-09-17 15:50:13.050000,408.8063820037863,7
2024-09-17 15:50:13.104000,408.790018798938,1002
2024-09-17 15:50:13.195000,408.7545050608889,102
2024-09-17 15:50:13.232000,408.7552565065938,95
2024-09-17 15:50:13.285000,408.7889231628603,1005
2024-09-17 15:50:13.326000,408.758689007407,10
2024-09-17 15:50:13.397000,408.7921067111589,105
2024-09-17 15:50:13.424000,408.8027880020973,11
2024-09-17 15:50:13.446000,408.780321716424,996
2024-09-17 15:50:13.459000,408.787110632422,7
2024-09-17 15:50:13.462000,408.7602758037392,95
2024-09-17 15:50:13.474000,408.7736847472974,99
2024-09-17 15:50:13.583000,408.78488968356623,1004
2024-09-17 15:50:13.619000,408.7915015001837,7
2024-09-17 15:50:13.695000,408.798420343548,1000
2024-09-17 15:50:13.829000,408.7895824166466,12
2024-09-17 15:50:13.843000,408.7953585186169,100
2024-09-17 15:50:13.875000,408.76223090024894,999
2024-09-17 15:50:14.026000,408.80476084865455,99
2024-09-17 15:50:14.026000,408.7935471017552,1001
2024-09-17 15:50:14.098000,408.7858840936317,999
2024-09-17 15:50:14.203000,408.8047028296269,998
2024-09-17 15:50:14.229000,408.8054419193382,996
2024-09-17 15:50:14.232000,408.8174904632866,103
2024-09-17 15:50:14.315000,408.821063582714,1003
2024-09-17 15:50:14.464000,408.8007223876176,102
2024-09-17 15:50:14.504000,408.8297279989882,1004
2024-09-17 15:50:14.531000,408.7995627684828,11
2024-09-17 15:50:14.552000,408.7811463690193,997
2024-09-17 15:50:14.557000,408.8055713026144,1000
2024-09-17 15:50:14.572000,408.7826242574425,9
2024-09-17 15:50:14.616000,408.8115812022827,1005
2024-09-17 15:50:14.689000,408.8337978957746,105
2024-09-17 15:50:14.827000,408.8091981797644,1000
2024-09-17 15:50:14.991000,408.7974058048049,995
2024-09-17 15:50:15.024000,408.88633493269,13
2024-09-17 15:50:15.124000,408.878095336225,13
2024-09-17 15:50:15.212000,408.8461190928296,8
2024-09-17 15:50:15.259000,408.87518854177256,15
2024-09-17 15:50:15.424000,408.8421515199781,12
2024-09-17 15:50:15.521000,408.88912180302975,100
2024-09-17 15:50:15.536000,408.8712708458809,102
2024-09-17 15:50:15.550000,408.8523972146312,103
2024-09-17 15:50:15.702000,408.8693828730421,103
2024-09-17 15:50:15.713000,408.9006142088488,12
2024-09-17 15:50:15.740000,408.8543739043009,999
2024-09-17 15:50:15.796000,408.8679912867096,5
2024-09-17 15:50:15.803000,408.83839342127897,998
2024-09-17 15:50:15.848000,408.8462967596034,996
2024-09-17 15:50:15.888000,408.8684285581707,96
2024-09-17 15:50:15.934000,408.8863051493272,98
2024-09-17 15:50:15.974000,408.84181442390906,100
2024-09-17 15:50:16.042000,408.8487962949315,9
2024-09-17 15:50:16.078000,408.8009246265146,1005
2024-09-17 15:50:16.097000,408.8475713864323,15
2024-09-17 15:50:16.129000,408.7596358891953,996
2024-09-17 15:50:16.159000,408.78064527850864,1003
2024-09-17 15:50:16.167000,408.75723422846335,96
2024-09-17 15:50:16.197000,408.7861859203708,999
2024-09-17 15:50:16.205000,408.7509116302272,97
2024-09-17 15:50:16.207000,408.84315654862905,98
2024-09-17 15:50:16.221000,408.7694901011636,12
2024-09-17 15:50:16.232000,408.7653045358216,13
2024-09-17 15:50:16.322000,408.7968094545087,100
2024-09-17 15:50:16.354000,408.7882221364113,1001
2024-09-17 15:50:16.357000,408.8255091021255,997
2024-09-17 15:50:16.379000,408.7665106297131,99
2024-09-17 15:50:16.399000,408.7904351932305,102
2024-09-17 15:50:16.436000,408.8035651902548,996
2024-09-17 15:50:16.490000,408.757232454845,103
2024-09-17 15:50:16.502000,408.8153509603532,101
2024-09-17 15:50:16.613000,408.7713341875879,103
2024-09-17 15:50:16.613000,408.7884750059017,100
2024-09-17 15:50:16.632000,408.7659353753045,100
2024-09-17 15:50:16.656000,408.7439250213438,1002
2024-09-17 15:50:16.859000,408.8419480648044,11
2024-09-17 15:50:16.917000,408.7851128100317,998
2024-09-17 15:50:16.931000,408.7494648268986,95
2024-09-17 15:50:17.719000,408.7881926428682,996
2024-09-17 15:50:17.823000,408.7946686451043,100
2024-09-17 15:50:18.045000,408.7865801254293,998
2024-09-17 15:50:18.083000,408.7985358931226,99
2024-09-17 15:50:18.105000,408.77128907550025,9
2024-09-17 15:50:18.286000,408.7798329052277,1005
2024-09-17 15:50:18.291000,408.777162895778,7
2024-09-17 15:50:18.404000,408.80036596042737,1003
2024-09-17 15:50:18.475000,408.78324826618007,1005
2024-09-17 15:50:18.488000,408.7663235543303,97
2024-09-17 15:50:18.508000,408.8046438067665,102
2024-09-17 15:50:18.578000,408.7843797614333,1002
2024-09-17 15:50:18.637000,408.8014300154746,995
2024-09-17 15:50:18.733000,408.7884262947848,10
2024-09-17 15:50:18.830000,408.78292112384486,99
2024-09-17 15:50:18.878000,408.7714781999295,13
2024-09-17 15:50:18.954000,408.7776418556068,999
2024-09-17 15:50:19.040000,408.7604015499737,12
2024-09-17 15:50:19.302000,408.7688688543636,12
2024-09-17 15:50:19.457000,408.7667015317188,97
2024-09-17 15:50:19.478000,408.7631710471231,96
2024-09-17 15:50:19.621000,408.7468169774157,1003
2024-09-17 15:50:19.727000,408.7852383402555,105
2024-09-17 15:50:19.749000,408.7632845099334,1003
2024-09-17 15:50:19.912000,408.7573150278776,1005
2024-09-17 15:50:20.003000,408.7963083597076,1000
2024-09-17 15:50:20.031000,408.8106216695923,97
2024-09-17 15:50:20.046000,408.8707051261807,10
2024-09-17 15:50:20.054000,408.8305833110904,7
2024-09-17 15:50:20.071000,408.8534517650733,95
2024-09-17 15:50:20.092000,408.8304210609565,101
2024-09-17 15:50:20.092000,408.87641107248703,1005
2024-09-17 15:50:20.176000,408.8319462236398,97
2024-09-17 15:50:20.267000,408.76844149872767,995
2024-09-17 15:50:20.288000,408.88703202088607,1004
2024-09-17 15:50:20.367000,408.86526058712025,103
2024-09-17 15:50:20.392000,408.9036430155653,12
2024-09-17 15:50:20.406000,408.8780449464506,102
2024-09-17 15:50:20.410000,408.7839930652048,105
2024-09-17 15:50:20.448000,408.8600465054667,102
2024-09-17 15:50:20.459000,408.86863365779146,99
2024-09-17 15:50:20.480000,408.8666958101498,6
2024-09-17 15:50:20.498000,408.8729703446412,97
2024-09-17 15:50:20.542000,408.8481155595081,15
2024-09-17 15:50:20.551000,408.8515981770817,98
2024-09-17 15:50:20.669000,408.8348529368538,14
2024-09-17 15:50:20.701000,408.8681053712347,8
2024-09-17 15:50:20.738000,408.7941135520837,996
2024-09-17 15:50:20.750000,408.8456099357829,96
2024-09-17 15:50:20.892000,408.8482311271697,1005
2024-09-17 15:50:21.072000,408.8942033678944,15
2024-09-17 15:50:21.105000,408.9094524933354,998
2024-09-17 15:50:21.142000,408.8648283172849,1003
2024-09-17 15:50:21.151000,408.84074260228033,102
2024-09-17 15:50:21.245000,408.8903440058711,11
2024-09-17 15:50:21.259000,408.89716520578463,99
2024-09-17 15:50:21.289000,408.887598142072,97
2024-09-17 15:50:21.294000,408.8694004324663,8
2024-09-17 15:50:21.340000,408.84752056127405,8
2024-09-17 15:50:21.348000,408.88894016592127,12
2024-09-17 15:50:21.361000,408.8825392243986,97
2024-09-17 15:50:21.383000,408.8386414744477,8
2024-09-17 15:50:21.417000,415.26492804921264,5
2024-09-17 15:50:21.547000,408.89654056636414,1000
2024-09-17 15:50:21.550000,408.90019574731207,998
2024-09-17 15:50:21.570000,408.8752339246864,7
2024-09-17 15:50:21.620000,408.89012660669727,105
2024-09-17 15:50:21.628000,408.8868547633495,1005
2024-09-17 15:50:21.663000,408.8892391037079,102
2024-09-17 15:50:21.694000,408.8686943399574,1001
2024-09-17 15:50:21.817000,408.88305332576016,5
2024-09-17 15:50:21.873000,408.8597790968483,102
2024-09-17 15:50:21.918000,408.8987444353453,1005
2024-09-17 15:50:21.932000,408.862797404484,100
2024-09-17 15:50:21.975000,408.8933380176643,7
2024-09-17 15:50:21.978000,408.86402648568566,14
2024-09-17 15:50:21.989000,408.8908872026832,12
2024-09-17 15:50:22.056000,408.8488395463006,1004
2024-09-17 15:50:22.124000,408.8617820676968,6
2024-09-17 15:50:22.134000,408.860995188733,97
2024-09-17 15:50:22.232000,408.78691659119977,104
2024-09-17 15:50:22.266000,408.8067638058608,100
2024-09-17 15:50:22.271000,408.8315112677058,102
2024-09-17 15:50:22.351000,408.7872619390951,5
2024-09-17 15:50:22.482000,408.8575914437771,9
2024-09-17 15:50:22.505000,408.8348892143889,1001
2024-09-17 15:50:22.654000,408.8595200771113,15
2024-09-17 15:50:22.681000,408.8550445912186,102
2024-09-17 15:50:22.746000,408.8480646835524,100
2024-09-17 15:50:22.915000,408.8394045500116,1002
2024-09-17 15:50:23.016000,408.78948148449314,5
2024-09-17 15:50:23.049000,408.789806799396,102
2024-09-17 15:50:23.112000,408.7941800745172,95
2024-09-17 15:50:23.146000,408.7751966399221,14
2024-09-17 15:50:23.150000,408.8175078883732,98
2024-09-17 15:50:23.181000,408.7847870121817,7
2024-09-17 15:50:23.236000,408.8065155517001,1001
2024-09-17 15:50:23.285000,408.7912268164564,95
2024-09-17 15:50:23.368000,408.7972596515995,12
2024-09-17 15:50:23.425000,408.7851024325098,101
2024-09-17 15:50:23.477000,408.8073910844577,1004
2024-09-17 15:50:23.492000,408.7874933160886,99
2024-09-17 15:50:23.500000,408.801144805556,99
2024-09-17 15:50:23.633000,408.7988089232227,1001
2024-09-17 15:50:23.649000,408.7955363798368,14
2024-09-17 15:50:23.653000,408.7801348396271,103
2024-09-17 15:50:23.710000,408.7715009974685,101
2024-09-17 15:50:23.726000,408.7697373920324,95
2024-09-17 15:50:23.740000,408.7644555502085,103
2024-09-17 15:50:23.749000,408.8027257769084,13
2024-09-17 15:50:23.786000,408.78965899061166,105
2024-09-17 15:50:23.799000,408.8091150476823,97
2024-09-17 15:50:23.807000,408.7879966744533,95
2024-09-17 15:50:23.813000,408.7905318396644,12
2024-09-17 15:50:23.820000,408.81528034317176,12
2024-09-17 15:50:23.827000,408.8027797136676,1002
2024-09-17 15:50:23.851000,408.7598265702272,999
2024-09-17 15:50:23.895000,408.79412981697567,100
2024-09-17 15:50:23.927000,408.7910024833039,998
2024-09-17 15:50:24.031000,408.87097449508747,14
2024-09-17 15:50:24.074000,408.8789511350624,8
2024-09-17 15:50:24.201000,408.8770713273016,12
2024-09-17 15:50:24.267000,408.8166157221371,98
2024-09-17 15:50:24.282000,408.8440990789372,13
2024-09-17 15:50:24.304000,408.8747102426767,97
2024-09-17 15:50:24.316000,408.8828903637462,999
2024-09-17 15:50:24.359000,408.8846126182711,5
2024-09-17 15:50:24.366000,408.8117083053217,99
2024-09-17 15:50:24.411000,408.86700318535935,98
2024-09-17 15:50:24.463000,408.892911455464,95
2024-09-17 15:50:24.586000,408.8202697712784,1005
2024-09-17 15:50:24.609000,408.8272466692425,10
2024-09-17 15:50:24.625000,408.8179781611417,96
2024-09-17 15:50:24.636000,408.88448002822525,6
2024-09-17 15:50:24.649000,408.8890670110525,1002
2024-09-17 15:50:24.669000,408.8488564495457,7
2024-09-17 15:50:24.736000,408.8739723877521,997
2024-09-17 15:50:24.813000,408.8755573805932,97
2024-09-17 15:50:24.871000,408.8804662305917,1005
2024-09-17 15:50:24.898000,408.86606688856887,7
2024-09-17 15:50:24.920000,408.87763031814666,105
2024-09-17 15:50:24.947000,408.8863535685098,13
2024-09-17 15:50:24.969000,408.9037310877678,5
2024-09-17 15:50:25,408.9550285804231,97
2024-09-17 15:50:25.026000,408.88004049170286,12
2024-09-17 15:50:25.074000,408.9381842085817,1002
2024-09-17 15:50:25.106000,408.87794965198594,996
2024-09-17 15:50:25.143000,408.9310339552187,105
2024-09-17 15:50:25.158000,408.9604393306996,8
2024-09-17 15:50:25.193000,408.83889307747694,11
2024-09-17 15:50:25.251000,408.8787662095343,14
2024-09-17 15:50:25.277000,408.939818575137,102
2024-09-17 15:50:25.285000,408.8614919608973,1001
2024-09-17 15:50:25.290000,408.86798575078507,1001
2024-09-17 15:50:25.313000,408.8985523948826,12
2024-09-17 15:50:25.314000,408.9444470580797,13
2024-09-17 15:50:25.413000,408.9468863507667,97
2024-09-17 15:50:25.422000,408.9670596927891,102
2024-09-17 15:50:25.449000,408.8621694474609,95
2024-09-17 15:50:25.478000,408.8988046363922,100
2024-09-17 15:50:25.535000,408.9532519944048,995
2024-09-17 15:50:25.544000,408.8455346563426,99
2024-09-17 15:50:25.584000,408.8614931754656,14
2024-09-17 15:50:25.594000,408.8784335831929,1004
2024-09-17 15:50:25.607000,408.8952968390139,1000
2024-09-17 15:50:25.642000,408.8688909232361,10
2024-09-17 15:50:25.767000,408.83424631831866,995
2024-09-17 15:50:25.778000,408.9434713208477,99
2024-09-17 15:50:25.907000,408.8543007708068,103
2024-09-17 15:50:25.911000,408.903031868007,98
2024-09-17 15:50:25.955000,408.95924627234416,999
2024-09-17 15:50:25.966000,408.9311018786812,7
2024-09-17 15:50:25.992000,408.890438488926,1000
2024-09-17 15:50:26.509000,408.94614619915546,1001
2024-09-17 15:50:26.614000,408.9542761629308,5
2024-09-17 15:50:27.140000,408.9588881153976,1002
2024-09-17 15:50:27.808000,408.9562264766993,15
2024-09-17 15:50:28,409.012114162316,103
2024-09-17 15:50:28.005000,408.9804087347184,998
2024-09-17 15:50:28.010000,409.009658363677,999
2024-09-17 15:50:28.079000,415.4719844018111,101
2024-09-17 15:50:28.084000,408.9733403122588,1003
2024-09-17 15:50:28.134000,408.9827909012142,1000
2024-09-17 15:50:28.137000,408.9885460453443,102
2024-09-17 15:50:28.188000,408.9754805057598,13
2024-09-17 15:50:28.254000,408.9789166322957,7
2024-09-17 15:50:28.263000,409.039514793608,99
2024-09-17 15:50:28.423000,408.9733919575328,998
2024-09-17 15:50:28.459000,408.9599710956197,100
2024-09-17 15:50:28.498000,408.950674332954,15
2024-09-17 15:50:28.608000,409.0025818245192,11
2024-09-17 15:50:28.627000,408.98804697295407,9
2024-09-17 15:50:28.630000,408.9562852501649,95
2024-09-17 15:50:28.631000,408.9793345844028,998
2024-09-17 15:50:28.637000,409.0402801520537,105
2024-09-17 15:50:28.662000,408.9760165389396,8
2024-09-17 15:50:28.669000,408.9791714046957,105
2024-09-17 15:50:28.691000,408.9567995226428,996
2024-09-17 15:50:28.802000,408.9767990633028,996
2024-09-17 15:50:28.831000,409.0180559314423,1002
2024-09-17 15:50:28.995000,409.01814650630354,8
2024-09-17 15:50:29.170000,409.0357518801744,995
2024-09-17 15:50:29.233000,409.0095797724935,105
2024-09-17 15:50:29.284000,409.0210873295704,5
2024-09-17 15:50:29.324000,409.0185531697603,12
2024-09-17 15:50:29.329000,409.0161933027634,13
2024-09-17 15:50:29.353000,409.0260913198249,10
2024-09-17 15:50:29.406000,409.02509110865486,98
2024-09-17 15:50:29.629000,409.01174400522063,100
2024-09-17 15:50:29.663000,409.00567098546304,101
2024-09-17 15:50:29.682000,409.0161298671733,15
2024-09-17 15:50:29.690000,409.0236162930522,12
2024-09-17 15:50:29.736000,408.99520764633934,97
2024-09-17 15:50:29.738000,409.004363799806,100
2024-09-17 15:50:29.826000,409.0009551911849,103
2024-09-17 15:50:29.830000,409.0065041518358,105
2024-09-17 15:50:29.844000,409.04008094429634,105
2024-09-17 15:50:29.847000,408.9893046077903,95
2024-09-17 15:50:29.889000,409.01671160628064,104
2024-09-17 15:50:30.196000,409.0232212252747,5
2024-09-17 15:50:30.311000,409.0175633141433,1001
2024-09-17 15:50:30.350000,409.0084028664024,1004
2024-09-17 15:50:30.699000,409.0069852568111,101
2024-09-17 15:50:30.769000,409.0069058925441,10
2024-09-17 15:50:30.813000,409.0170356267478,12
2024-09-17 15:50:31.191000,409.0342469522746,996
2024-09-17 15:50:31.210000,409.0293382437101,13
2024-09-17 15:50:31.263000,409.006408701865,11
2024-09-17 15:50:31.288000,409.0214177064141,105
2024-09-17 15:50:31.289000,409.0024892812638,7
2024-09-17 15:50:31.323000,408.9933789622659,6
2024-09-17 15:50:31.410000,409.0635566097374,97
2024-09-17 15:50:31.425000,409.00611980329774,9
2024-09-17 15:50:31.474000,409.0538215852687,14
2024-09-17 15:50:31.477000,409.0135521672609,8
2024-09-17 15:50:31.478000,409.04872393454747,101
2024-09-17 15:50:31.573000,409.04465849376606,1004
2024-09-17 15:50:31.769000,408.9999423864016,14
2024-09-17 15:50:31.781000,409.0293106334542,11
2024-09-17 15:50:31.811000,409.0134487893346,9
2024-09-17 15:50:31.841000,409.0186851585125,1000
2024-09-17 15:50:31.930000,409.035728460301,997
2024-09-17 15:50:32.045000,408.9677795683885,996
2024-09-17 15:50:32.086000,408.9748377484154,102
2024-09-17 15:50:32.090000,408.9668797895006,100
2024-09-17 15:50:32.203000,409.03313035555954,13
2024-09-17 15:50:32.211000,408.99529682388845,14
2024-09-17 15:50:32.217000,408.9744870585228,12
2024-09-17 15:50:32.353000,408.9606739410472,998
2024-09-17 15:50:32.395000,408.965344050176,1005
2024-09-17 15:50:32.424000,409.0286933733777,995
2024-09-17 15:50:32.444000,409.0244681756425,96
2024-09-17 15:50:32.506000,409.026832837855,1005
2024-09-17 15:50:32.520000,409.0236471094299,1005
2024-09-17 15:50:32.528000,409.0169268396486,999
2024-09-17 15:50:32.554000,409.00777198578606,99
2024-09-17 15:50:32.591000,408.9669335323565,8
2024-09-17 15:50:32.615000,408.975293311482,12
2024-09-17 15:50:32.629000,409.012274141772,96
2024-09-17 15:50:32.698000,409.0199224151093,104
2024-09-17 15:50:32.701000,409.0090426416704,1005
2024-09-17 15:50:32.805000,408.9685994378215,1002
2024-09-17 15:50:32.917000,409.0250474364047,6
2024-09-17 15:50:32.921000,408.9754017329203,8
2024-09-17 15:50:33.915000,408.9802680496024,104
2024-09-17 15:50:33.959000,408.9786261252349,11
2024-09-17 15:50:34.042000,408.9004196772289,1003
2024-09-17 15:50:34.229000,408.9548594303645,101
2024-09-17 15:50:34.412000,408.9418448354969,8
2024-09-17 15:50:34.515000,408.9573835979048,9
2024-09-17 15:50:34.541000,408.94849005982377,104
2024-09-17 15:50:34.563000,408.9112415771323,7
2024-09-17 15:50:34.564000,408.9621143370684,996
2024-09-17 15:50:34.571000,408.9633205813691,103
2024-09-17 15:50:34.613000,408.95343875570046,97
2024-09-17 15:50:34.665000,408.9250767784307,6
2024-09-17 15:50:34.735000,408.90872911126655,5
2024-09-17 15:50:34.752000,408.98260707221885,1001
2024-09-17 15:50:34.786000,408.9092253100159,12
2024-09-17 15:50:34.843000,408.9225370101006,12
2024-09-17 15:50:34.854000,408.9587848465208,12
2024-09-17 15:50:34.887000,408.9574718096201,97
2024-09-17 15:50:34.939000,408.9695623368973,96
2024-09-17 15:50:35.217000,415.41829374919246,12
2024-09-17 15:50:36.019000,408.92546723673627,104
2024-09-17 15:50:36.129000,408.90950402926654,13
2024-09-17 15:50:36.203000,408.953726845,999
2024-09-17 15:50:36.291000,408.8995992792471,1003
2024-09-17 15:50:36.376000,408.9260227180129,5
2024-09-17 15:50:36.394000,408.9272761260759,1000
2024-09-17 15:50:36.571000,408.9170925364917,997
2024-09-17 15:50:36.718000,408.9098024410216,1001
2024-09-17 15:50:36.752000,408.9434564124446,105
2024-09-17 15:50:36.766000,408.9516038284879,5
2024-09-17 15:50:36.782000,408.9430098525149,100
2024-09-17 15:50:37.067000,409.043406783674,102
2024-09-17 15:50:37.107000,409.04447420110586,8
2024-09-17 15:50:37.112000,408.9802600115758,1003
2024-09-17 15:50:37.122000,408.9586885200542,1004
2024-09-17 15:50:37.152000,408.992357002468,99
2024-09-17 15:50:37.168000,409.0532562143831,101
2024-09-17 15:50:37.189000,409.0637286356038,1005
2024-09-17 15:50:37.257000,408.9838663846596,99
2024-09-17 15:50:37.259000,408.9721378656503,7
2024-09-17 15:50:37.294000,409.0495879170973,98
2024-09-17 15:50:37.306000,409.0434910480544,104
2024-09-17 15:50:37.365000,409.0160418923197,8
2024-09-17 15:50:37.407000,409.0483395121304,999
2024-09-17 15:50:37.476000,408.982802838621,11
2024-09-17 15:50:37.482000,409.0480102386786,95
2024-09-17 15:50:37.591000,409.0558202663191,15
2024-09-17 15:50:37.637000,408.9785417813754,996
2024-09-17 15:50:37.763000,408.9597085613099,103
2024-09-17 15:50:37.803000,409.0497905176452,11
2024-09-17 15:50:37.830000,408.97688258123645,8
2024-09-17 15:50:38.140000,409.0271967868268,9
2024-09-17 15:50:38.155000,409.046959504178,5
2024-09-17 15:50:38.254000,409.054638412446,15
2024-09-17 15:50:38.335000,409.0473621328147,9
2024-09-17 15:50:38.560000,409.0382427257181,10
2024-09-17 15:50:39.040000,409.00054844541165,14
2024-09-17 15:50:39.215000,409.0320924710365,7
2024-09-17 15:50:39.301000,409.0176560398887,12
2024-09-17 15:50:39.305000,408.99932348136406,999
2024-09-17 15:50:39.777000,409.01868684851024,1004
2024-09-17 15:50:39.790000,409.01936774284655,101
2024-09-17 15:50:40.714000,408.9908321444566,11
2024-09-17 15:50:41.009000,409.00628965243584,96
2024-09-17 15:50:41.148000,409.0280206591647,1004
2024-09-17 15:50:41.190000,408.9897379901094,10
2024-09-17 15:50:41.262000,409.0380682598609,104
2024-09-17 15:50:41.332000,408.9777567273502,104
2024-09-17 15:50:41.357000,408.9938172480781,100
2024-09-17 15:50:41.473000,409.01011504904,998
2024-09-17 15:50:41.595000,408.9943931906956,101
2024-09-17 15:50:41.618000,408.9919643864382,15
2024-09-17 15:50:41.629000,408.9925892321174,1004
2024-09-17 15:50:41.640000,409.0142076161203,9
2024-09-17 15:50:41.649000,408.9824782924421,998
2024-09-17 15:50:41.821000,409.0098018495317,9
2024-09-17 15:50:41.823000,408.9924631789139,102
2024-09-17 15:50:41.924000,409.0008910355309,999
2024-09-17 15:50:41.968000,408.99690293291474,6
2024-09-17 15:50:42.013000,408.9636152109469,1005
2024-09-17 15:50:42.091000,409.0313663123185,102
2024-09-17 15:50:42.164000,409.0367901380358,98
2024-09-17 15:50:42.179000,408.99388671876113,1003
2024-09-17 15:50:42.212000,409.0114959209503,1005
2024-09-17 15:50:42.332000,409.0415469470853,6
2024-09-17 15:50:42.352000,409.003105686993,12
2024-09-17 15:50:42.384000,409.0022489139399,15
2024-09-17 15:50:42.424000,408.9718427893291,96
2024-09-17 15:50:42.483000,408.9622949430927,9
2024-09-17 15:50:42.533000,409.0441214095249,96
2024-09-17 15:50:42.538000,408.9823685713203,15
2024-09-17 15:50:42.541000,409.043903653491,1001
2024-09-17 15:50:42.576000,408.97319980430274,7
2024-09-17 15:50:42.598000,409.0176316146032,5
2024-09-17 15:50:42.614000,409.0026505919389,999
2024-09-17 15:50:42.615000,409.0163110040441,97
2024-09-17 15:50:42.667000,408.98873319420215,12
2024-09-17 15:50:42.682000,409.0200177911042,104
2024-09-17 15:50:42.728000,409.04720339772473,11
2024-09-17 15:50:42.746000,408.97194826679146,101
2024-09-17 15:50:42.752000,409.0654011993207,14
2024-09-17 15:50:42.839000,409.00155207351816,997
2024-09-17 15:50:42.908000,409.0347673570069,1001
2024-09-17 15:50:42.913000,408.9953114690339,1003
2024-09-17 15:50:42.931000,409.00693830345097,996
2024-09-17 15:50:42.988000,409.02930551334657,1000
2024-09-17 15:50:42.992000,409.0088671187344,103
2024-09-17 15:50:43.041000,409.0783978751151,14
2024-09-17 15:50:43.082000,409.0647922384604,96
2024-09-17 15:50:43.104000,409.0710180878513,1001
2024-09-17 15:50:43.196000,409.0293194040974,999
2024-09-17 15:50:43.215000,409.045655377988,95
2024-09-17 15:50:43.231000,409.0738116580115,996
2024-09-17 15:50:43.295000,409.0664776666567,10
2024-09-17 15:50:43.309000,409.07184115265176,99
2024-09-17 15:50:43.323000,409.0760157366148,998
2024-09-17 15:50:43.364000,409.0741273203503,8
2024-09-17 15:50:43.430000,409.0386340297203,11
2024-09-17 15:50:43.434000,409.0611115991719,999
2024-09-17 15:50:43.468000,409.0891079616973,99
2024-09-17 15:50:43.544000,409.0829043994136,6
2024-09-17 15:50:43.576000,409.0634193102116,97
2024-09-17 15:50:43.592000,409.08460547927206,6
2024-09-17 15:50:43.657000,409.0611689188277,997
2024-09-17 15:50:43.682000,409.0617794942888,13
2024-09-17 15:50:43.693000,409.0729039439927,99
2024-09-17 15:50:43.855000,409.0749057074328,96
2024-09-17 15:50:43.857000,409.067333723775,11
2024-09-17 15:50:43.872000,409.0219546273893,998
2024-09-17 15:50:43.954000,409.0796116048211,101
2024-09-17 15:50:43.966000,409.063051762306,996
2024-09-17 15:50:44.180000,409.12070111003,102
2024-09-17 15:50:44.226000,409.10922908213695,1005
2024-09-17 15:50:44.228000,409.1143404051974,5
2024-09-17 15:50:44.238000,409.1106549816888,1004
2024-09-17 15:50:44.291000,409.1248358828748,12
2024-09-17 15:50:44.301000,409.1011735126209,997
2024-09-17 15:50:44.428000,409.1331160705594,999
2024-09-17 15:50:44.454000,409.1184503920886,100
2024-09-17 15:50:44.604000,409.0675442568594,9
2024-09-17 15:50:44.621000,409.0998899438413,995
2024-09-17 15:50:44.853000,409.08199476990393,97
2024-09-17 15:50:44.856000,409.1353977450094,5
2024-09-17 15:50:44.943000,409.09599551023615,10
2024-09-17 15:50:45.185000,409.0594474523647,8
2024-09-17 15:50:45.220000,409.0460716069806,7
2024-09-17 15:50:45.286000,409.0638479180624,101
2024-09-17 15:50:45.349000,409.0434813472657,102
2024-09-17 15:50:45.369000,409.09923660719153,103
2024-09-17 15:50:45.523000,409.05821594284856,11
2024-09-17 15:50:45.541000,409.0927015832033,105
2024-09-17 15:50:45.664000,409.0917825290797,98
2024-09-17 15:50:45.676000,409.0456183058162,996
2024-09-17 15:50:45.688000,409.08865060946056,1002
2024-09-17 15:50:45.769000,409.0838069391456,5
2024-09-17 15:50:45.806000,409.0955435543111,96
2024-09-17 15:50:45.894000,409.04215780901336,104
2024-09-17 15:50:46.161000,409.1114669776471,8
2024-09-17 15:50:46.265000,409.0959382707238,15
2024-09-17 15:50:46.291000,409.1050692315567,12
2024-09-17 15:50:46.313000,409.1007271746794,96
2024-09-17 15:50:46.407000,409.1163806078237,7
2024-09-17 15:50:46.426000,409.1055594634942,11
2024-09-17 15:50:46.810000,409.0916212278596,11
2024-09-17 15:50:46.920000,409.09942540733255,13
2024-09-17 15:50:46.989000,409.0896245507322,6
2024-09-17 15:50:47,409.1514612537946,99
2024-09-17 15:50:47.014000,409.1430862537303,1001
2024-09-17 15:50:47.107000,409.1388836066778,1001
2024-09-17 15:50:47.109000,409.1317059902028,1005
2024-09-17 15:50:47.121000,409.1607900520119,95
2024-09-17 15:50:47.267000,409.144223806132,1004
2024-09-17 15:50:47.413000,409.0921010317738,1004
2024-09-17 15:50:47.547000,409.1397135227162,15
2024-09-17 15:50:47.586000,409.13050746605165,105
2024-09-17 15:50:47.616000,409.1512138304854,7
2024-09-17 15:50:47.734000,409.12882165533847,95
2024-09-17 15:50:47.778000,409.1294539475239,12
2024-09-17 15:50:47.844000,409.1386033985991,1004
2024-09-17 15:50:47.997000,409.10440912963486,99
2024-09-17 15:50:48.060000,409.1205761116732,12
2024-09-17 15:50:48.090000,409.1173317248504,997
2024-09-17 15:50:48.116000,409.13477460768615,1003
2024-09-17 15:50:48.135000,409.1342922227872,101
2024-09-17 15:50:48.214000,409.10037190389664,9
2024-09-17 15:50:48.259000,409.1327981102136,102
2024-09-17 15:50:48.315000,409.1189282423833,15
2024-09-17 15:50:48.328000,409.08482128832327,998
2024-09-17 15:50:48.370000,409.1215217053032,14
2024-09-17 15:50:48.486000,409.116550391192,12
2024-09-17 15:50:48.490000,409.1326319604424,102
2024-09-17 15:50:48.684000,409.1159817630006,101
2024-09-17 15:50:48.758000,409.12634119487495,15
2024-09-17 15:50:48.793000,409.1222664874634,7
2024-09-17 15:50:48.814000,409.104528492582,998
2024-09-17 15:50:48.982000,409.0985977309156,999
2024-09-17 15:50:49.030000,409.117412024668,105
2024-09-17 15:50:49.198000,409.0939656941033,104
2024-09-17 15:50:49.201000,409.1246811709766,15
2024-09-17 15:50:49.266000,409.1297896476258,10
2024-09-17 15:50:49.379000,409.1091959603488,8
2024-09-17 15:50:49.381000,409.1225766473767,105
2024-09-17 15:50:49.439000,409.1002481801833,95
2024-09-17 15:50:49.498000,409.1060116117114,12
2024-09-17 15:50:49.503000,409.1485150105397,1002
2024-09-17 15:50:49.515000,409.13645459903626,8
2024-09-17 15:50:49.648000,409.1299151707642,1004
2024-09-17 15:50:49.757000,409.12870396456367,1004
2024-09-17 15:50:49.819000,409.1044923034142,13
2024-09-17 15:50:49.851000,409.1345137298474,13
2024-09-17 15:50:49.898000,409.1470482418005,1002
2024-09-17 15:50:50.037000,409.1411069095794,102
2024-09-17 15:50:50.052000,409.2031632324826,100
2024-09-17 15:50:50.093000,409.1234310378796,5
2024-09-17 15:50:50.103000,409.1164774572031,104
2024-09-17 15:50:50.112000,409.1306595564884,995
2024-09-17 15:50:50.131000,409.127812086586,11
2024-09-17 15:50:50.150000,409.1346925187427,998
2024-09-17 15:50:50.178000,409.1941037526655,98
2024-09-17 15:50:50.247000,409.1277685458732,5
2024-09-17 15:50:50.281000,409.14490906844514,1002
2024-09-17 15:50:50.301000,409.12289779151473,102
2024-09-17 15:50:50.324000,409.1576057848204,10
2024-09-17 15:50:50.325000,409.1193917409437,12
2024-09-17 15:50:50.347000,409.2065766015929,5
2024-09-17 15:50:50.403000,409.1151358950365,12
2024-09-17 15:50:50.410000,409.1274246437769,6
2024-09-17 15:50:50.414000,409.1095090265,1002
2024-09-17 15:50:50.440000,409.1374213600442,1005
2024-09-17 15:50:50.467000,409.1175406885529,1005
2024-09-17 15:50:50.474000,409.13584911016943,95
2024-09-17 15:50:50.505000,409.2037867483465,98
2024-09-17 15:50:50.534000,409.1079325602868,105
2024-09-17 15:50:50.564000,409.1864560430887,100
2024-09-17 15:50:50.686000,409.126826966387,999
2024-09-17 15:50:50.736000,409.1269699471193,98
2024-09-17 15:50:50.794000,409.130280654729,1004
2024-09-17 15:50:50.920000,409.1151981894169,9
2024-09-17 15:50:50.928000,409.16329507172674,8
2024-09-17 15:50:50.957000,409.1206794060362,11
2024-09-17 15:50:51.024000,409.2109950448505,98
2024-09-17 15:50:51.103000,409.152636899459,998
2024-09-17 15:50:51.124000,409.1902408448109,10
2024-09-17 15:50:51.226000,409.1914038064968,103
2024-09-17 15:50:51.269000,409.13442839934754,1005
2024-09-17 15:50:51.383000,409.2060667309848,997
2024-09-17 15:50:51.397000,409.2122150518986,104
2024-09-17 15:50:51.443000,409.1912116171638,1005
2024-09-17 15:50:51.463000,409.1394225711898,999
2024-09-17 15:50:51.465000,409.17812796621,105
2024-09-17 15:50:51.502000,409.184178772232,1005
2024-09-17 15:50:51.518000,409.1856411334719,1005
2024-09-17 15:50:51.518000,409.1959160681986,100
2024-09-17 15:50:51.542000,409.1428207878002,1003
2024-09-17 15:50:51.581000,409.1802334535657,96
2024-09-17 15:50:51.613000,409.18478063678793,9
2024-09-17 15:50:51.655000,409.21996583158574,995
2024-09-17 15:50:51.656000,409.14202052947377,1004
2024-09-17 15:50:51.689000,409.1942724925462,15
2024-09-17 15:50:51.749000,409.1628358416904,5
2024-09-17 15:50:51.756000,409.1504959231333,1004
2024-09-17 15:50:51.761000,409.1536691297836,105
2024-09-17 15:50:51.799000,409.1737843975813,998
2024-09-17 15:50:51.818000,409.1436435518405,6
2024-09-17 15:50:51.860000,409.132821245817,104
2024-09-17 15:50:51.905000,409.1703244456321,5
2024-09-17 15:50:51.971000,409.1518303487725,1004
2024-09-17 15:50:52.009000,409.1553234410852,12
2024-09-17 15:50:52.047000,409.153978900545,1005
2024-09-17 15:50:52.400000,409.1288452284005,1004
2024-09-17 15:50:52.492000,409.142470504862,1004
2024-09-17 15:50:52.526000,409.1558375483624,6
2024-09-17 15:50:52.601000,409.1404338985437,998
2024-09-17 15:50:52.638000,409.1619507447341,14
2024-09-17 15:50:52.731000,409.1393971577496,13
2024-09-17 15:50:52.873000,409.1588999000851,97
2024-09-17 15:50:52.884000,409.14964078680106,98
2024-09-17 15:50:52.889000,409.148604847474,99
2024-09-17 15:50:52.944000,409.14768259162713,12
2024-09-17 15:50:52.976000,409.1301986252431,1004
2024-09-17 15:50:53.004000,409.0305319132272,5
2024-09-17 15:50:53.026000,409.0234097673605,14
2024-09-17 15:50:53.082000,409.0330235179985,11
2024-09-17 15:50:53.111000,409.01624518978986,99
2024-09-17 15:50:53.138000,409.0647963423543,101
2024-09-17 15:50:53.161000,409.0526959107781,1001
2024-09-17 15:50:53.171000,409.0561603992836,1002
2024-09-17 15:50:53.174000,409.01025336816696,15
2024-09-17 15:50:53.270000,409.065703371312,98
2024-09-17 15:50:53.279000,409.06937227360976,13
2024-09-17 15:50:53.297000,409.0592113537724,99
2024-09-17 15:50:53.448000,409.0914357677304,15
2024-09-17 15:50:53.502000,409.0222434165303,997
2024-09-17 15:50:53.518000,409.0551804274695,15
2024-09-17 15:50:53.520000,409.04179105952863,98
2024-09-17 15:50:53.546000,409.018754616873,13
2024-09-17 15:50:53.579000,409.1015708551898,97
2024-09-17 15:50:53.599000,409.0389696050216,14
2024-09-17 15:50:53.697000,409.1163210819893,13
2024-09-17 15:50:53.760000,409.05117182324506,13
2024-09-17 15:50:53.834000,409.0383105786616,98
2024-09-17 15:50:53.870000,409.0434617381688,13
2024-09-17 15:50:53.906000,409.1323011577013,995
2024-09-17 15:50:53.954000,409.0617646890786,97
2024-09-17 15:50:53.955000,409.0272337587675,1003
2024-09-17 15:50:54.023000,409.02779464175615,995
2024-09-17 15:50:54.087000,409.0151296995318,999
2024-09-17 15:50:54.136000,409.00462749200665,105
2024-09-17 15:50:54.167000,409.0348721689456,1003
2024-09-17 15:50:54.187000,409.03218264697966,104
2024-09-17 15:50:54.196000,409.03963034762825,99
2024-09-17 15:50:54.235000,409.0325709274429,102
2024-09-17 15:50:54.297000,409.01330738327897,14
2024-09-17 15:50:54.319000,409.00441421797154,9
2024-09-17 15:50:54.338000,409.04128824771954,998
2024-09-17 15:50:54.368000,409.0366257012273,6
2024-09-17 15:50:54.403000,409.007441084578,999
2024-09-17 15:50:54.481000,409.0426932801777,105
2024-09-17 15:50:54.497000,409.0223047009145,999
2024-09-17 15:50:54.554000,409.02452985689513,13
2024-09-17 15:50:54.639000,409.0415010898216,1002
2024-09-17 15:50:54.733000,409.0252380750901,7
2024-09-17 15:50:54.822000,409.02134224819184,99
2024-09-17 15:50:54.828000,409.0225465505994,14
2024-09-17 15:50:54.922000,409.0347641516548,5
2024-09-17 15:50:55.033000,408.97662781435673,15
2024-09-17 15:50:55.603000,408.98437630222287,1001
2024-09-17 15:50:55.780000,408.9885747887383,13
2024-09-17 15:50:55.843000,408.9849751006669,6
2024-09-17 15:50:55.923000,408.9888962493703,1002
2024-09-17 15:50:56.059000,408.995481769826,103
2024-09-17 15:50:56.089000,409.0029195010069,10
2024-09-17 15:50:56.188000,408.9984215023964,104
2024-09-17 15:50:56.206000,408.9822036321941,96
2024-09-17 15:50:56.242000,408.9850993146566,1002
2024-09-17 15:50:56.260000,408.9973441040058,96
2024-09-17 15:50:56.369000,408.9818703687079,95
2024-09-17 15:50:56.375000,408.9901472504358,101
2024-09-17 15:50:57.041000,408.9766115862418,100
2024-09-17 15:50:57.158000,408.9782002764432,95
2024-09-17 15:50:57.173000,408.9753321940912,5
2024-09-17 15:50:57.207000,408.9858282151519,102
2024-09-17 15:50:57.379000,408.994752808441,96
2024-09-17 15:50:57.622000,408.97866557575657,995
2024-09-17 15:50:57.692000,408.9709261983447,995
2024-09-17 15:50:57.913000,408.97332021757086,98
2024-09-17 15:50:58.106000,408.93281563685616,99
2024-09-17 15:50:58.130000,415.3803351545621,996
2024-09-17 15:50:58.131000,408.9045551763742,95
2024-09-17 15:50:58.160000,408.96642115599445,97
2024-09-17 15:50:58.362000,408.9108387870466,102
2024-09-17 15:50:58.368000,408.929092169461,10
2024-09-17 15:50:58.479000,408.9051975641883,104
2024-09-17 15:50:58.630000,408.9422599710276,12
2024-09-17 15:50:58.666000,408.8977444220609,14
2024-09-17 15:50:58.701000,408.9380369199288,104
2024-09-17 15:50:58.909000,408.9120749949358,13
2024-09-17 15:50:58.932000,408.9272297558948,5
2024-09-17 15:50:58.938000,408.94571627646246,11
2024-09-17 15:50:58.943000,408.9201950396707,104
2024-09-17 15:50:58.945000,408.9442484321124,996
2024-09-17 15:50:59.007000,408.95848411151087,995
2024-09-17 15:50:59.068000,408.9541124426648,1005
2024-09-17 15:50:59.234000,408.9031386441024,8
2024-09-17 15:50:59.338000,408.93480122961824,6
2024-09-17 15:50:59.341000,408.91805093179113,9
2024-09-17 15:50:59.397000,408.9067939551186,100
2024-09-17 15:50:59.466000,408.9866316156887,104
2024-09-17 15:50:59.485000,408.9317537162222,15
2024-09-17 15:50:59.547000,408.9631002397274,14
2024-09-17 15:50:59.567000,408.92085573291706,104
2024-09-17 15:50:59.606000,408.946298916897,1005
2024-09-17 15:50:59.633000,408.9426897208669,95
2024-09-17 15:50:59.642000,408.9326778933116,95
2024-09-17 15:50:59.679000,408.9276387314511,102
2024-09-17 15:50:59.718000,408.92981435391806,1001
2024-09-17 15:50:59.719000,408.9710327919185,995
2024-09-17 15:50:59.871000,408.91127126778383,1002
2024-09-17 15:50:59.900000,408.9193322750716,15
2024-09-17 15:50:59.979000,408.91554828592416,5
