Timestamp,Price,Size
2024-09-20 12:07:00.113000,428.6735062658131,96
2024-09-20 12:07:00.256000,428.6668731200379,101
2024-09-20 12:07:00.369000,428.67711967626,5
2024-09-20 12:07:00.459000,428.6811088889074,103
2024-09-20 12:07:00.571000,428.6878917759414,105
2024-09-20 12:07:00.659000,428.6771273346614,1000
2024-09-20 12:07:00.874000,428.6630049123309,998
2024-09-20 12:07:01.037000,428.7398452646096,14
2024-09-20 12:07:01.056000,428.6945742364383,1003
2024-09-20 12:07:01.073000,428.74028244518666,95
2024-09-20 12:07:01.135000,428.6903893411785,6
2024-09-20 12:07:01.186000,428.6844420364649,95
2024-09-20 12:07:01.203000,428.70813896203305,5
2024-09-20 12:07:01.460000,428.6874952296161,6
2024-09-20 12:07:01.514000,428.69116780807474,1002
2024-09-20 12:07:01.530000,428.7246915743914,14
2024-09-20 12:07:01.539000,428.6885134084447,1001
2024-09-20 12:07:01.539000,428.7361270647884,97
2024-09-20 12:07:01.611000,428.716786062116,104
2024-09-20 12:07:01.617000,428.6800718057755,1002
2024-09-20 12:07:01.635000,428.7089749861471,5
2024-09-20 12:07:01.646000,428.69106565181,12
2024-09-20 12:07:01.665000,428.6894597783778,998
2024-09-20 12:07:01.817000,428.6954103914576,9
2024-09-20 12:07:01.946000,428.7116523668227,105
2024-09-20 12:07:01.946000,428.7208064663336,8
2024-09-20 12:07:02.017000,428.6895400955703,95
2024-09-20 12:07:02.075000,428.6513375027911,996
2024-09-20 12:07:02.082000,428.6739514929851,1003
2024-09-20 12:07:02.136000,428.65900108782427,105
2024-09-20 12:07:02.139000,428.6717753619995,96
2024-09-20 12:07:02.195000,428.69368077330427,1002
2024-09-20 12:07:02.237000,428.6423985418426,1000
2024-09-20 12:07:02.275000,428.67950296253554,12
2024-09-20 12:07:02.336000,428.702794644093,1002
2024-09-20 12:07:02.420000,428.68541767535805,998
2024-09-20 12:07:02.481000,428.667204160517,996
2024-09-20 12:07:02.518000,428.6952779428838,103
2024-09-20 12:07:02.525000,428.6937904754333,102
2024-09-20 12:07:02.565000,428.67537130625385,998
2024-09-20 12:07:02.597000,428.6875622189698,997
2024-09-20 12:07:02.697000,428.6735643523528,96
2024-09-20 12:07:02.717000,428.658028044182,99
2024-09-20 12:07:02.784000,428.6969814668854,14
2024-09-20 12:07:02.848000,428.6800023911407,102
2024-09-20 12:07:02.851000,428.6899321254926,103
2024-09-20 12:07:02.854000,428.67461156300624,999
2024-09-20 12:07:02.869000,428.6681130095463,999
2024-09-20 12:07:02.916000,428.674179971033,1001
2024-09-20 12:07:03.073000,428.6861103207884,95
2024-09-20 12:07:03.188000,428.69400624854086,1005
2024-09-20 12:07:03.215000,428.7003925553056,102
2024-09-20 12:07:03.290000,428.69212500373,13
2024-09-20 12:07:03.563000,428.6760732765876,15
2024-09-20 12:07:03.578000,428.6874155088333,101
2024-09-20 12:07:03.641000,428.6854768947176,102
2024-09-20 12:07:03.765000,428.6925162809029,100
2024-09-20 12:07:03.899000,428.6959781724479,999
2024-09-20 12:07:03.968000,428.6805042222531,103
2024-09-20 12:07:03.985000,428.6667391170809,1002
2024-09-20 12:07:03.995000,428.68453863426856,996
2024-09-20 12:07:04.075000,428.7730286462963,995
2024-09-20 12:07:04.109000,428.718884309437,99
2024-09-20 12:07:04.191000,428.76477180206695,98
2024-09-20 12:07:04.202000,428.699256778508,12
2024-09-20 12:07:04.288000,428.750545250472,1005
2024-09-20 12:07:04.303000,428.7944388023527,95
2024-09-20 12:07:04.334000,428.69427581125694,995
2024-09-20 12:07:04.348000,428.6970862263548,995
2024-09-20 12:07:04.368000,428.7218531527216,1001
2024-09-20 12:07:04.408000,428.783778623634,9
2024-09-20 12:07:04.464000,428.7379006409268,102
2024-09-20 12:07:04.503000,428.69331868776726,103
2024-09-20 12:07:04.511000,428.784973781838,1003
2024-09-20 12:07:04.576000,428.7945196873473,1004
2024-09-20 12:07:04.577000,428.7264738728419,995
2024-09-20 12:07:04.629000,428.76698315484094,996
2024-09-20 12:07:04.698000,428.7659529227512,998
2024-09-20 12:07:04.708000,428.8027940014828,99
2024-09-20 12:07:04.801000,428.7444585373343,998
2024-09-20 12:07:04.803000,428.6842260593483,101
2024-09-20 12:07:04.833000,428.8111139825929,95
2024-09-20 12:07:04.884000,428.7407425436809,102
2024-09-20 12:07:04.890000,428.7801783134229,1000
2024-09-20 12:07:04.908000,428.79270312978,995
2024-09-20 12:07:04.954000,428.7459583369945,6
2024-09-20 12:07:04.998000,428.761815304137,1002
2024-09-20 12:07:05.192000,428.81834311342544,102
2024-09-20 12:07:05.287000,428.8142515637092,1001
2024-09-20 12:07:06.068000,428.85786910680906,996
2024-09-20 12:07:06.087000,428.8395312959812,5
2024-09-20 12:07:06.148000,428.8073438597175,12
2024-09-20 12:07:06.185000,428.8382188839928,102
2024-09-20 12:07:06.302000,428.81659370916407,996
2024-09-20 12:07:06.358000,428.8261884274904,15
2024-09-20 12:07:06.385000,428.81068974868543,14
2024-09-20 12:07:06.477000,428.8409299655397,6
2024-09-20 12:07:06.514000,428.81274750995976,105
2024-09-20 12:07:06.533000,428.8287376019045,8
2024-09-20 12:07:06.542000,428.8118430495284,102
2024-09-20 12:07:06.549000,428.8158775689526,1000
2024-09-20 12:07:06.605000,428.8208416244245,98
2024-09-20 12:07:06.689000,428.83342004492494,97
2024-09-20 12:07:06.717000,428.8565569524745,95
2024-09-20 12:07:06.775000,428.79897238860593,96
2024-09-20 12:07:06.795000,428.8660402073597,8
2024-09-20 12:07:06.833000,428.8343732531227,14
2024-09-20 12:07:06.855000,428.8484769141531,11
2024-09-20 12:07:06.859000,428.8192965077778,1004
2024-09-20 12:07:06.865000,428.8468065597108,7
2024-09-20 12:07:06.900000,428.8128070287409,995
2024-09-20 12:07:06.926000,428.8506881581411,10
2024-09-20 12:07:06.931000,428.8212894904607,99
2024-09-20 12:07:06.990000,428.8047592846496,1003
2024-09-20 12:07:07.114000,428.8031701753399,996
2024-09-20 12:07:07.227000,428.8374761391608,15
2024-09-20 12:07:07.281000,428.8037333822391,10
2024-09-20 12:07:07.310000,428.79417487893113,998
2024-09-20 12:07:07.410000,428.7860478250983,997
2024-09-20 12:07:07.468000,428.80024684166005,998
2024-09-20 12:07:07.527000,428.8200847136594,995
2024-09-20 12:07:07.638000,428.8036688140968,1003
2024-09-20 12:07:07.639000,428.84489396682267,101
2024-09-20 12:07:07.848000,428.8162697404312,97
2024-09-20 12:07:07.932000,428.8203023817205,13
2024-09-20 12:07:07.992000,428.8092782431088,12
2024-09-20 12:07:08.019000,428.7153232381359,1004
2024-09-20 12:07:08.186000,428.7294436136255,13
2024-09-20 12:07:08.209000,428.7625937199368,95
2024-09-20 12:07:08.212000,428.7819302343692,100
2024-09-20 12:07:08.326000,428.8076385578916,1003
2024-09-20 12:07:08.451000,428.7828277430599,97
2024-09-20 12:07:08.585000,428.70994666670384,998
2024-09-20 12:07:08.608000,428.77559729673686,1000
2024-09-20 12:07:08.848000,428.7270388775362,95
2024-09-20 12:07:08.879000,428.74477189146353,10
2024-09-20 12:07:08.911000,428.7337082619409,13
2024-09-20 12:07:08.954000,428.7186892740955,13
2024-09-20 12:07:08.960000,428.72181073815,15
2024-09-20 12:07:09.004000,428.7143949523726,98
2024-09-20 12:07:09.081000,428.7328413893927,11
2024-09-20 12:07:09.119000,428.7040497628595,999
2024-09-20 12:07:09.127000,428.7377997869344,1002
2024-09-20 12:07:09.133000,428.78301238020725,1000
2024-09-20 12:07:09.210000,428.7569973125164,15
2024-09-20 12:07:09.265000,428.76388972466526,1005
2024-09-20 12:07:09.266000,428.71656426937017,997
2024-09-20 12:07:09.366000,428.7301449633979,1000
2024-09-20 12:07:09.372000,428.7221466842778,95
2024-09-20 12:07:09.545000,428.7222268896069,101
2024-09-20 12:07:09.577000,428.7100602830175,9
2024-09-20 12:07:09.590000,428.710752266072,11
2024-09-20 12:07:09.921000,428.7846791686984,1002
2024-09-20 12:07:09.966000,428.7974008358804,102
2024-09-20 12:07:10.333000,428.7529875566374,5
2024-09-20 12:07:10.602000,428.7767297355079,99
2024-09-20 12:07:11.073000,428.7434869623255,997
2024-09-20 12:07:11.100000,428.7404836159639,13
2024-09-20 12:07:11.127000,428.7603554824194,105
2024-09-20 12:07:11.244000,428.7381059195934,100
2024-09-20 12:07:11.280000,428.75117446330376,103
2024-09-20 12:07:11.313000,428.72847794741057,101
2024-09-20 12:07:11.379000,428.7465984139306,14
2024-09-20 12:07:11.407000,428.7282515098796,1002
2024-09-20 12:07:11.411000,428.729364731433,10
2024-09-20 12:07:11.454000,428.76194106569096,14
2024-09-20 12:07:11.701000,428.722426436053,99
2024-09-20 12:07:11.916000,428.73850727692974,996
2024-09-20 12:07:11.925000,428.7564114947455,15
2024-09-20 12:07:11.977000,428.7474215905461,10
2024-09-20 12:07:12.057000,428.7450521325313,97
2024-09-20 12:07:12.078000,428.7466762659771,98
2024-09-20 12:07:12.103000,428.7724032851342,105
2024-09-20 12:07:12.155000,428.7480780284158,1001
2024-09-20 12:07:12.161000,428.73920042178696,7
2024-09-20 12:07:12.167000,428.7547770045806,15
2024-09-20 12:07:12.252000,428.7704894418564,97
2024-09-20 12:07:12.267000,428.7778898458345,5
2024-09-20 12:07:12.307000,428.74033450573694,999
2024-09-20 12:07:12.357000,428.771867753612,15
2024-09-20 12:07:12.537000,428.75144076591016,999
2024-09-20 12:07:12.589000,428.7499361848676,997
2024-09-20 12:07:12.592000,428.7769556330442,102
2024-09-20 12:07:12.597000,428.7619609617712,100
2024-09-20 12:07:12.626000,428.7776395591783,97
2024-09-20 12:07:12.651000,428.7320824450496,1005
2024-09-20 12:07:12.659000,428.7779050827982,12
2024-09-20 12:07:12.825000,428.7445507573639,1000
2024-09-20 12:07:12.869000,428.7624307302737,96
2024-09-20 12:07:12.966000,428.749992473581,103
2024-09-20 12:07:13.012000,428.83977408316457,995
2024-09-20 12:07:13.085000,428.83746928550886,101
2024-09-20 12:07:13.104000,428.8591110411899,13
2024-09-20 12:07:13.124000,428.85844999084577,13
2024-09-20 12:07:13.166000,428.8010711143505,96
2024-09-20 12:07:13.206000,428.8536197638162,999
2024-09-20 12:07:13.221000,428.8152680842026,1001
2024-09-20 12:07:13.263000,428.78265333509455,995
2024-09-20 12:07:13.309000,428.8552438130824,1001
2024-09-20 12:07:13.319000,428.8352337594516,996
2024-09-20 12:07:13.335000,428.85369816636495,997
2024-09-20 12:07:13.381000,428.8464742784949,9
2024-09-20 12:07:13.418000,428.8101326231994,95
2024-09-20 12:07:13.435000,428.8500359401768,13
2024-09-20 12:07:13.452000,428.8409152790092,9
2024-09-20 12:07:13.472000,428.8158227322022,1001
2024-09-20 12:07:13.477000,428.7878735158263,96
2024-09-20 12:07:13.489000,428.8513713861945,8
2024-09-20 12:07:13.525000,428.8489119317119,100
2024-09-20 12:07:13.530000,428.8363751995013,1004
2024-09-20 12:07:13.606000,428.8022791362829,14
2024-09-20 12:07:13.711000,428.7857305801154,99
2024-09-20 12:07:13.730000,428.81251835289737,102
2024-09-20 12:07:13.850000,428.8333941889213,11
2024-09-20 12:07:13.855000,428.8200583421117,96
2024-09-20 12:07:13.905000,428.8295633843298,100
2024-09-20 12:07:14.770000,428.8381497171932,997
2024-09-20 12:07:15.163000,428.8277320303503,97
2024-09-20 12:07:15.299000,428.8494275336435,95
2024-09-20 12:07:15.313000,428.8452151504083,95
2024-09-20 12:07:15.358000,428.8313367862067,1003
2024-09-20 12:07:15.454000,428.8272991970465,7
2024-09-20 12:07:15.468000,428.8287857216403,8
2024-09-20 12:07:15.489000,428.8200050788259,14
2024-09-20 12:07:15.493000,428.8599757593136,1002
2024-09-20 12:07:15.528000,428.8509002247119,14
2024-09-20 12:07:15.641000,428.8168879121717,9
2024-09-20 12:07:15.693000,428.802410198908,998
2024-09-20 12:07:15.695000,428.8335783784799,1003
2024-09-20 12:07:15.706000,428.8540283539576,999
2024-09-20 12:07:15.787000,428.8478528616461,97
2024-09-20 12:07:15.843000,428.826432369922,1002
2024-09-20 12:07:15.886000,428.8093864724313,99
2024-09-20 12:07:15.890000,428.8238472607106,9
2024-09-20 12:07:15.903000,428.8127036658631,1000
2024-09-20 12:07:15.916000,428.86030333996985,995
2024-09-20 12:07:15.939000,428.8411420636577,1003
2024-09-20 12:07:16.064000,428.9725703824089,13
2024-09-20 12:07:16.079000,429.0015643877276,104
2024-09-20 12:07:16.141000,428.9802799752433,995
2024-09-20 12:07:16.177000,428.9711095157923,12
2024-09-20 12:07:16.234000,428.96397152395,95
2024-09-20 12:07:16.291000,428.9250512103631,1002
2024-09-20 12:07:16.306000,428.98183274799567,1005
2024-09-20 12:07:16.321000,428.9737852730976,995
2024-09-20 12:07:16.409000,428.97394536786646,7
2024-09-20 12:07:16.431000,428.9469816564846,15
2024-09-20 12:07:16.475000,428.9474997579221,11
2024-09-20 12:07:16.619000,428.97131978495327,1002
2024-09-20 12:07:16.638000,428.94490624642987,996
2024-09-20 12:07:16.661000,428.9703673511938,99
2024-09-20 12:07:16.663000,428.8951255773658,1000
2024-09-20 12:07:16.670000,428.96447282893,995
2024-09-20 12:07:16.754000,428.90380923865376,9
2024-09-20 12:07:16.819000,428.975637714794,100
2024-09-20 12:07:16.878000,428.89657728648285,6
2024-09-20 12:07:16.915000,428.8792380570837,1000
2024-09-20 12:07:16.918000,428.9636917667561,11
2024-09-20 12:07:16.972000,428.98761865451166,104
2024-09-20 12:07:16.985000,428.9738533908477,1005
2024-09-20 12:07:17.135000,428.88783346368257,6
2024-09-20 12:07:17.230000,428.9085652905132,105
2024-09-20 12:07:17.493000,428.9400951756938,995
2024-09-20 12:07:17.496000,428.9020613994242,95
2024-09-20 12:07:17.596000,428.90924981140927,98
2024-09-20 12:07:17.616000,428.9637930969921,1003
2024-09-20 12:07:17.922000,428.9615359512783,1000
2024-09-20 12:07:17.927000,428.9852031217642,104
2024-09-20 12:07:18.016000,428.9066995027166,1000
2024-09-20 12:07:18.050000,428.9059978145333,1001
2024-09-20 12:07:18.073000,428.9150213254699,101
2024-09-20 12:07:18.099000,428.896293003047,997
2024-09-20 12:07:18.113000,428.9122485357216,98
2024-09-20 12:07:18.241000,428.946119272384,15
2024-09-20 12:07:18.268000,428.92570149048936,15
2024-09-20 12:07:18.349000,428.90737371074766,10
2024-09-20 12:07:18.448000,428.9072540444084,7
2024-09-20 12:07:18.507000,428.9035807209482,10
2024-09-20 12:07:18.603000,428.9004898848902,15
2024-09-20 12:07:18.612000,428.9438855858534,8
2024-09-20 12:07:18.630000,428.9060476127595,999
2024-09-20 12:07:18.670000,428.9024880517076,1000
2024-09-20 12:07:18.672000,428.9026431713732,15
2024-09-20 12:07:18.680000,428.9109990162457,996
2024-09-20 12:07:18.698000,428.92028780660416,12
2024-09-20 12:07:18.713000,428.907550229396,97
2024-09-20 12:07:18.759000,428.88456121383945,1000
2024-09-20 12:07:18.891000,428.9405041620716,103
2024-09-20 12:07:18.920000,428.9020608369792,10
2024-09-20 12:07:18.924000,428.91503690965294,14
2024-09-20 12:07:18.952000,428.9404624754238,97
2024-09-20 12:07:18.985000,428.9393253923705,999
2024-09-20 12:07:18.990000,428.90202046562064,13
2024-09-20 12:07:19.094000,428.8729360379855,101
2024-09-20 12:07:19.172000,428.8648341371186,102
2024-09-20 12:07:19.196000,428.8697637382679,997
2024-09-20 12:07:19.255000,428.8895787883036,5
2024-09-20 12:07:19.295000,428.855146052662,8
2024-09-20 12:07:19.318000,428.8982995998623,95
2024-09-20 12:07:19.321000,428.879671949896,98
2024-09-20 12:07:19.324000,428.8557638482775,104
2024-09-20 12:07:19.409000,428.8612019223642,105
2024-09-20 12:07:19.413000,428.8685786186256,95
2024-09-20 12:07:19.542000,428.8812492259409,996
2024-09-20 12:07:19.577000,428.8619292227526,14
2024-09-20 12:07:19.582000,428.91739875246014,95
2024-09-20 12:07:19.615000,428.9099989579432,6
2024-09-20 12:07:19.623000,428.8798108760648,100
2024-09-20 12:07:19.699000,428.87968361499054,15
2024-09-20 12:07:19.781000,428.8827941230174,95
2024-09-20 12:07:19.888000,428.89042978346345,1003
2024-09-20 12:07:19.890000,428.8712388129484,95
2024-09-20 12:07:19.930000,428.87851137357,5
2024-09-20 12:07:19.994000,428.8657014944837,15
2024-09-20 12:07:20.199000,428.86292540072657,99
2024-09-20 12:07:20.410000,428.8889397654144,12
2024-09-20 12:07:20.417000,428.8795429041796,9
2024-09-20 12:07:20.450000,428.8828318539405,15
2024-09-20 12:07:20.475000,428.9079833816168,10
2024-09-20 12:07:20.606000,428.9147758831337,15
2024-09-20 12:07:20.610000,428.8591182388424,8
2024-09-20 12:07:20.672000,428.9342818359728,1005
2024-09-20 12:07:20.679000,428.9323698528935,5
2024-09-20 12:07:20.761000,428.8640540943813,1000
2024-09-20 12:07:20.783000,428.9207367343104,101
2024-09-20 12:07:20.877000,428.92539433601365,98
2024-09-20 12:07:20.904000,428.8671188694029,1005
2024-09-20 12:07:20.926000,428.8535328830659,104
2024-09-20 12:07:21.042000,428.8949093556625,102
2024-09-20 12:07:21.144000,428.9446794696085,101
2024-09-20 12:07:21.169000,428.91670776647504,1000
2024-09-20 12:07:21.226000,428.9376989615015,100
2024-09-20 12:07:21.289000,428.8993567976804,10
2024-09-20 12:07:21.445000,428.9410022529084,103
2024-09-20 12:07:21.654000,428.9121098049866,98
2024-09-20 12:07:21.661000,428.89606977116745,10
2024-09-20 12:07:21.725000,428.9015974412068,101
2024-09-20 12:07:21.744000,428.9290997051203,13
2024-09-20 12:07:21.832000,428.9162535867828,7
2024-09-20 12:07:21.922000,428.8872325717807,97
2024-09-20 12:07:21.925000,428.89479438004975,999
2024-09-20 12:07:21.945000,428.9299271521118,10
2024-09-20 12:07:21.947000,428.9119034230896,1001
2024-09-20 12:07:21.960000,428.90912645862136,13
2024-09-20 12:07:21.969000,428.9042829692031,1002
2024-09-20 12:07:21.989000,428.9040975337167,1005
2024-09-20 12:07:22.031000,428.9162357470916,1002
2024-09-20 12:07:22.035000,428.86069800411474,95
2024-09-20 12:07:22.118000,428.9006577966729,15
2024-09-20 12:07:22.133000,428.90649841238985,96
2024-09-20 12:07:22.168000,428.912230383373,10
2024-09-20 12:07:22.309000,428.91050057824543,14
2024-09-20 12:07:22.399000,428.9215236408761,995
2024-09-20 12:07:22.496000,428.8758282784352,997
2024-09-20 12:07:22.579000,428.8842743131361,1005
2024-09-20 12:07:22.580000,428.8926761999736,1005
2024-09-20 12:07:22.584000,428.9074373459741,102
2024-09-20 12:07:22.655000,428.9289320113671,105
2024-09-20 12:07:22.694000,428.8850375396162,7
2024-09-20 12:07:22.711000,428.9243266167589,5
2024-09-20 12:07:22.780000,428.88690903097927,1001
2024-09-20 12:07:22.823000,428.88431447936745,100
2024-09-20 12:07:22.856000,428.87003257871214,13
2024-09-20 12:07:22.879000,428.89512307846167,1000
2024-09-20 12:07:22.893000,428.897455520298,13
2024-09-20 12:07:22.895000,428.92956919521737,12
2024-09-20 12:07:23.078000,428.8783298261311,13
2024-09-20 12:07:23.241000,428.8654364788713,1001
2024-09-20 12:07:23.335000,428.8773995750324,5
2024-09-20 12:07:23.342000,428.86718451590576,10
2024-09-20 12:07:23.426000,428.86896431284384,15
2024-09-20 12:07:23.500000,428.87563706833856,99
2024-09-20 12:07:23.602000,428.8802899023992,996
2024-09-20 12:07:23.694000,428.89825552482654,997
2024-09-20 12:07:23.703000,428.8930585204901,1004
2024-09-20 12:07:23.887000,428.8744197282808,5
2024-09-20 12:07:23.904000,428.8704557922056,5
2024-09-20 12:07:24.017000,428.85177872264586,8
2024-09-20 12:07:24.127000,428.8373287121578,14
2024-09-20 12:07:24.240000,428.8152132565517,14
2024-09-20 12:07:24.377000,428.8428800069676,1001
2024-09-20 12:07:24.402000,428.82071090079546,5
2024-09-20 12:07:24.407000,428.8081495489008,1001
2024-09-20 12:07:24.454000,428.87476946094654,11
2024-09-20 12:07:24.525000,428.8182480288832,98
2024-09-20 12:07:24.553000,428.8274944525128,5
2024-09-20 12:07:24.558000,428.86391567477307,10
2024-09-20 12:07:24.579000,428.8506449956042,96
2024-09-20 12:07:24.597000,428.8682460710929,1004
2024-09-20 12:07:24.677000,428.86204965641895,6
2024-09-20 12:07:24.766000,428.8130609802533,12
2024-09-20 12:07:24.818000,428.80365031651615,9
2024-09-20 12:07:25.141000,428.8024191238093,8
2024-09-20 12:07:25.156000,428.78024417496016,100
2024-09-20 12:07:25.275000,428.81264116737935,103
2024-09-20 12:07:25.369000,428.8197551218015,103
2024-09-20 12:07:25.544000,428.7889582635305,10
2024-09-20 12:07:25.555000,428.7740454013903,5
2024-09-20 12:07:25.701000,428.8002817107677,97
2024-09-20 12:07:25.702000,428.8190844222802,15
2024-09-20 12:07:25.810000,428.7959206038991,99
2024-09-20 12:07:25.811000,428.8064670647448,8
2024-09-20 12:07:25.824000,428.8033737425527,7
2024-09-20 12:07:25.909000,428.75127764298736,99
2024-09-20 12:07:25.951000,428.8037201651579,104
2024-09-20 12:07:25.994000,428.80140013390826,105
2024-09-20 12:07:26.070000,428.7741759856364,105
2024-09-20 12:07:26.131000,428.7571421623376,1002
2024-09-20 12:07:26.357000,428.7711073234897,996
2024-09-20 12:07:26.416000,428.7618975199656,102
2024-09-20 12:07:26.422000,428.7645480799951,1005
2024-09-20 12:07:26.919000,428.775075081182,14
2024-09-20 12:07:27.002000,428.7475756080216,996
2024-09-20 12:07:27.052000,428.7367545439647,1000
2024-09-20 12:07:27.127000,428.7697824406062,95
2024-09-20 12:07:27.129000,428.7595397327836,995
2024-09-20 12:07:27.187000,428.7782820426675,15
2024-09-20 12:07:27.267000,428.7650776649434,97
2024-09-20 12:07:27.388000,428.7795584650759,97
2024-09-20 12:07:27.417000,428.7151340756644,14
2024-09-20 12:07:27.426000,428.7334333499008,100
2024-09-20 12:07:27.498000,428.7256319430019,15
2024-09-20 12:07:27.517000,428.71896165990415,98
2024-09-20 12:07:27.549000,428.74872960289576,13
2024-09-20 12:07:27.550000,428.7040630848524,100
2024-09-20 12:07:27.646000,428.7279638110492,1002
2024-09-20 12:07:27.693000,428.7641644086569,13
2024-09-20 12:07:27.713000,428.732968975,6
2024-09-20 12:07:27.722000,428.7764546125891,1004
2024-09-20 12:07:27.798000,428.7035061229807,97
2024-09-20 12:07:27.809000,428.7361886194976,97
2024-09-20 12:07:27.839000,428.74198401717433,95
2024-09-20 12:07:27.852000,428.7816400895681,100
2024-09-20 12:07:27.888000,428.7602784211088,997
2024-09-20 12:07:27.959000,428.78138473168457,13
2024-09-20 12:07:28.103000,428.71584359144833,999
2024-09-20 12:07:28.161000,428.7119289396406,8
2024-09-20 12:07:28.478000,428.7142631138813,996
2024-09-20 12:07:28.888000,428.7095007240218,996
2024-09-20 12:07:29.036000,428.6978796997451,6
2024-09-20 12:07:29.039000,428.7081268462739,104
2024-09-20 12:07:29.057000,428.7034689464472,101
2024-09-20 12:07:29.147000,428.7001720486216,11
2024-09-20 12:07:29.173000,428.7079144733237,5
2024-09-20 12:07:29.191000,428.6659627475392,104
2024-09-20 12:07:29.348000,428.7096402906146,98
2024-09-20 12:07:29.418000,428.6956083466008,13
2024-09-20 12:07:29.425000,428.69627998330617,99
2024-09-20 12:07:29.442000,428.69936578006457,103
2024-09-20 12:07:29.457000,428.6794461111815,101
2024-09-20 12:07:29.507000,428.6941712006603,1001
2024-09-20 12:07:29.566000,428.7062290303899,6
2024-09-20 12:07:29.595000,428.71275210992144,10
2024-09-20 12:07:29.599000,428.6849660915311,100
2024-09-20 12:07:29.649000,428.707488490162,97
2024-09-20 12:07:29.657000,428.6959295674664,8
2024-09-20 12:07:29.724000,428.7155937033025,11
2024-09-20 12:07:29.744000,428.69394498050576,15
2024-09-20 12:07:29.842000,428.7054220664401,105
2024-09-20 12:07:29.848000,428.7006871783353,98
2024-09-20 12:07:29.883000,428.7072956140356,1003
2024-09-20 12:07:29.973000,428.6915223342902,8
2024-09-20 12:07:30.029000,428.69592930692295,96
2024-09-20 12:07:30.054000,428.6790106675713,11
2024-09-20 12:07:30.109000,428.715923132661,7
2024-09-20 12:07:30.120000,428.6797005131461,8
2024-09-20 12:07:30.123000,428.6798187154952,998
2024-09-20 12:07:30.247000,428.66718243642765,11
2024-09-20 12:07:30.254000,428.67549051360055,1002
2024-09-20 12:07:30.291000,428.6765734309113,101
2024-09-20 12:07:30.327000,428.68954180571205,14
2024-09-20 12:07:30.339000,428.6744420491879,998
2024-09-20 12:07:30.374000,428.66572715172265,1003
2024-09-20 12:07:30.387000,428.6928537063424,12
2024-09-20 12:07:30.660000,428.6742865776308,1003
2024-09-20 12:07:30.754000,428.7047987673871,96
2024-09-20 12:07:30.760000,428.6801855576813,100
2024-09-20 12:07:30.763000,428.6920949758727,998
2024-09-20 12:07:30.797000,428.6702109784682,12
2024-09-20 12:07:30.819000,428.66245702735694,1005
2024-09-20 12:07:30.848000,428.67626575699575,6
2024-09-20 12:07:30.931000,428.6837256052904,102
2024-09-20 12:07:30.947000,428.66454199282833,6
2024-09-20 12:07:30.979000,428.70360079129534,95
2024-09-20 12:07:30.980000,428.7086944486315,999
2024-09-20 12:07:31.181000,428.654090528744,995
2024-09-20 12:07:31.370000,428.6563259105642,7
2024-09-20 12:07:31.436000,428.65750845598,102
2024-09-20 12:07:31.462000,428.6621029833042,8
2024-09-20 12:07:31.489000,428.6698707548097,97
2024-09-20 12:07:31.596000,428.6784357599911,5
2024-09-20 12:07:31.605000,428.664461057556,105
2024-09-20 12:07:31.619000,428.6674441672164,1000
2024-09-20 12:07:31.659000,428.675637550293,13
2024-09-20 12:07:31.675000,428.65167434106,99
2024-09-20 12:07:31.948000,428.6570197739212,8
2024-09-20 12:07:31.954000,428.6557999942714,95
2024-09-20 12:07:31.955000,428.6489954650013,102
2024-09-20 12:07:32.001000,428.6657884701245,5
2024-09-20 12:07:32.071000,428.6629219911036,104
2024-09-20 12:07:32.113000,428.678111509409,1004
2024-09-20 12:07:32.241000,428.6806508720566,97
2024-09-20 12:07:32.301000,428.6755274327763,101
2024-09-20 12:07:32.472000,428.6735920398888,1001
2024-09-20 12:07:32.523000,428.6652037081681,1000
2024-09-20 12:07:33.143000,428.6420100292919,7
2024-09-20 12:07:33.166000,428.63239866843446,11
2024-09-20 12:07:33.208000,428.6513970749802,103
2024-09-20 12:07:33.283000,428.68681234908126,1004
2024-09-20 12:07:33.342000,428.7068356479915,97
2024-09-20 12:07:33.359000,428.6796982482641,95
2024-09-20 12:07:33.368000,428.6582533303739,1000
2024-09-20 12:07:33.487000,428.6280994068245,998
2024-09-20 12:07:33.560000,428.62930758098463,995
2024-09-20 12:07:33.647000,428.6458627846228,96
2024-09-20 12:07:33.694000,428.6354095230397,97
2024-09-20 12:07:33.714000,428.6465041112916,102
2024-09-20 12:07:33.756000,428.6491822343874,10
2024-09-20 12:07:33.831000,428.69480783697895,103
2024-09-20 12:07:33.839000,428.6458033470534,1005
2024-09-20 12:07:34.006000,428.67788793836286,99
2024-09-20 12:07:34.027000,428.6522656506736,105
2024-09-20 12:07:34.041000,428.6553450570297,96
2024-09-20 12:07:34.110000,428.6461340343134,95
2024-09-20 12:07:34.354000,428.6578511124429,13
2024-09-20 12:07:34.415000,428.6641492429298,999
2024-09-20 12:07:34.489000,428.6550056235712,95
2024-09-20 12:07:34.507000,428.7055571598309,14
2024-09-20 12:07:34.516000,428.6629289629959,98
2024-09-20 12:07:34.553000,428.6483726189749,1004
2024-09-20 12:07:34.561000,428.7001081896355,995
2024-09-20 12:07:34.606000,428.6404000115236,997
2024-09-20 12:07:34.630000,428.6413408821686,1004
2024-09-20 12:07:34.748000,428.6530376542088,1001
2024-09-20 12:07:34.901000,428.64767866238833,96
2024-09-20 12:07:34.910000,428.645892910887,1000
2024-09-20 12:07:34.935000,428.706550382355,103
2024-09-20 12:07:34.954000,428.6962705165849,5
2024-09-20 12:07:34.983000,428.6918082656026,1001
2024-09-20 12:07:35.038000,428.66646529780246,999
2024-09-20 12:07:35.055000,428.6804025120268,1005
2024-09-20 12:07:35.065000,428.6694168494969,7
2024-09-20 12:07:35.107000,428.6714107494072,8
2024-09-20 12:07:35.167000,428.66033523618233,98
2024-09-20 12:07:35.174000,428.67435861849935,8
2024-09-20 12:07:35.244000,428.6735130075856,9
2024-09-20 12:07:35.245000,428.6849461098366,998
2024-09-20 12:07:35.260000,428.6688453857535,11
2024-09-20 12:07:35.283000,428.6586418795816,9
2024-09-20 12:07:35.324000,428.68433827814965,7
2024-09-20 12:07:35.362000,428.6863746650719,103
2024-09-20 12:07:35.487000,428.69872030939695,103
2024-09-20 12:07:35.491000,428.6608621865397,999
2024-09-20 12:07:35.592000,428.67525477441546,8
2024-09-20 12:07:35.600000,428.6592995241975,15
2024-09-20 12:07:35.639000,428.6713252572148,9
2024-09-20 12:07:35.653000,428.66915981267215,12
2024-09-20 12:07:35.700000,428.6895540848956,996
2024-09-20 12:07:35.782000,428.66695993241257,13
2024-09-20 12:07:35.796000,428.67566563170425,101
2024-09-20 12:07:35.833000,428.6797628635492,98
2024-09-20 12:07:35.875000,428.6732862332113,1004
2024-09-20 12:07:35.956000,428.6722130813848,98
2024-09-20 12:07:35.970000,428.6852875107117,14
2024-09-20 12:07:35.981000,428.6941108454431,98
2024-09-20 12:07:35.994000,428.64999318470313,1000
2024-09-20 12:07:36.156000,428.6414637969928,99
2024-09-20 12:07:36.332000,428.6452502519836,1002
2024-09-20 12:07:36.501000,428.63340038641417,7
2024-09-20 12:07:36.650000,428.6225506467868,5
2024-09-20 12:07:36.838000,428.6276571449032,998
2024-09-20 12:07:36.860000,428.6458844263089,95
2024-09-20 12:07:36.988000,428.6490161569257,996
2024-09-20 12:07:37.018000,428.66968202248034,13
2024-09-20 12:07:37.053000,428.6498575004194,9
2024-09-20 12:07:37.060000,428.6833912780274,100
2024-09-20 12:07:37.141000,428.6736136632427,10
2024-09-20 12:07:37.146000,428.67527845778375,1002
2024-09-20 12:07:37.153000,428.6704746846698,98
2024-09-20 12:07:37.164000,428.6753101450421,8
2024-09-20 12:07:37.178000,428.68872270076287,101
2024-09-20 12:07:37.274000,428.6389038476755,99
2024-09-20 12:07:37.301000,428.6619955928396,100
2024-09-20 12:07:37.338000,428.6759376900506,5
2024-09-20 12:07:37.413000,428.6747342158544,13
2024-09-20 12:07:37.509000,428.6950803769907,998
2024-09-20 12:07:37.625000,428.66225757919017,8
2024-09-20 12:07:37.654000,428.687325605423,6
2024-09-20 12:07:37.671000,428.68813569094345,15
2024-09-20 12:07:37.764000,428.6538513573264,5
2024-09-20 12:07:38.033000,428.67630572131526,1003
2024-09-20 12:07:38.082000,428.6677679015628,100
2024-09-20 12:07:38.290000,428.6125345935028,1000
2024-09-20 12:07:38.298000,428.64901016063794,9
2024-09-20 12:07:38.354000,428.6771023079091,98
2024-09-20 12:07:38.371000,428.6283311188056,1000
2024-09-20 12:07:38.393000,428.6824201246348,12
2024-09-20 12:07:38.543000,428.65622693247445,996
2024-09-20 12:07:38.611000,428.6686774387545,1002
2024-09-20 12:07:38.631000,428.67455007900696,15
2024-09-20 12:07:38.650000,428.6144745107948,9
2024-09-20 12:07:38.663000,428.683115040194,13
2024-09-20 12:07:38.807000,428.60120734863386,996
2024-09-20 12:07:38.834000,428.6044642615295,1000
2024-09-20 12:07:38.883000,428.6596270758753,1005
2024-09-20 12:07:38.949000,428.6431635315362,12
2024-09-20 12:07:39.059000,428.60084602648647,100
2024-09-20 12:07:39.095000,428.6998964167838,12
2024-09-20 12:07:39.207000,428.6656567757184,15
2024-09-20 12:07:39.228000,428.6420466981677,14
2024-09-20 12:07:39.263000,428.63340536409225,995
2024-09-20 12:07:39.290000,428.7195889025784,12
2024-09-20 12:07:39.314000,428.6105913444867,998
2024-09-20 12:07:39.319000,428.6309821175814,11
2024-09-20 12:07:39.352000,428.6839486743732,101
2024-09-20 12:07:39.444000,428.6762782674113,6
2024-09-20 12:07:39.490000,428.6397619921846,100
2024-09-20 12:07:39.496000,428.7179969077671,1000
2024-09-20 12:07:39.499000,428.6708837973324,95
2024-09-20 12:07:39.545000,428.6310230921736,99
2024-09-20 12:07:39.584000,428.5988044559489,995
2024-09-20 12:07:39.617000,428.6835148557398,996
2024-09-20 12:07:39.621000,428.6342393159948,100
2024-09-20 12:07:39.629000,428.6025041678418,1002
2024-09-20 12:07:39.630000,428.6464861955869,102
2024-09-20 12:07:39.700000,428.60802099174106,95
2024-09-20 12:07:39.742000,428.6998952502954,97
2024-09-20 12:07:39.757000,428.7277780327522,12
2024-09-20 12:07:39.833000,428.71325806109786,102
2024-09-20 12:07:39.854000,428.58808425604445,97
2024-09-20 12:07:39.936000,428.6255555339822,96
2024-09-20 12:07:39.947000,428.6662060277974,96
2024-09-20 12:07:39.955000,428.6036858940316,105
2024-09-20 12:07:40.026000,428.7945314169893,1001
2024-09-20 12:07:40.029000,428.798399798441,10
2024-09-20 12:07:40.060000,428.8078128944232,9
2024-09-20 12:07:40.109000,428.80504517995104,9
2024-09-20 12:07:40.110000,428.8245737223526,995
2024-09-20 12:07:40.189000,428.7536867432908,96
2024-09-20 12:07:40.233000,428.8079522854873,1005
2024-09-20 12:07:40.244000,428.7617577534296,12
2024-09-20 12:07:40.247000,428.7875181269766,7
2024-09-20 12:07:40.302000,428.7778728909971,995
2024-09-20 12:07:40.342000,428.7879358141841,101
2024-09-20 12:07:40.390000,428.7915092661122,5
2024-09-20 12:07:40.392000,428.75069574971286,103
2024-09-20 12:07:40.420000,428.778052317124,1003
2024-09-20 12:07:40.508000,428.811478586781,101
2024-09-20 12:07:40.512000,428.8011353896096,12
2024-09-20 12:07:40.577000,428.7566476362426,1002
2024-09-20 12:07:40.626000,428.7948811520763,1000
2024-09-20 12:07:40.628000,428.7955049139952,97
2024-09-20 12:07:40.642000,428.765303870026,6
2024-09-20 12:07:40.670000,428.7751768771276,104
2024-09-20 12:07:40.701000,428.741932461384,6
2024-09-20 12:07:40.851000,428.7873572320026,105
2024-09-20 12:07:40.898000,428.8049946961727,104
2024-09-20 12:07:40.979000,428.7864220861223,1002
2024-09-20 12:07:41.857000,428.7286921251649,105
2024-09-20 12:07:41.908000,428.7283136199066,14
2024-09-20 12:07:41.974000,428.7277943091346,7
2024-09-20 12:07:42.461000,428.73080318500007,95
2024-09-20 12:07:42.672000,428.7258338227636,102
2024-09-20 12:07:42.694000,428.7360521724184,9
2024-09-20 12:07:43.022000,428.659475769179,100
2024-09-20 12:07:43.038000,428.64979034909504,1003
2024-09-20 12:07:43.103000,428.63687850607727,105
2024-09-20 12:07:43.121000,428.6248454203506,7
2024-09-20 12:07:43.281000,428.61639643653297,1001
2024-09-20 12:07:43.385000,428.6988984880834,1003
2024-09-20 12:07:43.426000,428.67581306257415,999
2024-09-20 12:07:43.489000,428.61808826439983,1005
2024-09-20 12:07:43.520000,428.6279285250871,100
2024-09-20 12:07:43.530000,428.7198811635875,1002
2024-09-20 12:07:43.591000,428.6511497796362,9
2024-09-20 12:07:43.614000,428.6083692770623,8
2024-09-20 12:07:43.680000,428.63257079663833,95
2024-09-20 12:07:43.726000,428.6550399580249,100
2024-09-20 12:07:43.739000,428.6251311268165,96
2024-09-20 12:07:43.833000,428.60873014332793,9
2024-09-20 12:07:43.834000,428.604513037187,1005
2024-09-20 12:07:43.841000,428.6980376081507,10
2024-09-20 12:07:43.892000,428.66170652771024,1000
2024-09-20 12:07:43.944000,428.64140077607135,99
2024-09-20 12:07:43.960000,428.61211827718233,105
2024-09-20 12:07:43.960000,428.6562851823894,102
2024-09-20 12:07:43.979000,428.62498493724496,1003
2024-09-20 12:07:43.991000,428.63391220451047,998
2024-09-20 12:07:44.008000,428.6654747822654,99
2024-09-20 12:07:44.011000,428.63940312332767,10
2024-09-20 12:07:44.013000,428.7054782604085,15
2024-09-20 12:07:44.072000,428.6724466411466,102
2024-09-20 12:07:44.072000,428.6859982528928,102
2024-09-20 12:07:44.374000,428.6632538898638,96
2024-09-20 12:07:44.430000,428.6680755521641,997
2024-09-20 12:07:44.460000,428.64127992942014,1000
2024-09-20 12:07:44.517000,428.6441217865935,14
2024-09-20 12:07:44.525000,428.7194032559592,998
2024-09-20 12:07:44.668000,428.6574994633886,11
2024-09-20 12:07:44.696000,428.6556207728746,100
2024-09-20 12:07:44.704000,428.6322912472766,97
2024-09-20 12:07:44.795000,428.690208373776,1001
2024-09-20 12:07:44.831000,428.6875841506488,96
2024-09-20 12:07:44.877000,428.6913079416949,7
2024-09-20 12:07:44.956000,428.69864735575743,101
2024-09-20 12:07:44.980000,428.6611705494071,1003
2024-09-20 12:07:45.031000,428.6503586887958,15
2024-09-20 12:07:45.057000,428.6535538228894,102
2024-09-20 12:07:45.148000,428.64587389715854,1005
2024-09-20 12:07:45.212000,428.6716949273357,100
2024-09-20 12:07:45.332000,428.66333163361696,11
2024-09-20 12:07:45.343000,428.6443850139286,6
2024-09-20 12:07:45.355000,428.6906154399821,1005
2024-09-20 12:07:45.417000,428.6612229395499,97
2024-09-20 12:07:45.447000,428.6522660234787,11
2024-09-20 12:07:45.452000,428.6600797535998,101
2024-09-20 12:07:45.546000,428.6817195077425,5
2024-09-20 12:07:45.619000,428.6562218961621,10
2024-09-20 12:07:45.658000,428.69416792691663,7
2024-09-20 12:07:45.658000,428.7172116902997,9
2024-09-20 12:07:45.897000,428.7125672216696,8
2024-09-20 12:07:45.920000,428.6418895206304,6
2024-09-20 12:07:45.938000,428.6528761888977,7
2024-09-20 12:07:45.999000,428.709608660334,96
2024-09-20 12:07:46.477000,428.6610358473812,5
2024-09-20 12:07:46.603000,428.6243254169622,95
2024-09-20 12:07:46.619000,428.654837650229,11
2024-09-20 12:07:46.783000,428.6576473484654,10
2024-09-20 12:07:46.892000,428.65675387051607,9
2024-09-20 12:07:46.917000,428.6715178422709,10
2024-09-20 12:07:46.956000,428.63850914798087,15
2024-09-20 12:07:46.968000,428.6668678350714,98
2024-09-20 12:07:47.014000,428.6457128825823,1003
2024-09-20 12:07:47.022000,428.62325524003546,998
2024-09-20 12:07:47.046000,428.6176721179192,1004
2024-09-20 12:07:47.077000,428.6138190905066,104
2024-09-20 12:07:47.170000,428.6622310349395,999
2024-09-20 12:07:47.279000,428.6246732233348,997
2024-09-20 12:07:47.321000,428.6631286966872,999
2024-09-20 12:07:47.413000,428.6355531551899,996
2024-09-20 12:07:47.428000,428.6520752983359,10
2024-09-20 12:07:47.431000,428.6081342786852,1005
2024-09-20 12:07:47.484000,428.6383928682973,1000
2024-09-20 12:07:47.540000,428.6349372716462,100
2024-09-20 12:07:47.557000,428.6626576562393,98
2024-09-20 12:07:47.571000,428.63010768756936,103
2024-09-20 12:07:47.622000,428.6386742972386,997
2024-09-20 12:07:47.660000,428.6158067430333,97
2024-09-20 12:07:47.727000,428.6554042263557,98
2024-09-20 12:07:47.759000,428.6638665958813,996
2024-09-20 12:07:47.789000,428.668709759165,12
2024-09-20 12:07:47.881000,428.6184017335936,100
2024-09-20 12:07:47.899000,428.66802930993776,1003
2024-09-20 12:07:47.907000,428.6886119975592,95
2024-09-20 12:07:47.964000,428.60663911810445,13
2024-09-20 12:07:47.974000,428.6080450682,5
2024-09-20 12:07:47.994000,428.6092430397101,11
2024-09-20 12:07:48.205000,428.6527699576423,12
2024-09-20 12:07:48.283000,428.6693516625932,97
2024-09-20 12:07:48.448000,428.63674545935015,96
2024-09-20 12:07:48.566000,428.6931383372155,13
2024-09-20 12:07:48.695000,428.6875670071568,100
2024-09-20 12:07:48.772000,428.6409300230497,1001
2024-09-20 12:07:48.807000,428.6620202221545,10
2024-09-20 12:07:48.831000,428.6862573543973,1003
2024-09-20 12:07:48.857000,428.69667060385984,101
2024-09-20 12:07:48.883000,428.670029647457,97
2024-09-20 12:07:48.910000,428.67714020685753,1001
2024-09-20 12:07:48.948000,428.65792541414834,99
2024-09-20 12:07:50.296000,428.664838476551,995
2024-09-20 12:07:50.395000,428.685402191061,6
2024-09-20 12:07:50.670000,428.72128735206377,15
2024-09-20 12:07:50.684000,428.7340576993086,999
2024-09-20 12:07:50.773000,428.6943115753753,14
2024-09-20 12:07:50.888000,428.68976344354894,102
2024-09-20 12:07:50.937000,428.67280388750106,100
2024-09-20 12:07:50.997000,428.6683995417441,7
2024-09-20 12:07:51.076000,428.8205302977781,5
2024-09-20 12:07:51.127000,428.8001768157741,1005
2024-09-20 12:07:51.137000,428.79385884112736,1003
2024-09-20 12:07:51.205000,428.75252029803227,7
2024-09-20 12:07:51.317000,428.8022961671299,996
2024-09-20 12:07:51.415000,428.7210348585032,101
2024-09-20 12:07:51.424000,428.7272378144848,9
2024-09-20 12:07:51.442000,428.8001309215021,97
2024-09-20 12:07:51.445000,428.79440542333424,101
2024-09-20 12:07:51.457000,428.7555272972581,12
2024-09-20 12:07:51.561000,428.7493406188434,995
2024-09-20 12:07:51.606000,428.7335007736325,97
2024-09-20 12:07:51.679000,428.76107714307153,997
2024-09-20 12:07:51.683000,428.7656902889575,103
2024-09-20 12:07:51.724000,428.7251646612037,102
2024-09-20 12:07:51.789000,428.7871910845171,9
2024-09-20 12:07:51.822000,428.77832652985006,999
2024-09-20 12:07:51.897000,428.7244620706954,1000
2024-09-20 12:07:51.901000,428.7531469612074,105
2024-09-20 12:07:51.967000,428.8005261229804,1003
2024-09-20 12:07:51.968000,428.75506903156514,7
2024-09-20 12:07:51.999000,428.7622939382845,7
2024-09-20 12:07:52.051000,428.8115743927177,104
2024-09-20 12:07:52.116000,428.879856541896,1000
2024-09-20 12:07:52.132000,428.8952144102931,1000
2024-09-20 12:07:52.266000,428.8852745531392,1002
2024-09-20 12:07:52.347000,428.8736443167918,96
2024-09-20 12:07:52.355000,428.862957788718,98
2024-09-20 12:07:52.677000,428.8651806970633,98
2024-09-20 12:07:52.749000,428.8824406423193,12
2024-09-20 12:07:52.776000,428.88631313542334,96
2024-09-20 12:07:52.795000,428.86932890308174,1000
2024-09-20 12:07:52.809000,428.8245083971836,101
2024-09-20 12:07:52.991000,428.84583927710753,7
2024-09-20 12:07:53.044000,428.845838035449,1001
2024-09-20 12:07:53.108000,428.8288907775474,1002
2024-09-20 12:07:53.199000,428.867732538885,1000
2024-09-20 12:07:53.221000,428.826018963736,14
2024-09-20 12:07:53.224000,428.8063084428605,996
2024-09-20 12:07:53.244000,428.83343217332856,97
2024-09-20 12:07:53.260000,428.896332858015,1002
2024-09-20 12:07:53.278000,428.8231283484629,998
2024-09-20 12:07:53.288000,428.8275974311589,97
2024-09-20 12:07:53.321000,428.9015830901664,9
2024-09-20 12:07:53.336000,428.8168519847957,5
2024-09-20 12:07:53.350000,428.8919380199611,13
2024-09-20 12:07:53.385000,428.89683075731466,98
2024-09-20 12:07:53.474000,428.8260006352408,7
2024-09-20 12:07:53.546000,428.8378925061242,14
2024-09-20 12:07:53.558000,428.79217291026447,9
2024-09-20 12:07:53.578000,428.8182479228013,5
2024-09-20 12:07:53.730000,428.8086065954794,1002
2024-09-20 12:07:53.743000,428.805283198988,1004
2024-09-20 12:07:53.780000,428.8045977928781,999
2024-09-20 12:07:53.903000,428.8231768990037,995
2024-09-20 12:07:53.919000,428.8209487967888,11
2024-09-20 12:07:53.921000,428.90099976711497,15
2024-09-20 12:07:53.922000,428.7936586392351,95
2024-09-20 12:07:53.923000,428.8372820195328,13
2024-09-20 12:07:53.932000,428.8538518379501,1004
2024-09-20 12:07:53.982000,428.8388482257168,1005
2024-09-20 12:07:54.030000,428.83868836767016,1003
2024-09-20 12:07:54.061000,428.8404044936231,98
2024-09-20 12:07:54.067000,428.7941053900648,1003
2024-09-20 12:07:54.076000,428.8444143803735,7
2024-09-20 12:07:54.104000,428.8407579507083,99
2024-09-20 12:07:54.177000,428.8235100581716,103
2024-09-20 12:07:54.181000,428.8021246230796,1004
2024-09-20 12:07:54.277000,428.83711319150655,10
2024-09-20 12:07:54.308000,428.8602445606478,103
2024-09-20 12:07:54.330000,428.82310711006494,998
2024-09-20 12:07:54.420000,428.790784812087,1002
2024-09-20 12:07:54.514000,428.8094950724431,998
2024-09-20 12:07:54.543000,428.84146742907024,100
2024-09-20 12:07:54.586000,428.8611189070751,7
2024-09-20 12:07:54.600000,428.80285706965736,8
2024-09-20 12:07:54.802000,428.8240074929083,14
2024-09-20 12:07:54.815000,428.78612358484855,104
2024-09-20 12:07:54.828000,428.865991491061,999
2024-09-20 12:07:54.931000,428.8523529505331,105
2024-09-20 12:07:54.942000,428.8672512469668,8
2024-09-20 12:07:55.064000,428.85985589890095,100
2024-09-20 12:07:55.154000,428.8478907868136,1003
2024-09-20 12:07:55.244000,428.8461959539635,1003
2024-09-20 12:07:55.267000,428.8627663297084,1000
2024-09-20 12:07:55.331000,428.7912686442712,15
2024-09-20 12:07:55.335000,428.8357973339172,998
2024-09-20 12:07:55.344000,428.8147466748961,11
2024-09-20 12:07:55.395000,428.8563189708072,1000
2024-09-20 12:07:55.432000,428.8480877559151,98
2024-09-20 12:07:55.458000,428.8431801796043,100
2024-09-20 12:07:55.474000,428.8542513469526,1003
2024-09-20 12:07:55.504000,428.8652203407333,1003
2024-09-20 12:07:55.647000,428.8434025568234,96
2024-09-20 12:07:55.773000,428.8472688823947,7
2024-09-20 12:07:55.866000,428.8260243942415,6
2024-09-20 12:07:55.939000,428.8433460763379,1003
2024-09-20 12:07:56.162000,428.8367195618595,15
2024-09-20 12:07:56.209000,428.8501038590911,105
2024-09-20 12:07:56.214000,428.8496574536867,5
2024-09-20 12:07:56.272000,428.8342400369619,998
2024-09-20 12:07:56.320000,428.8713978760095,5
2024-09-20 12:07:56.344000,428.8249950060018,997
2024-09-20 12:07:56.358000,428.858044282903,1004
2024-09-20 12:07:56.363000,428.8206307680371,1001
2024-09-20 12:07:56.364000,428.8477131797292,102
2024-09-20 12:07:56.391000,428.8518589415022,97
2024-09-20 12:07:56.408000,428.8573245016088,9
2024-09-20 12:07:56.438000,428.83541114034944,96
2024-09-20 12:07:56.453000,428.8284918448922,12
2024-09-20 12:07:56.484000,428.813554410873,998
2024-09-20 12:07:56.533000,428.84593968083294,1001
2024-09-20 12:07:56.537000,428.81425167371,997
2024-09-20 12:07:56.542000,428.8739487233483,1000
2024-09-20 12:07:56.558000,428.830497179565,11
2024-09-20 12:07:56.646000,428.8576898909857,102
2024-09-20 12:07:56.752000,428.8663861337367,996
2024-09-20 12:07:56.794000,428.8271841376778,104
2024-09-20 12:07:56.813000,428.8789538844508,10
2024-09-20 12:07:56.835000,428.8277919706596,95
2024-09-20 12:07:56.839000,428.871992421602,11
2024-09-20 12:07:56.847000,428.8197068549672,13
2024-09-20 12:07:56.909000,428.8489442074913,1004
2024-09-20 12:07:56.926000,428.86355829829375,7
2024-09-20 12:07:56.990000,428.8241882840686,9
2024-09-20 12:07:57.034000,428.80910506536907,96
2024-09-20 12:07:57.270000,428.813729752288,1002
2024-09-20 12:07:57.303000,428.8043366193579,12
2024-09-20 12:07:57.523000,428.8036678320291,1002
2024-09-20 12:07:57.653000,428.7974523245191,15
2024-09-20 12:07:57.768000,428.8461428385702,6
2024-09-20 12:07:57.897000,428.8220068738706,97
2024-09-20 12:07:57.899000,428.84739493123874,15
2024-09-20 12:07:57.942000,428.7946174471113,96
2024-09-20 12:07:58.032000,428.77207254018975,1002
2024-09-20 12:07:58.049000,428.7697991805727,1004
2024-09-20 12:07:58.063000,428.7775838136045,996
2024-09-20 12:07:58.089000,428.7847049269915,1003
2024-09-20 12:07:58.163000,428.8246124544862,102
2024-09-20 12:07:58.228000,428.83354524941615,1003
2024-09-20 12:07:58.257000,428.786911394,997
2024-09-20 12:07:58.291000,428.82101637806267,998
2024-09-20 12:07:58.348000,428.8592857571461,14
2024-09-20 12:07:58.443000,428.8318478474968,1002
2024-09-20 12:07:58.542000,428.81158000471817,1001
2024-09-20 12:07:58.585000,428.77633431245306,1005
2024-09-20 12:07:58.676000,428.8143864858623,999
2024-09-20 12:07:58.702000,428.7830821865712,1005
2024-09-20 12:07:58.756000,428.8438952057728,1002
2024-09-20 12:07:58.759000,428.79984568196784,9
2024-09-20 12:07:58.770000,428.8450583601128,104
2024-09-20 12:07:58.795000,428.75925633060007,102
2024-09-20 12:07:58.797000,428.7635000798005,1001
2024-09-20 12:07:58.809000,428.8391870999791,13
2024-09-20 12:07:58.849000,428.78065847756494,100
2024-09-20 12:07:58.859000,428.83477733756274,13
2024-09-20 12:07:58.896000,428.80558541419657,102
2024-09-20 12:07:58.914000,428.8171963912053,105
2024-09-20 12:07:58.956000,428.7908939258336,1000
2024-09-20 12:07:58.965000,428.7755033789448,8
2024-09-20 12:07:59.054000,428.8922249293239,997
2024-09-20 12:07:59.092000,428.8808683208521,995
2024-09-20 12:07:59.095000,428.862925149744,995
2024-09-20 12:07:59.199000,428.8842358199626,10
2024-09-20 12:07:59.208000,428.8661733729221,12
2024-09-20 12:07:59.380000,428.864190009371,1005
2024-09-20 12:07:59.425000,428.8528875337651,11
2024-09-20 12:07:59.500000,428.874978075412,15
2024-09-20 12:07:59.509000,428.88648902367424,5
2024-09-20 12:07:59.538000,428.8942436565851,6
2024-09-20 12:07:59.556000,428.8652054620284,102
2024-09-20 12:07:59.576000,428.8876220139245,10
2024-09-20 12:07:59.645000,428.85521871140907,1002
2024-09-20 12:07:59.654000,428.9165317801342,15
2024-09-20 12:07:59.694000,428.8925440621738,1000
2024-09-20 12:07:59.700000,428.8702692908408,97
2024-09-20 12:07:59.703000,428.8713446591887,12
2024-09-20 12:07:59.714000,428.89411246857816,1004
2024-09-20 12:07:59.768000,428.8957362775861,105
2024-09-20 12:07:59.770000,428.8584544393981,99
2024-09-20 12:07:59.773000,428.9091242517756,995
2024-09-20 12:07:59.795000,428.9051642872129,997
2024-09-20 12:07:59.926000,428.8683069386003,102
2024-09-20 12:07:59.985000,428.8971815839447,12
