Timestamp,Price,Size
2024-09-18 10:45:00.002000,413.3523926173554,95
2024-09-18 10:45:00.002000,413.25406145635776,102
2024-09-18 10:45:00.069000,413.3689836823089,1005
2024-09-18 10:45:00.094000,413.36238955248814,1000
2024-09-18 10:45:00.119000,413.3806775591229,98
2024-09-18 10:45:00.163000,413.2520706867709,996
2024-09-18 10:45:00.184000,413.35779296816986,96
2024-09-18 10:45:00.224000,413.3589269762566,9
2024-09-18 10:45:00.235000,413.37058647671614,14
2024-09-18 10:45:00.443000,413.2438181147916,998
2024-09-18 10:45:00.453000,413.3462797675377,12
2024-09-18 10:45:00.461000,413.3192475604456,998
2024-09-18 10:45:00.503000,413.3246587275361,101
2024-09-18 10:45:00.536000,413.2467730530499,1003
2024-09-18 10:45:00.585000,413.3493320113273,102
2024-09-18 10:45:00.598000,413.3426290294303,1000
2024-09-18 10:45:00.638000,413.33961586149286,5
2024-09-18 10:45:00.742000,413.3100415234175,11
2024-09-18 10:45:00.776000,413.2833559780465,8
2024-09-18 10:45:00.835000,413.2648001800673,101
2024-09-18 10:45:00.958000,413.3341803999242,15
2024-09-18 10:45:00.960000,413.26158263509166,7
2024-09-18 10:45:00.965000,413.344546297828,5
2024-09-18 10:45:01.022000,413.1875428555917,998
2024-09-18 10:45:01.165000,413.23776857589286,98
2024-09-18 10:45:01.232000,413.2156102623999,102
2024-09-18 10:45:01.243000,413.228351703156,104
2024-09-18 10:45:01.296000,413.2345045381716,9
2024-09-18 10:45:01.302000,413.1926867415086,997
2024-09-18 10:45:01.322000,413.1712088481691,10
2024-09-18 10:45:01.337000,413.1719325592728,1002
2024-09-18 10:45:01.365000,413.2381737838631,998
2024-09-18 10:45:01.388000,413.24118193128015,1000
2024-09-18 10:45:01.506000,413.15458524325777,999
2024-09-18 10:45:01.631000,413.2324890019899,104
2024-09-18 10:45:01.691000,413.2428441413064,999
2024-09-18 10:45:01.694000,413.180706974802,997
2024-09-18 10:45:01.720000,413.22637249239983,103
2024-09-18 10:45:01.746000,413.2273197102397,8
2024-09-18 10:45:01.754000,413.24661327601535,97
2024-09-18 10:45:01.845000,413.17138305214667,15
2024-09-18 10:45:01.965000,413.240712394224,999
2024-09-18 10:45:01.972000,413.24013312084577,104
2024-09-18 10:45:02.032000,413.0358050757779,1005
2024-09-18 10:45:02.059000,413.0849708727454,995
2024-09-18 10:45:02.094000,413.08689250164485,12
2024-09-18 10:45:02.121000,413.1464777092928,996
2024-09-18 10:45:02.210000,413.0795752606731,7
2024-09-18 10:45:02.346000,413.0826382446771,15
2024-09-18 10:45:02.420000,413.0785170924288,105
2024-09-18 10:45:02.432000,413.1000515605552,1001
2024-09-18 10:45:02.500000,413.08528567748016,10
2024-09-18 10:45:02.517000,413.0802269298357,14
2024-09-18 10:45:02.538000,413.1639818751409,996
2024-09-18 10:45:02.635000,413.06721555449127,100
2024-09-18 10:45:02.645000,413.1405246347828,104
2024-09-18 10:45:02.659000,413.0835171740703,96
2024-09-18 10:45:02.692000,413.0822550397061,15
2024-09-18 10:45:02.693000,413.0656148668682,96
2024-09-18 10:45:02.716000,413.0906984294078,15
2024-09-18 10:45:02.721000,413.1220428883302,14
2024-09-18 10:45:02.746000,413.1574048526985,8
2024-09-18 10:45:02.762000,413.1469121041918,1005
2024-09-18 10:45:02.801000,413.0768133098268,10
2024-09-18 10:45:02.821000,413.0547342884362,100
2024-09-18 10:45:02.829000,413.14104954121535,99
2024-09-18 10:45:02.868000,413.0913735600151,14
2024-09-18 10:45:02.883000,413.08311788264274,5
2024-09-18 10:45:02.901000,413.0655298887781,11
2024-09-18 10:45:02.901000,413.0736660298194,997
2024-09-18 10:45:02.910000,413.1138573826137,998
2024-09-18 10:45:02.985000,413.16183654032704,1003
2024-09-18 10:45:03.009000,413.0963688775775,995
2024-09-18 10:45:03.057000,413.057118250396,13
2024-09-18 10:45:03.119000,413.0747085526392,9
2024-09-18 10:45:03.150000,413.0499912165329,15
2024-09-18 10:45:03.153000,413.081363422972,97
2024-09-18 10:45:03.280000,413.0506437843758,996
2024-09-18 10:45:03.301000,413.05337989643306,1003
2024-09-18 10:45:03.446000,413.0607071556176,7
2024-09-18 10:45:03.548000,413.0409102722692,1005
2024-09-18 10:45:03.594000,413.0675918491728,11
2024-09-18 10:45:03.613000,413.0519596400155,1001
2024-09-18 10:45:03.648000,413.0487115375943,99
2024-09-18 10:45:03.921000,413.0499729881319,105
2024-09-18 10:45:04.259000,413.0414906710485,999
2024-09-18 10:45:04.548000,413.0350169848315,998
2024-09-18 10:45:04.603000,413.0366525550656,101
2024-09-18 10:45:05.177000,413.0299178145335,9
2024-09-18 10:45:05.298000,413.0271759858624,102
2024-09-18 10:45:05.312000,413.0033795250392,102
2024-09-18 10:45:05.370000,412.9925124207399,6
2024-09-18 10:45:05.521000,412.99226824382896,1003
2024-09-18 10:45:05.797000,413.0110089290989,11
2024-09-18 10:45:05.901000,413.0157603432669,1002
2024-09-18 10:45:06.389000,413.0246439587088,1004
2024-09-18 10:45:06.422000,413.02143652275953,1000
2024-09-18 10:45:07.082000,413.02504716123207,104
2024-09-18 10:45:07.122000,413.03347209749074,7
2024-09-18 10:45:07.203000,413.05604977845394,995
2024-09-18 10:45:07.230000,413.0413518011428,999
2024-09-18 10:45:07.341000,413.0600099811375,96
2024-09-18 10:45:07.389000,413.0189201478887,99
2024-09-18 10:45:07.459000,413.03554513598215,11
2024-09-18 10:45:07.588000,413.03901300821553,996
2024-09-18 10:45:07.601000,413.0660610340405,998
2024-09-18 10:45:07.616000,413.0407993865076,11
2024-09-18 10:45:07.634000,413.0472720434748,11
2024-09-18 10:45:07.724000,413.03924066511377,997
2024-09-18 10:45:07.899000,413.02570351593454,105
2024-09-18 10:45:08.018000,412.989083445267,104
2024-09-18 10:45:08.029000,413.0024624223864,997
2024-09-18 10:45:08.064000,412.9891603909742,996
2024-09-18 10:45:08.114000,412.9896598582389,96
2024-09-18 10:45:08.119000,412.99579130550586,101
2024-09-18 10:45:08.120000,412.9764105081509,13
2024-09-18 10:45:08.315000,412.9780484643824,7
2024-09-18 10:45:08.324000,413.0306752093913,103
2024-09-18 10:45:08.359000,413.01597169637097,101
2024-09-18 10:45:08.387000,412.9835049219407,103
2024-09-18 10:45:08.442000,413.0217859783246,10
2024-09-18 10:45:08.457000,412.9345170293708,6
2024-09-18 10:45:08.557000,412.94623218633575,12
2024-09-18 10:45:08.576000,412.9838182188328,996
2024-09-18 10:45:08.604000,413.0098205977512,103
2024-09-18 10:45:08.606000,412.9834478383706,8
2024-09-18 10:45:08.609000,412.9470113446392,99
2024-09-18 10:45:08.704000,412.9844742665761,100
2024-09-18 10:45:08.707000,412.9718215209238,997
2024-09-18 10:45:08.721000,413.0074536827543,6
2024-09-18 10:45:08.742000,412.97798236975706,97
2024-09-18 10:45:08.768000,412.97392705855214,1003
2024-09-18 10:45:08.803000,413.0153669429052,97
2024-09-18 10:45:08.807000,412.9814435771471,5
2024-09-18 10:45:08.834000,412.9605121711551,101
2024-09-18 10:45:08.884000,412.96020601213024,1004
2024-09-18 10:45:08.953000,413.0075794197778,998
2024-09-18 10:45:08.976000,412.9877020929052,15
2024-09-18 10:45:09.008000,412.9615238233063,101
2024-09-18 10:45:09.026000,412.9717558224916,14
2024-09-18 10:45:09.052000,413.0033619289951,100
2024-09-18 10:45:09.065000,412.9682446707419,998
2024-09-18 10:45:09.065000,412.9710270109062,1005
2024-09-18 10:45:09.079000,412.9690387774051,1002
2024-09-18 10:45:09.135000,412.9677775832898,7
2024-09-18 10:45:09.210000,412.93412243383057,996
2024-09-18 10:45:09.221000,412.970502305344,996
2024-09-18 10:45:09.243000,412.96913671373176,99
2024-09-18 10:45:09.288000,412.9705770009145,103
2024-09-18 10:45:09.386000,412.9918604954044,95
2024-09-18 10:45:09.436000,412.9303381619716,9
2024-09-18 10:45:09.524000,412.9461894669611,13
2024-09-18 10:45:09.545000,412.9690630263644,1000
2024-09-18 10:45:09.599000,412.9705310357367,10
2024-09-18 10:45:09.631000,412.97848973731374,103
2024-09-18 10:45:09.647000,412.9862848855848,99
2024-09-18 10:45:09.715000,412.9870680952848,8
2024-09-18 10:45:09.731000,412.952567645123,8
2024-09-18 10:45:09.766000,412.9797401851377,997
2024-09-18 10:45:09.816000,412.96282183791857,100
2024-09-18 10:45:09.855000,412.9668195100393,1003
2024-09-18 10:45:09.978000,413.01545901484144,995
2024-09-18 10:45:10.204000,413.002792181444,95
2024-09-18 10:45:10.291000,412.9793708448928,998
2024-09-18 10:45:10.352000,413.00615945373534,999
2024-09-18 10:45:10.506000,413.0023902943309,102
2024-09-18 10:45:10.559000,413.00759260386434,995
2024-09-18 10:45:10.566000,412.9592368502346,103
2024-09-18 10:45:10.582000,413.0025012090799,15
2024-09-18 10:45:10.651000,412.9936825107217,95
2024-09-18 10:45:10.669000,413.01333039696505,99
2024-09-18 10:45:10.701000,413.0091398269121,12
2024-09-18 10:45:10.797000,413.0111543826915,1005
2024-09-18 10:45:10.828000,413.01941739769023,996
2024-09-18 10:45:10.835000,413.0213546133824,1004
2024-09-18 10:45:10.839000,413.0121802523474,8
2024-09-18 10:45:10.873000,413.03314403490725,99
2024-09-18 10:45:10.884000,412.9826032212645,104
2024-09-18 10:45:11.105000,412.94186452443415,999
2024-09-18 10:45:11.118000,412.9697280029102,1003
2024-09-18 10:45:11.125000,412.97460516000217,101
2024-09-18 10:45:11.139000,412.9551152182999,999
2024-09-18 10:45:11.225000,412.9427976629641,998
2024-09-18 10:45:11.308000,412.98604383122967,1002
2024-09-18 10:45:11.350000,412.9803757209081,997
2024-09-18 10:45:11.428000,412.9545063153553,100
2024-09-18 10:45:11.436000,412.9385033253046,96
2024-09-18 10:45:11.456000,412.95194037503575,101
2024-09-18 10:45:11.458000,412.9416769038479,101
2024-09-18 10:45:11.509000,412.9345682461336,1000
2024-09-18 10:45:11.548000,412.9804232603361,102
2024-09-18 10:45:11.620000,412.9407109062145,996
2024-09-18 10:45:11.627000,412.9399838862093,11
2024-09-18 10:45:11.679000,412.99594098276185,1002
2024-09-18 10:45:11.708000,412.9417731745872,1003
2024-09-18 10:45:11.714000,412.95260650830267,995
2024-09-18 10:45:11.718000,412.96308200021855,101
2024-09-18 10:45:11.889000,412.9660797636981,98
2024-09-18 10:45:11.957000,412.9407973636977,995
2024-09-18 10:45:11.976000,412.9481696673029,100
2024-09-18 10:45:12.004000,412.964525821065,96
2024-09-18 10:45:12.021000,412.99837208357314,997
2024-09-18 10:45:12.038000,412.9552122776143,12
2024-09-18 10:45:12.074000,412.97472207081455,5
2024-09-18 10:45:12.079000,412.9729648756696,7
2024-09-18 10:45:12.123000,412.9597493047384,105
2024-09-18 10:45:12.222000,412.9890324419584,995
2024-09-18 10:45:12.234000,412.9885062790063,11
2024-09-18 10:45:12.249000,412.9641397357658,98
2024-09-18 10:45:12.270000,412.9719879811223,5
2024-09-18 10:45:12.336000,412.9499108624828,1001
2024-09-18 10:45:12.417000,412.98231597646816,11
2024-09-18 10:45:12.420000,412.9832665895409,102
2024-09-18 10:45:12.565000,412.9720936144188,14
2024-09-18 10:45:12.587000,412.98954128285686,1003
2024-09-18 10:45:12.617000,412.9889500682195,95
2024-09-18 10:45:12.634000,412.9807098670612,6
2024-09-18 10:45:12.645000,413.0004611023345,95
2024-09-18 10:45:12.657000,412.992770164602,8
2024-09-18 10:45:12.705000,412.9784067571663,1004
2024-09-18 10:45:12.774000,412.9954864660996,104
2024-09-18 10:45:12.809000,413.0064369065516,14
2024-09-18 10:45:12.865000,413.0066591836115,10
2024-09-18 10:45:12.894000,412.9672262950487,96
2024-09-18 10:45:12.908000,412.9808357453448,1002
2024-09-18 10:45:12.931000,412.9874622291218,1005
2024-09-18 10:45:12.935000,412.9914306342796,995
2024-09-18 10:45:12.962000,412.9912731336979,9
2024-09-18 10:45:13.281000,413.0356466512483,104
2024-09-18 10:45:13.326000,412.98009731612166,9
2024-09-18 10:45:13.365000,412.98810002513767,5
2024-09-18 10:45:13.391000,413.03143915889984,12
2024-09-18 10:45:13.395000,413.0047475556548,10
2024-09-18 10:45:13.413000,413.056191981297,98
2024-09-18 10:45:13.594000,412.97581565432336,15
2024-09-18 10:45:13.798000,413.05788614297023,97
2024-09-18 10:45:13.935000,413.0401928292815,9
2024-09-18 10:45:13.972000,413.0134970607799,15
2024-09-18 10:45:14.008000,413.0028456292515,1000
2024-09-18 10:45:14.030000,413.0381266296739,8
2024-09-18 10:45:14.198000,413.01574769039576,998
2024-09-18 10:45:14.292000,413.0034911472844,1002
2024-09-18 10:45:14.292000,413.0185600995506,99
2024-09-18 10:45:14.327000,413.0048523503589,96
2024-09-18 10:45:14.404000,413.00421285700907,13
2024-09-18 10:45:14.523000,413.0302472649674,1002
2024-09-18 10:45:14.640000,413.0166024176575,99
2024-09-18 10:45:14.786000,413.0178078425848,997
2024-09-18 10:45:14.853000,413.0160307602217,102
2024-09-18 10:45:14.903000,413.0168397845071,101
2024-09-18 10:45:14.917000,413.02351894082153,10
2024-09-18 10:45:14.966000,413.0036671216452,15
2024-09-18 10:45:15.073000,412.9907988732204,1005
2024-09-18 10:45:15.147000,412.9718757644048,99
2024-09-18 10:45:15.279000,412.9851832999446,8
2024-09-18 10:45:15.358000,412.9776700141858,103
2024-09-18 10:45:15.437000,413.058718095701,1004
2024-09-18 10:45:15.484000,413.0041264705448,95
2024-09-18 10:45:15.513000,412.9943677991405,12
2024-09-18 10:45:15.522000,413.02368023647455,1005
2024-09-18 10:45:15.548000,413.065554742606,998
2024-09-18 10:45:15.656000,412.9723161004566,9
2024-09-18 10:45:15.669000,413.0272960595423,996
2024-09-18 10:45:15.703000,413.0162009725653,14
2024-09-18 10:45:15.761000,413.057209107897,11
2024-09-18 10:45:15.780000,413.0006097277791,1002
2024-09-18 10:45:15.920000,413.0524778795676,995
2024-09-18 10:45:15.939000,412.9669134970648,9
2024-09-18 10:45:15.946000,413.0223254138238,8
2024-09-18 10:45:15.980000,413.0360619101456,995
2024-09-18 10:45:15.985000,413.060005876334,98
2024-09-18 10:45:16.006000,413.0220363149697,10
2024-09-18 10:45:16.022000,412.9998787247905,1001
2024-09-18 10:45:16.081000,413.0032401538684,15
2024-09-18 10:45:16.089000,413.0375124156261,104
2024-09-18 10:45:16.223000,413.0417282209374,15
2024-09-18 10:45:16.259000,413.0273071992461,1003
2024-09-18 10:45:16.273000,413.05236211926285,101
2024-09-18 10:45:16.392000,413.0506613339959,100
2024-09-18 10:45:16.403000,413.0430531232428,999
2024-09-18 10:45:16.478000,413.0063130844924,7
2024-09-18 10:45:16.503000,413.03160649074135,1003
2024-09-18 10:45:16.578000,413.036164648456,7
2024-09-18 10:45:16.582000,413.042646420044,1004
2024-09-18 10:45:16.582000,413.02247374643554,12
2024-09-18 10:45:16.657000,413.0158770514053,995
2024-09-18 10:45:16.733000,413.0200684245316,1004
2024-09-18 10:45:16.804000,413.0249582991029,995
2024-09-18 10:45:16.844000,413.0061808963508,996
2024-09-18 10:45:17.024000,413.0787409804935,96
2024-09-18 10:45:17.145000,413.0163046655775,996
2024-09-18 10:45:17.148000,413.0156492927989,104
2024-09-18 10:45:17.187000,413.09680332797706,13
2024-09-18 10:45:17.232000,413.016820647249,7
2024-09-18 10:45:17.261000,413.0353923213854,14
2024-09-18 10:45:17.284000,413.0081381999248,98
2024-09-18 10:45:17.314000,413.095780708728,96
2024-09-18 10:45:17.447000,413.0769109417655,13
2024-09-18 10:45:17.478000,413.0231728781683,95
2024-09-18 10:45:17.523000,413.0670177086718,5
2024-09-18 10:45:17.553000,413.0826564082678,1001
2024-09-18 10:45:17.594000,413.05371991923903,13
2024-09-18 10:45:17.690000,413.01353376950686,99
2024-09-18 10:45:17.717000,413.0529395494557,100
2024-09-18 10:45:17.759000,413.0638152715045,96
2024-09-18 10:45:17.771000,413.10319696120257,996
2024-09-18 10:45:17.778000,412.9981628569453,99
2024-09-18 10:45:17.829000,413.07104738986857,999
2024-09-18 10:45:17.867000,413.0125558860973,1004
2024-09-18 10:45:17.868000,413.058378907782,5
2024-09-18 10:45:17.882000,413.0509042857522,8
2024-09-18 10:45:17.896000,413.0254333812132,10
2024-09-18 10:45:17.919000,413.0130411479191,100
2024-09-18 10:45:17.924000,413.07923484140207,1000
2024-09-18 10:45:18.023000,413.0609238482773,95
2024-09-18 10:45:18.037000,413.0487643380145,1004
2024-09-18 10:45:18.360000,413.0805044813704,1004
2024-09-18 10:45:18.447000,413.04130097330574,15
2024-09-18 10:45:18.654000,413.08039902660295,1002
2024-09-18 10:45:18.699000,413.0635667551207,999
2024-09-18 10:45:18.737000,413.0674840755301,1000
2024-09-18 10:45:18.800000,413.0743275865264,1000
2024-09-18 10:45:19.146000,413.08891431258206,1004
2024-09-18 10:45:21.017000,413.038261138104,5
2024-09-18 10:45:21.029000,413.07667932975176,97
2024-09-18 10:45:21.107000,413.0475470391522,1005
2024-09-18 10:45:21.154000,413.04326443237966,1003
2024-09-18 10:45:21.163000,413.0794146464012,12
2024-09-18 10:45:21.253000,413.0501803707992,9
2024-09-18 10:45:21.263000,413.0420518423324,101
2024-09-18 10:45:21.292000,413.028899982077,5
2024-09-18 10:45:21.333000,413.0618514919067,102
2024-09-18 10:45:21.357000,413.0469654174817,101
2024-09-18 10:45:21.406000,413.07236446140433,100
2024-09-18 10:45:21.414000,413.0954986822418,95
2024-09-18 10:45:21.552000,413.0386373352784,1001
2024-09-18 10:45:21.658000,413.0161995475806,15
2024-09-18 10:45:22.078000,413.0056383011364,6
2024-09-18 10:45:22.149000,412.9719223018275,7
2024-09-18 10:45:22.239000,412.9804620793661,14
2024-09-18 10:45:22.298000,413.0049552353813,10
2024-09-18 10:45:22.386000,412.992768460887,995
2024-09-18 10:45:22.402000,412.9774496482493,1002
2024-09-18 10:45:22.475000,413.02827331856696,8
2024-09-18 10:45:22.560000,412.9971504194658,1001
2024-09-18 10:45:22.561000,413.0177681720488,999
2024-09-18 10:45:22.562000,413.0326289581538,102
2024-09-18 10:45:22.651000,413.0180740836519,104
2024-09-18 10:45:22.681000,412.9954526595536,98
2024-09-18 10:45:22.694000,413.0188217690008,14
2024-09-18 10:45:22.766000,412.9824976583002,101
2024-09-18 10:45:22.799000,412.9717169843183,95
2024-09-18 10:45:22.811000,413.00832114991454,1005
2024-09-18 10:45:22.831000,412.9874090012319,997
2024-09-18 10:45:22.868000,412.9965612162214,103
2024-09-18 10:45:22.893000,413.0216680204877,102
2024-09-18 10:45:22.923000,413.00009136102864,12
2024-09-18 10:45:22.956000,412.97412565541225,10
2024-09-18 10:45:23.034000,413.0005690559842,12
2024-09-18 10:45:23.155000,413.0147408215591,1001
2024-09-18 10:45:23.209000,413.0255567647272,8
2024-09-18 10:45:23.363000,413.0041168931014,102
2024-09-18 10:45:23.540000,412.9887802494412,998
2024-09-18 10:45:23.541000,413.0121791411267,96
2024-09-18 10:45:23.643000,412.9914477476309,11
2024-09-18 10:45:23.659000,412.99129197522,996
2024-09-18 10:45:23.743000,413.007904638809,12
2024-09-18 10:45:23.820000,413.0005001740628,1001
2024-09-18 10:45:23.912000,412.99052191953,995
2024-09-18 10:45:23.915000,413.0387311158356,97
2024-09-18 10:45:23.976000,413.0063848537902,13
2024-09-18 10:45:23.999000,413.0166452643442,103
2024-09-18 10:45:24.012000,412.99474706763897,995
2024-09-18 10:45:24.021000,413.0031784767816,102
2024-09-18 10:45:24.072000,412.97784733074405,1004
2024-09-18 10:45:24.186000,412.9913640555785,95
2024-09-18 10:45:24.228000,412.994860379576,1003
2024-09-18 10:45:24.302000,412.9940084385127,102
2024-09-18 10:45:24.319000,413.01178309597225,97
2024-09-18 10:45:24.362000,412.9891650221698,98
2024-09-18 10:45:24.377000,413.00360366914987,7
2024-09-18 10:45:24.435000,412.9574566634032,102
2024-09-18 10:45:24.506000,412.9752423521191,103
2024-09-18 10:45:24.559000,412.9930700673529,996
2024-09-18 10:45:24.603000,412.9805471511261,1005
2024-09-18 10:45:24.638000,412.98466495877705,1000
2024-09-18 10:45:24.651000,412.9679120999194,102
2024-09-18 10:45:24.660000,412.9957480782114,6
2024-09-18 10:45:24.684000,412.9934261909813,98
2024-09-18 10:45:24.742000,413.0042571638999,12
2024-09-18 10:45:24.790000,412.9832092772973,9
2024-09-18 10:45:24.841000,412.9911700834612,14
2024-09-18 10:45:24.853000,412.9777004137924,10
2024-09-18 10:45:24.880000,412.9661820529777,14
2024-09-18 10:45:24.906000,413.01211531777903,99
2024-09-18 10:45:24.979000,412.9843157223558,6
2024-09-18 10:45:24.982000,413.0094956096359,97
2024-09-18 10:45:24.997000,412.998128262515,1002
2024-09-18 10:45:25.399000,413.0348628276825,5
2024-09-18 10:45:25.417000,412.9787412434279,1000
2024-09-18 10:45:25.538000,413.0152714889101,104
2024-09-18 10:45:25.598000,413.03598982993776,101
2024-09-18 10:45:25.668000,413.0108610288038,999
2024-09-18 10:45:25.684000,412.99840774702375,1004
2024-09-18 10:45:25.741000,413.0164143313801,103
2024-09-18 10:45:26.267000,413.0245003718462,101
2024-09-18 10:45:26.891000,413.0514194833297,5
2024-09-18 10:45:27.637000,413.0444949234668,104
2024-09-18 10:45:28.003000,413.02349482071867,1002
2024-09-18 10:45:28.190000,413.0283465564532,6
2024-09-18 10:45:28.288000,413.01684880158246,12
2024-09-18 10:45:29.110000,413.0137728117216,1005
2024-09-18 10:45:29.176000,413.0229969377987,95
2024-09-18 10:45:29.182000,413.0100760778509,95
2024-09-18 10:45:29.206000,413.006170873744,103
2024-09-18 10:45:29.367000,413.0108388270356,104
2024-09-18 10:45:29.374000,413.009826628484,95
2024-09-18 10:45:29.375000,413.0267048111464,15
2024-09-18 10:45:29.553000,413.0152122341733,1001
2024-09-18 10:45:29.587000,413.0011995405831,105
2024-09-18 10:45:29.672000,413.0060995833365,996
2024-09-18 10:45:29.726000,413.0080823580416,1003
2024-09-18 10:45:29.729000,413.0141408220225,997
2024-09-18 10:45:29.753000,413.0203346106128,1000
2024-09-18 10:45:29.781000,413.01929025912114,8
2024-09-18 10:45:29.849000,413.0196620272672,995
2024-09-18 10:45:29.929000,412.9947000859565,15
2024-09-18 10:45:29.942000,413.00776049189295,1005
2024-09-18 10:45:30.014000,413.01733025934175,104
2024-09-18 10:45:30.206000,413.0036606082165,1002
2024-09-18 10:45:30.296000,413.0019030902828,997
2024-09-18 10:45:30.375000,412.98706255406137,8
2024-09-18 10:45:30.509000,413.0022800319622,15
2024-09-18 10:45:30.532000,413.0105787802586,1002
2024-09-18 10:45:30.601000,413.0050866516478,13
2024-09-18 10:45:30.674000,413.0191042142561,101
2024-09-18 10:45:30.789000,413.0018658489667,8
2024-09-18 10:45:30.830000,413.0000608292378,101
2024-09-18 10:45:30.876000,412.97608442446096,1000
2024-09-18 10:45:31.019000,413.0594982730857,1000
2024-09-18 10:45:31.068000,413.0742458016628,10
2024-09-18 10:45:31.172000,413.0578613045756,997
2024-09-18 10:45:31.282000,413.0769867830013,99
2024-09-18 10:45:31.308000,413.0752018352876,96
2024-09-18 10:45:31.395000,413.0852832194665,998
2024-09-18 10:45:31.576000,413.0515358973345,1004
2024-09-18 10:45:31.601000,413.0718005623597,995
2024-09-18 10:45:31.609000,413.04057023030094,14
2024-09-18 10:45:31.737000,413.03799299530056,996
2024-09-18 10:45:31.747000,413.02933466323344,9
2024-09-18 10:45:31.783000,413.110948667628,12
2024-09-18 10:45:31.816000,413.04850738518695,7
2024-09-18 10:45:31.832000,413.0315258826027,15
2024-09-18 10:45:31.857000,413.0713712690252,1001
2024-09-18 10:45:31.886000,413.0783874272991,996
2024-09-18 10:45:31.925000,413.098318725295,997
2024-09-18 10:45:32.083000,413.07956985250513,101
2024-09-18 10:45:32.112000,413.12723657637815,997
2024-09-18 10:45:32.155000,413.09991128533375,998
2024-09-18 10:45:32.190000,413.1350154877777,15
2024-09-18 10:45:32.203000,413.1185243577213,98
2024-09-18 10:45:32.281000,413.1477471963922,13
2024-09-18 10:45:32.355000,413.1343285088346,7
2024-09-18 10:45:32.361000,413.1126721822064,101
2024-09-18 10:45:32.367000,413.1464840221976,1002
2024-09-18 10:45:32.457000,413.0889080857672,1005
2024-09-18 10:45:32.514000,413.1159517516591,14
2024-09-18 10:45:32.531000,413.1109927237956,14
2024-09-18 10:45:32.551000,413.1222174658643,103
2024-09-18 10:45:32.555000,413.10530765335625,996
2024-09-18 10:45:32.599000,413.1012045220533,7
2024-09-18 10:45:32.758000,413.13656302891735,8
2024-09-18 10:45:32.762000,413.0848378121495,998
2024-09-18 10:45:32.797000,413.12942668426285,105
2024-09-18 10:45:32.862000,413.1348432269357,6
2024-09-18 10:45:32.959000,413.1257835371725,102
2024-09-18 10:45:33.037000,413.1098307661449,997
2024-09-18 10:45:33.093000,413.0965325900637,8
2024-09-18 10:45:33.185000,413.12061410124886,98
2024-09-18 10:45:33.268000,413.09511321561007,105
2024-09-18 10:45:33.383000,413.1111975251755,1004
2024-09-18 10:45:33.414000,413.1114737981877,105
2024-09-18 10:45:33.632000,413.1081558239768,1000
2024-09-18 10:45:33.879000,413.117392641124,99
2024-09-18 10:45:33.955000,413.0854973798274,103
2024-09-18 10:45:34.022000,413.0310633598581,997
2024-09-18 10:45:34.028000,413.0320326148,1005
2024-09-18 10:45:34.060000,413.0414197482275,1001
2024-09-18 10:45:34.112000,413.0071038200981,1001
2024-09-18 10:45:34.198000,413.0472932821197,14
2024-09-18 10:45:34.202000,413.00551818389175,10
2024-09-18 10:45:34.251000,413.03612999123663,5
2024-09-18 10:45:34.323000,413.00569404389273,1003
2024-09-18 10:45:34.342000,413.0402377568589,99
2024-09-18 10:45:34.368000,413.0045758278134,102
2024-09-18 10:45:34.402000,413.0853945340441,103
2024-09-18 10:45:34.406000,413.02292011679685,1001
2024-09-18 10:45:34.505000,413.0930379565527,1000
2024-09-18 10:45:34.646000,413.0427283751142,99
2024-09-18 10:45:34.704000,413.0813751366695,15
2024-09-18 10:45:34.723000,413.0810936157208,100
2024-09-18 10:45:34.730000,413.0273599576682,103
2024-09-18 10:45:34.786000,413.10673384512336,7
2024-09-18 10:45:34.834000,413.0839064902426,15
2024-09-18 10:45:34.926000,413.0620031055347,1002
2024-09-18 10:45:35.251000,413.069177917905,11
2024-09-18 10:45:35.399000,413.0880675614491,12
2024-09-18 10:45:35.543000,413.02087401542553,105
2024-09-18 10:45:35.558000,413.0571924357613,99
2024-09-18 10:45:35.573000,413.06079317278375,100
2024-09-18 10:45:35.671000,413.1009193984612,1005
2024-09-18 10:45:35.746000,413.0795669499321,95
2024-09-18 10:45:36.048000,413.1181957168885,9
2024-09-18 10:45:36.061000,413.1137837591667,1002
2024-09-18 10:45:36.137000,413.1365567549113,997
2024-09-18 10:45:36.233000,413.1030078343646,1005
2024-09-18 10:45:36.278000,413.1308101868642,96
2024-09-18 10:45:36.314000,413.12636568876167,102
2024-09-18 10:45:36.316000,413.1222001959656,995
2024-09-18 10:45:36.323000,413.12498039068606,10
2024-09-18 10:45:36.360000,413.0874643434418,15
2024-09-18 10:45:36.404000,413.057305468,6
2024-09-18 10:45:36.419000,413.1082938792815,1000
2024-09-18 10:45:36.492000,413.11462648933326,7
2024-09-18 10:45:36.509000,413.1048317654052,999
2024-09-18 10:45:36.529000,413.1290887548061,15
2024-09-18 10:45:36.607000,413.12255125407233,14
2024-09-18 10:45:36.610000,413.1114949843114,102
2024-09-18 10:45:36.689000,413.115961442896,995
2024-09-18 10:45:36.708000,413.086353921726,6
2024-09-18 10:45:36.756000,413.0925178460096,105
2024-09-18 10:45:36.761000,413.123111407143,103
2024-09-18 10:45:36.811000,413.1199425870968,102
2024-09-18 10:45:36.852000,413.11267509320777,7
2024-09-18 10:45:36.960000,413.0778153727734,8
2024-09-18 10:45:36.994000,413.09348491190406,9
2024-09-18 10:45:37.049000,413.0531808961094,1005
2024-09-18 10:45:37.138000,413.0394180845399,997
2024-09-18 10:45:37.177000,413.05027785450494,12
2024-09-18 10:45:37.520000,413.061708961831,97
2024-09-18 10:45:37.544000,413.0443410182077,1000
2024-09-18 10:45:37.546000,413.0614429661948,12
2024-09-18 10:45:37.550000,413.06300190148767,997
2024-09-18 10:45:37.640000,413.05848326145946,1003
2024-09-18 10:45:37.648000,413.0431001618588,97
2024-09-18 10:45:37.685000,413.0148680104194,98
2024-09-18 10:45:37.711000,413.0508589494318,996
2024-09-18 10:45:37.790000,413.0257761826446,999
2024-09-18 10:45:37.818000,413.01985058130026,104
2024-09-18 10:45:37.882000,413.0367229896226,105
2024-09-18 10:45:37.890000,413.0408138295906,104
2024-09-18 10:45:37.922000,413.0459147783032,999
2024-09-18 10:45:37.990000,413.0267327571254,996
2024-09-18 10:45:38.027000,412.99842951393794,998
2024-09-18 10:45:38.050000,412.9938614235829,100
2024-09-18 10:45:38.059000,412.989721626892,10
2024-09-18 10:45:38.196000,412.99633183049934,7
2024-09-18 10:45:38.204000,413.01028584947375,1002
2024-09-18 10:45:38.425000,413.0265256085757,104
2024-09-18 10:45:38.450000,413.0169064525187,100
2024-09-18 10:45:38.469000,412.9714487938261,10
2024-09-18 10:45:38.514000,412.9973186363515,104
2024-09-18 10:45:38.575000,413.0371313201654,102
2024-09-18 10:45:38.674000,412.9512663862909,96
2024-09-18 10:45:38.702000,412.9562145113792,10
2024-09-18 10:45:38.795000,412.9979227223602,1003
2024-09-18 10:45:38.881000,412.95555940135625,7
2024-09-18 10:45:38.906000,412.9570490905172,5
2024-09-18 10:45:38.975000,412.9953233372676,995
2024-09-18 10:45:39.042000,412.9592067369636,15
2024-09-18 10:45:39.069000,412.98172066529264,5
2024-09-18 10:45:39.090000,412.96875378030376,10
2024-09-18 10:45:39.225000,412.9634116660875,6
2024-09-18 10:45:39.239000,412.9603262691247,101
2024-09-18 10:45:39.285000,413.0042761831957,12
2024-09-18 10:45:39.306000,412.9801384696107,104
2024-09-18 10:45:39.339000,412.97713978887913,1002
2024-09-18 10:45:39.672000,412.9441393812524,1000
2024-09-18 10:45:39.711000,412.97990031652967,96
2024-09-18 10:45:39.712000,412.9892090148242,996
2024-09-18 10:45:39.712000,412.95680839407504,100
2024-09-18 10:45:39.721000,412.95492998708914,1001
2024-09-18 10:45:39.730000,412.9723825271176,995
2024-09-18 10:45:39.741000,413.0022435038586,15
2024-09-18 10:45:39.780000,413.0052266563778,996
2024-09-18 10:45:39.908000,412.9672496988155,99
2024-09-18 10:45:39.915000,413.001990008992,6
2024-09-18 10:45:40.292000,412.955741227335,9
2024-09-18 10:45:40.412000,412.9662631648344,7
2024-09-18 10:45:40.503000,412.95591328380993,7
2024-09-18 10:45:40.538000,412.9732954490142,105
2024-09-18 10:45:40.984000,412.9470775742041,996
2024-09-18 10:45:41.135000,412.9846568760487,1005
2024-09-18 10:45:41.156000,413.0791743347876,102
2024-09-18 10:45:41.182000,413.0450937174489,11
2024-09-18 10:45:41.220000,412.9986967279493,5
2024-09-18 10:45:41.356000,412.9913182791726,12
2024-09-18 10:45:41.490000,412.9694823252004,8
2024-09-18 10:45:41.516000,412.9714124431426,102
2024-09-18 10:45:41.554000,412.9530038615359,13
2024-09-18 10:45:41.639000,413.0793331420616,13
2024-09-18 10:45:41.768000,413.05137497035406,8
2024-09-18 10:45:41.782000,413.074723960338,95
2024-09-18 10:45:41.968000,413.0006743298356,1004
2024-09-18 10:45:42.276000,413.0570160770632,104
2024-09-18 10:45:42.563000,413.0329107676079,96
2024-09-18 10:45:42.614000,413.042633879268,99
2024-09-18 10:45:42.818000,413.046655550047,999
2024-09-18 10:45:43,413.0491887403682,1001
2024-09-18 10:45:43.138000,413.04355714372025,15
2024-09-18 10:45:43.141000,413.043937146761,100
2024-09-18 10:45:43.441000,413.050384485223,102
2024-09-18 10:45:43.573000,413.0215737466216,101
2024-09-18 10:45:43.671000,413.0493463642408,7
2024-09-18 10:45:44.008000,413.0652123225107,1005
2024-09-18 10:45:44.158000,413.0799672978801,100
2024-09-18 10:45:44.818000,413.0346996002659,996
2024-09-18 10:45:44.849000,413.0699299534643,99
2024-09-18 10:45:44.898000,413.07823637417965,1003
2024-09-18 10:45:44.924000,413.0376643626605,1004
2024-09-18 10:45:44.964000,413.0421223333775,999
2024-09-18 10:45:45.086000,413.0258586439234,999
2024-09-18 10:45:45.105000,413.0255637744859,1003
2024-09-18 10:45:45.114000,413.0430192755587,100
2024-09-18 10:45:45.273000,413.03223594258793,1000
2024-09-18 10:45:45.324000,413.0390306611389,100
2024-09-18 10:45:45.399000,413.0389269279097,9
2024-09-18 10:45:45.410000,413.0195090317508,8
2024-09-18 10:45:45.467000,413.0427487698169,97
2024-09-18 10:45:45.520000,413.05224432765937,104
2024-09-18 10:45:45.523000,413.0278221886241,15
2024-09-18 10:45:45.578000,413.0381915778079,996
2024-09-18 10:45:45.592000,413.0246201530596,11
2024-09-18 10:45:45.751000,413.03610288658393,104
2024-09-18 10:45:45.796000,413.0557796600489,1003
2024-09-18 10:45:45.834000,413.0324786608865,14
2024-09-18 10:45:45.892000,413.0322937912252,10
2024-09-18 10:45:45.997000,413.0444120694987,15
2024-09-18 10:45:46.192000,413.0423204954653,101
2024-09-18 10:45:46.200000,413.0052791824311,14
2024-09-18 10:45:46.237000,413.10960935113343,997
2024-09-18 10:45:46.268000,413.0344414696156,9
2024-09-18 10:45:46.288000,413.03970218168337,105
2024-09-18 10:45:46.424000,413.1082884340837,999
2024-09-18 10:45:46.470000,413.0410833058413,1000
2024-09-18 10:45:46.479000,413.0680405167151,1005
2024-09-18 10:45:46.491000,413.07189015824457,1004
2024-09-18 10:45:46.575000,413.0270763994144,11
2024-09-18 10:45:46.582000,413.04059957676975,96
2024-09-18 10:45:46.622000,413.03277228288624,5
2024-09-18 10:45:46.625000,413.1177873090336,14
2024-09-18 10:45:46.645000,413.0513595854446,101
2024-09-18 10:45:46.668000,413.03981610451547,6
2024-09-18 10:45:46.696000,413.0371628340163,998
2024-09-18 10:45:46.702000,413.00667971814784,1004
2024-09-18 10:45:46.732000,413.015260609736,9
2024-09-18 10:45:46.741000,413.0207629062651,1001
2024-09-18 10:45:46.823000,413.0072101731004,11
2024-09-18 10:45:46.888000,413.02148862131486,12
2024-09-18 10:45:46.939000,413.0175463995618,1003
2024-09-18 10:45:46.970000,413.0974818973082,11
2024-09-18 10:45:46.973000,413.0284087522187,1005
2024-09-18 10:45:46.993000,413.0734792045525,101
2024-09-18 10:45:47.028000,413.1098021742308,104
2024-09-18 10:45:47.221000,413.0710900254309,1003
2024-09-18 10:45:47.314000,413.104594315756,95
2024-09-18 10:45:47.340000,413.0981482311136,1004
2024-09-18 10:45:47.369000,413.0873020121375,105
2024-09-18 10:45:47.418000,413.1007068103843,5
2024-09-18 10:45:47.812000,413.1056719130589,104
2024-09-18 10:45:47.818000,413.0873899641183,14
2024-09-18 10:45:48.019000,413.1258727296825,102
2024-09-18 10:45:48.076000,413.0936750752592,999
2024-09-18 10:45:48.083000,413.11886028882446,12
2024-09-18 10:45:48.126000,413.0867615157474,13
2024-09-18 10:45:48.275000,413.14525686229183,10
2024-09-18 10:45:48.360000,413.1359281771179,99
2024-09-18 10:45:48.365000,413.1173284765509,15
2024-09-18 10:45:48.432000,413.1228740900136,100
2024-09-18 10:45:48.489000,413.1180605577545,13
2024-09-18 10:45:48.572000,413.1302051114752,8
2024-09-18 10:45:48.845000,413.1186031831402,10
2024-09-18 10:45:48.920000,413.0964630980906,1001
2024-09-18 10:45:48.984000,413.11225804874175,6
2024-09-18 10:45:49.094000,413.1589919307976,997
2024-09-18 10:45:49.102000,413.1423000819077,999
2024-09-18 10:45:49.156000,413.1188521292564,997
2024-09-18 10:45:49.159000,413.13500566723474,102
2024-09-18 10:45:49.188000,413.1605594405237,1003
2024-09-18 10:45:49.273000,413.12524889876585,105
2024-09-18 10:45:49.304000,413.1579025300873,102
2024-09-18 10:45:49.493000,413.15645363649134,12
2024-09-18 10:45:49.721000,413.1779857867248,6
2024-09-18 10:45:49.788000,413.15819078968656,1002
2024-09-18 10:45:49.866000,413.1125910853708,98
2024-09-18 10:45:49.977000,413.1467737340994,102
2024-09-18 10:45:50.051000,413.1426693612243,103
2024-09-18 10:45:50.066000,413.132919260734,97
2024-09-18 10:45:50.131000,413.1490873314855,96
2024-09-18 10:45:50.131000,413.1270557526898,995
2024-09-18 10:45:50.294000,413.1415944196576,100
2024-09-18 10:45:50.416000,413.1500669022962,97
2024-09-18 10:45:50.439000,413.12662861549614,100
2024-09-18 10:45:50.461000,413.133498246261,101
2024-09-18 10:45:50.488000,413.122402119145,99
2024-09-18 10:45:50.495000,413.15356217531456,6
2024-09-18 10:45:50.523000,413.1107129398278,8
2024-09-18 10:45:50.574000,413.14630037619776,97
2024-09-18 10:45:50.592000,413.142373898143,1000
2024-09-18 10:45:50.784000,413.1450092985693,1003
2024-09-18 10:45:50.804000,413.14093985475074,102
2024-09-18 10:45:50.894000,413.10089776183554,11
2024-09-18 10:45:50.927000,413.09661530649805,96
2024-09-18 10:45:50.945000,413.14466828489134,998
2024-09-18 10:45:50.957000,413.1346815187898,1003
2024-09-18 10:45:51.111000,413.1806062111013,999
2024-09-18 10:45:51.137000,413.1751707831135,97
2024-09-18 10:45:51.262000,413.141476482207,1004
2024-09-18 10:45:51.302000,413.1823533263391,14
2024-09-18 10:45:51.326000,413.15685421169457,1004
2024-09-18 10:45:51.329000,413.16882753974073,13
2024-09-18 10:45:51.334000,413.17932516054606,6
2024-09-18 10:45:51.509000,413.1770600346232,6
2024-09-18 10:45:51.559000,413.1616816454612,105
2024-09-18 10:45:51.577000,413.1903972205685,998
2024-09-18 10:45:51.794000,413.17767877950337,7
2024-09-18 10:45:51.813000,413.1687720326869,10
2024-09-18 10:45:51.849000,413.1822125446882,105
2024-09-18 10:45:52.042000,413.1616562789306,5
2024-09-18 10:45:52.118000,413.13605703082953,10
2024-09-18 10:45:52.175000,413.1651671629526,5
2024-09-18 10:45:52.189000,413.1918832567509,100
2024-09-18 10:45:52.451000,413.1204896603126,996
2024-09-18 10:45:52.463000,413.1610242638829,98
2024-09-18 10:45:52.473000,413.1527722519783,1003
2024-09-18 10:45:52.547000,413.1440021046966,11
2024-09-18 10:45:52.627000,413.13286742075326,13
2024-09-18 10:45:52.750000,413.1136393385463,1004
2024-09-18 10:45:52.779000,413.143061143789,95
2024-09-18 10:45:52.789000,413.171329513818,5
2024-09-18 10:45:52.837000,413.1725643232549,105
2024-09-18 10:45:52.930000,413.1508192489876,101
2024-09-18 10:45:52.991000,413.1498673603352,9
2024-09-18 10:45:53.023000,413.1287809305636,995
2024-09-18 10:45:53.028000,413.1431106837432,103
2024-09-18 10:45:53.057000,413.14459320032097,995
2024-09-18 10:45:53.107000,413.13402189406526,98
2024-09-18 10:45:53.140000,413.123110991856,5
2024-09-18 10:45:53.157000,413.1282276038532,5
2024-09-18 10:45:53.159000,413.118814170355,1001
2024-09-18 10:45:53.190000,413.1199255542688,105
2024-09-18 10:45:53.249000,413.1269682730754,15
2024-09-18 10:45:53.279000,413.15174720512414,997
2024-09-18 10:45:53.303000,413.1071177502623,7
2024-09-18 10:45:53.349000,413.1338002438768,104
2024-09-18 10:45:53.392000,413.1163728525378,996
2024-09-18 10:45:53.395000,413.14519455245977,1002
2024-09-18 10:45:53.449000,413.1497247697936,13
2024-09-18 10:45:53.466000,413.1304946077751,5
2024-09-18 10:45:53.539000,413.1151673327944,15
2024-09-18 10:45:53.573000,413.1275376305006,12
2024-09-18 10:45:53.576000,413.1406433926908,99
2024-09-18 10:45:53.634000,413.1309114535759,9
2024-09-18 10:45:53.643000,413.1323531604019,98
2024-09-18 10:45:53.733000,413.1084924946184,95
2024-09-18 10:45:53.755000,413.1066068825639,99
2024-09-18 10:45:53.766000,413.1114268087085,1003
2024-09-18 10:45:53.817000,413.1177981826637,998
2024-09-18 10:45:53.867000,413.1389781906036,96
2024-09-18 10:45:53.870000,413.1191683423464,1005
2024-09-18 10:45:53.911000,413.1281484411192,15
2024-09-18 10:45:53.929000,413.1304463778776,995
2024-09-18 10:45:54.786000,413.1355491835869,999
2024-09-18 10:45:55.181000,413.12275223691466,1001
2024-09-18 10:45:55.360000,413.1255476592248,7
2024-09-18 10:45:55.529000,413.15617624508144,996
2024-09-18 10:45:55.585000,413.1221377252392,6
2024-09-18 10:45:55.658000,413.104234370829,13
2024-09-18 10:45:55.660000,413.1357930002046,97
2024-09-18 10:45:55.670000,413.1480294164609,14
2024-09-18 10:45:55.700000,413.1181782645842,105
2024-09-18 10:45:55.746000,413.1270356831578,10
2024-09-18 10:45:55.798000,413.1208039266664,99
2024-09-18 10:45:55.860000,413.12844519410896,101
2024-09-18 10:45:55.876000,413.1214395509286,11
2024-09-18 10:45:55.885000,413.1365535149056,104
2024-09-18 10:45:56.032000,413.1512027088135,97
2024-09-18 10:45:56.102000,413.1613577555215,96
2024-09-18 10:45:56.104000,413.1363407997091,97
2024-09-18 10:45:56.174000,413.1481384322229,996
2024-09-18 10:45:56.202000,413.14398666622,101
2024-09-18 10:45:56.253000,413.1098631756847,995
2024-09-18 10:45:56.261000,413.1230633510481,100
2024-09-18 10:45:56.465000,413.1472611600123,98
2024-09-18 10:45:56.481000,413.1102938036007,997
2024-09-18 10:45:56.525000,413.1227545921357,1005
2024-09-18 10:45:56.634000,413.1248436210541,102
2024-09-18 10:45:56.650000,413.1322612379978,9
2024-09-18 10:45:56.682000,413.1346076751614,104
2024-09-18 10:45:56.739000,413.15040891405846,1005
2024-09-18 10:45:56.745000,413.13209511737176,101
2024-09-18 10:45:56.750000,413.1569421611324,1001
2024-09-18 10:45:56.799000,413.1464994800833,999
2024-09-18 10:45:56.837000,413.1358845719178,7
2024-09-18 10:45:56.868000,413.1399527840936,6
2024-09-18 10:45:56.879000,413.1317788003379,95
2024-09-18 10:45:56.918000,413.13472213004445,996
2024-09-18 10:45:56.935000,413.16520594618174,15
2024-09-18 10:45:56.959000,413.16135340026455,103
2024-09-18 10:45:56.965000,413.139320233254,999
2024-09-18 10:45:56.999000,413.1231471162791,98
2024-09-18 10:45:57.028000,413.1555805037863,1004
2024-09-18 10:45:57.038000,413.14890375910727,1001
2024-09-18 10:45:57.097000,413.1442384074396,1003
2024-09-18 10:45:57.156000,413.18227247301735,996
2024-09-18 10:45:57.158000,413.13366826826,998
2024-09-18 10:45:57.161000,413.1520405981633,100
2024-09-18 10:45:57.162000,413.1448468181906,7
2024-09-18 10:45:57.178000,413.1848694390216,1005
2024-09-18 10:45:57.179000,413.1831540883384,1003
2024-09-18 10:45:57.237000,413.1960340883661,9
2024-09-18 10:45:57.340000,413.1448251610533,102
2024-09-18 10:45:57.410000,413.1847348959917,997
2024-09-18 10:45:57.479000,413.194627502743,1002
2024-09-18 10:45:57.500000,413.17446650413575,11
2024-09-18 10:45:57.503000,413.14771878090966,100
2024-09-18 10:45:57.627000,413.19485309824006,8
2024-09-18 10:45:57.685000,413.17082587031945,995
2024-09-18 10:45:57.704000,413.1917406187248,998
2024-09-18 10:45:57.766000,413.1716908804111,996
2024-09-18 10:45:57.800000,413.1814270940505,999
2024-09-18 10:45:57.905000,413.17598060774617,996
2024-09-18 10:45:58.029000,413.25147368137607,1004
2024-09-18 10:45:58.076000,413.1816974779526,8
2024-09-18 10:45:58.105000,413.2138261705478,15
2024-09-18 10:45:58.280000,413.1932198274088,104
2024-09-18 10:45:58.373000,413.2040614483356,7
2024-09-18 10:45:58.449000,413.2210136937626,14
2024-09-18 10:45:58.505000,413.215989474518,10
2024-09-18 10:45:58.526000,413.185246500716,1005
2024-09-18 10:45:58.666000,413.2211371621972,1001
2024-09-18 10:45:58.676000,413.23636957476015,13
2024-09-18 10:45:58.715000,413.2472093148867,104
2024-09-18 10:45:58.719000,413.1836789870176,15
2024-09-18 10:45:58.778000,413.2009623984389,12
2024-09-18 10:45:58.802000,413.2312048302838,997
2024-09-18 10:45:58.802000,413.2495202214184,104
2024-09-18 10:45:58.836000,413.1930592145311,101
2024-09-18 10:45:58.861000,413.20589774768007,13
2024-09-18 10:45:58.868000,413.248534648076,12
2024-09-18 10:45:58.885000,413.225070318692,13
2024-09-18 10:45:58.999000,413.26264272567823,104
2024-09-18 10:45:59.012000,413.2382729664336,8
2024-09-18 10:45:59.014000,413.2477200469806,1004
2024-09-18 10:45:59.165000,413.265507069756,1001
2024-09-18 10:45:59.221000,413.23620312226177,997
2024-09-18 10:45:59.260000,413.2388581527176,995
2024-09-18 10:45:59.285000,413.2310508691504,1000
2024-09-18 10:45:59.437000,413.2556383709773,13
2024-09-18 10:45:59.567000,413.2147950414469,5
2024-09-18 10:45:59.602000,413.2624046155841,105
2024-09-18 10:45:59.802000,413.2435138098482,997
2024-09-18 10:45:59.841000,413.2384984221068,14
