Timestamp,Price,Size
2024-09-19 15:01:00.709000,420.0648812977299,14
2024-09-19 15:01:00.744000,420.0966227463284,1004
2024-09-19 15:01:01.012000,420.0995836532708,995
2024-09-19 15:01:01.035000,420.0934513723868,6
2024-09-19 15:01:01.058000,420.107218205537,103
2024-09-19 15:01:01.097000,420.1255106904532,1004
2024-09-19 15:01:01.250000,420.11699134948327,6
2024-09-19 15:01:01.253000,420.1130992450984,105
2024-09-19 15:01:01.283000,420.11222266760063,98
2024-09-19 15:01:01.339000,420.1063413258185,105
2024-09-19 15:01:01.356000,420.09866013208193,5
2024-09-19 15:01:01.481000,420.0961928354272,1003
2024-09-19 15:01:01.570000,420.10354408283126,102
2024-09-19 15:01:01.932000,420.1290317106567,8
2024-09-19 15:01:01.940000,420.0748479495643,1003
2024-09-19 15:01:02.237000,415.8493029371412,5
2024-09-19 15:01:02.254000,420.1239172748671,15
2024-09-19 15:01:02.768000,420.12094999841,6
2024-09-19 15:01:02.884000,420.1149396047778,105
2024-09-19 15:01:03.165000,420.1462137923807,103
2024-09-19 15:01:03.379000,420.1378429883568,11
2024-09-19 15:01:03.467000,420.146741190437,103
2024-09-19 15:01:03.535000,420.1526293100538,100
2024-09-19 15:01:03.682000,420.1283160470722,1000
2024-09-19 15:01:03.740000,420.1535111225296,105
2024-09-19 15:01:03.811000,420.1509011145754,996
2024-09-19 15:01:03.974000,420.1480998200733,1003
2024-09-19 15:01:04.015000,420.1469036172964,8
2024-09-19 15:01:04.059000,420.1257995691571,99
2024-09-19 15:01:04.402000,420.13016974222336,95
2024-09-19 15:01:04.419000,420.13700307311626,99
2024-09-19 15:01:04.552000,420.1454615769025,105
2024-09-19 15:01:04.593000,420.1106171321668,95
2024-09-19 15:01:04.621000,420.10758755419465,1002
2024-09-19 15:01:04.637000,420.11361297792007,13
2024-09-19 15:01:04.932000,420.1306796541522,1004
2024-09-19 15:01:04.955000,420.1330730174389,999
2024-09-19 15:01:05.065000,420.0962814198065,7
2024-09-19 15:01:05.218000,420.1424568886444,999
2024-09-19 15:01:05.249000,420.1012460422442,98
2024-09-19 15:01:05.297000,420.11060005392943,99
2024-09-19 15:01:05.332000,420.091487488678,1001
2024-09-19 15:01:05.336000,420.1316242869663,8
2024-09-19 15:01:05.432000,420.1175208004051,14
2024-09-19 15:01:05.433000,420.1452900923674,1000
2024-09-19 15:01:05.458000,420.1147594175401,1005
2024-09-19 15:01:05.540000,420.0991407158613,7
2024-09-19 15:01:05.632000,420.1383631078695,102
2024-09-19 15:01:05.658000,420.1132778141601,995
2024-09-19 15:01:05.695000,420.0970478089816,14
2024-09-19 15:01:05.716000,420.1045194892653,1004
2024-09-19 15:01:05.788000,420.0832008409575,1005
2024-09-19 15:01:05.799000,420.1395338281517,1003
2024-09-19 15:01:05.821000,420.0897345453451,1001
2024-09-19 15:01:05.903000,420.0867450415877,996
2024-09-19 15:01:05.913000,420.141399959318,997
2024-09-19 15:01:06.015000,420.0904515518451,5
2024-09-19 15:01:06.024000,420.08179596472206,100
2024-09-19 15:01:06.099000,420.0474461859982,7
2024-09-19 15:01:06.123000,420.1487958988139,1004
2024-09-19 15:01:06.155000,420.0777586044526,102
2024-09-19 15:01:06.201000,420.1371741530696,13
2024-09-19 15:01:06.236000,420.1033099192341,999
2024-09-19 15:01:06.281000,420.05422598335736,10
2024-09-19 15:01:06.282000,420.0367581886241,8
2024-09-19 15:01:06.294000,420.07172939304144,96
2024-09-19 15:01:06.335000,420.1548862506801,97
2024-09-19 15:01:06.339000,420.0737667357877,104
2024-09-19 15:01:06.340000,420.1353292196176,996
2024-09-19 15:01:06.357000,420.0859532193684,1002
2024-09-19 15:01:06.414000,420.0861193226924,1002
2024-09-19 15:01:06.426000,420.0596069915871,11
2024-09-19 15:01:06.595000,420.0720659064442,995
2024-09-19 15:01:06.598000,420.12198929779976,10
2024-09-19 15:01:06.640000,420.1274680802443,8
2024-09-19 15:01:06.697000,420.0998030687229,1002
2024-09-19 15:01:06.709000,420.15903758011007,1002
2024-09-19 15:01:06.763000,420.0179019043329,1005
2024-09-19 15:01:06.777000,420.0710789515176,103
2024-09-19 15:01:06.836000,420.0760455724133,1005
2024-09-19 15:01:06.841000,420.1368454026709,1002
2024-09-19 15:01:06.856000,420.06189255520303,105
2024-09-19 15:01:06.936000,420.01300810853473,996
2024-09-19 15:01:06.974000,420.0691886127141,1004
2024-09-19 15:01:06.983000,419.9887213013029,1001
2024-09-19 15:01:07.055000,419.9930864773373,1005
2024-09-19 15:01:07.089000,419.9892882161705,1000
2024-09-19 15:01:07.131000,419.9694191167177,6
2024-09-19 15:01:07.137000,419.98315234246144,15
2024-09-19 15:01:07.185000,419.9849811486128,7
2024-09-19 15:01:07.281000,419.97205637739705,1000
2024-09-19 15:01:07.307000,419.96203953210215,7
2024-09-19 15:01:07.318000,419.9665823015703,999
2024-09-19 15:01:07.661000,419.9632940638931,102
2024-09-19 15:01:07.725000,419.9903391464173,13
2024-09-19 15:01:07.810000,419.9595100265311,1002
2024-09-19 15:01:07.860000,419.96975345462585,102
2024-09-19 15:01:07.980000,419.9677006418898,7
2024-09-19 15:01:08.025000,419.9697588592426,9
2024-09-19 15:01:08.036000,419.9613696192384,1000
2024-09-19 15:01:08.042000,420.01505132113823,104
2024-09-19 15:01:08.063000,419.976672670163,102
2024-09-19 15:01:08.214000,420.0218872606234,7
2024-09-19 15:01:08.219000,420.0259521180171,1001
2024-09-19 15:01:08.253000,419.97251991422894,998
2024-09-19 15:01:08.286000,419.9663241370479,1001
2024-09-19 15:01:08.306000,419.9546003998015,103
2024-09-19 15:01:08.338000,415.89551157579047,1005
2024-09-19 15:01:08.457000,420.0381151473987,1000
2024-09-19 15:01:08.475000,420.0283950587781,6
2024-09-19 15:01:08.499000,419.9759447682077,8
2024-09-19 15:01:08.500000,420.0134625530956,1000
2024-09-19 15:01:08.529000,419.94755912668273,998
2024-09-19 15:01:08.546000,419.9768357252656,999
2024-09-19 15:01:08.558000,419.98974063088576,96
2024-09-19 15:01:08.609000,419.9585117866663,997
2024-09-19 15:01:08.646000,420.0394231698213,1000
2024-09-19 15:01:08.689000,419.98140310879467,995
2024-09-19 15:01:08.788000,420.03979809429495,996
2024-09-19 15:01:08.809000,419.9698828917331,7
2024-09-19 15:01:08.839000,419.97342608431165,997
2024-09-19 15:01:08.851000,420.0229695494957,996
2024-09-19 15:01:08.880000,420.02696614972433,15
2024-09-19 15:01:09.050000,419.9774388020562,1005
2024-09-19 15:01:09.072000,420.03137939146666,97
2024-09-19 15:01:09.093000,419.9602713984543,1001
2024-09-19 15:01:09.125000,420.0023161695208,6
2024-09-19 15:01:09.191000,419.95955304256086,95
2024-09-19 15:01:09.209000,419.99459096239815,999
2024-09-19 15:01:09.237000,420.0033776848174,7
2024-09-19 15:01:09.322000,419.9916540736357,1005
2024-09-19 15:01:09.372000,419.9402839743623,10
2024-09-19 15:01:09.391000,420.00060325883135,1000
2024-09-19 15:01:09.432000,420.0292971636839,998
2024-09-19 15:01:09.494000,419.9747860756534,9
2024-09-19 15:01:09.498000,419.99993077672656,5
2024-09-19 15:01:09.532000,419.98802611095965,9
2024-09-19 15:01:09.545000,420.011929193349,1003
2024-09-19 15:01:09.551000,419.980181471772,100
2024-09-19 15:01:09.568000,419.96614790156497,8
2024-09-19 15:01:09.612000,420.0055885908029,1001
2024-09-19 15:01:09.635000,420.0190498299982,103
2024-09-19 15:01:09.665000,419.9599822850557,9
2024-09-19 15:01:09.722000,420.0093259332991,1003
2024-09-19 15:01:09.752000,419.99421712816127,14
2024-09-19 15:01:09.758000,419.9635754603747,95
2024-09-19 15:01:09.809000,420.0144929074055,999
2024-09-19 15:01:09.811000,419.9999771516034,96
2024-09-19 15:01:09.828000,420.0171444490037,97
2024-09-19 15:01:09.850000,419.94416383343446,103
2024-09-19 15:01:09.902000,419.982871306126,103
2024-09-19 15:01:09.996000,420.02221902256,12
2024-09-19 15:01:10.210000,420.056903862926,8
2024-09-19 15:01:10.237000,420.043566565188,96
2024-09-19 15:01:10.347000,420.0285279379443,105
2024-09-19 15:01:10.425000,420.0598364470732,999
2024-09-19 15:01:10.444000,420.0171148212044,996
2024-09-19 15:01:10.618000,420.01547455509126,1004
2024-09-19 15:01:10.691000,420.043356460016,14
2024-09-19 15:01:10.821000,420.0289883323499,10
2024-09-19 15:01:11.028000,420.0871800969771,5
2024-09-19 15:01:11.079000,420.08455359144966,7
2024-09-19 15:01:11.179000,420.0948463884189,105
2024-09-19 15:01:11.234000,420.11686341491065,10
2024-09-19 15:01:11.390000,420.084309382704,11
2024-09-19 15:01:11.443000,420.069916467439,105
2024-09-19 15:01:11.444000,420.077033294277,1003
2024-09-19 15:01:11.528000,420.08595504080654,98
2024-09-19 15:01:11.670000,420.10578589560896,96
2024-09-19 15:01:11.820000,420.100857985684,1000
2024-09-19 15:01:11.899000,420.1021296510446,999
2024-09-19 15:01:12,420.1063656759037,13
2024-09-19 15:01:12.069000,420.0998323237442,102
2024-09-19 15:01:12.597000,420.1152634323086,6
2024-09-19 15:01:12.693000,420.10449480367936,6
2024-09-19 15:01:13.017000,420.1373923097901,10
2024-09-19 15:01:13.091000,416.0112333507912,98
2024-09-19 15:01:13.108000,420.1036219089685,98
2024-09-19 15:01:13.113000,420.1369825472915,105
2024-09-19 15:01:13.121000,420.1122028658651,1000
2024-09-19 15:01:13.143000,420.159880777159,998
2024-09-19 15:01:13.170000,420.16109649392007,99
2024-09-19 15:01:13.249000,420.11432032572594,999
2024-09-19 15:01:13.259000,420.13451436800887,1000
2024-09-19 15:01:13.310000,420.1390754197558,103
2024-09-19 15:01:13.351000,420.1258798000016,105
2024-09-19 15:01:13.504000,420.1340904013631,997
2024-09-19 15:01:13.527000,420.1380265669839,14
2024-09-19 15:01:13.735000,420.163250655738,96
2024-09-19 15:01:13.772000,420.14859218960777,104
2024-09-19 15:01:13.812000,420.1317734361013,999
2024-09-19 15:01:13.819000,420.1169830666796,104
2024-09-19 15:01:13.837000,420.1303712401102,1001
2024-09-19 15:01:13.906000,420.1350965286062,105
2024-09-19 15:01:13.934000,420.1489110931444,1002
2024-09-19 15:01:13.957000,420.1387572421261,105
2024-09-19 15:01:14.042000,420.1079331017143,1005
2024-09-19 15:01:14.112000,420.1583148011394,105
2024-09-19 15:01:14.159000,420.1330891145774,14
2024-09-19 15:01:14.183000,420.13280316863217,13
2024-09-19 15:01:14.205000,420.165195430978,999
2024-09-19 15:01:14.279000,420.1485023531649,104
2024-09-19 15:01:14.313000,420.1325567979597,998
2024-09-19 15:01:14.331000,420.1871755178031,999
2024-09-19 15:01:14.335000,420.1400691726806,11
2024-09-19 15:01:14.435000,420.123197115236,995
2024-09-19 15:01:14.444000,420.1256642314393,998
2024-09-19 15:01:14.465000,420.1938671736879,1001
2024-09-19 15:01:14.612000,420.12407492007344,98
2024-09-19 15:01:14.668000,420.1454342342072,1002
2024-09-19 15:01:14.696000,420.1540446500597,1002
2024-09-19 15:01:14.703000,420.1883828420738,102
2024-09-19 15:01:14.727000,420.1300272039443,1005
2024-09-19 15:01:14.739000,420.12727666054553,998
2024-09-19 15:01:14.794000,420.126026761001,15
2024-09-19 15:01:14.807000,420.15447362504233,11
2024-09-19 15:01:14.822000,420.1595315970658,11
2024-09-19 15:01:14.919000,420.1155989590762,9
2024-09-19 15:01:14.919000,420.1102240044259,99
2024-09-19 15:01:14.967000,420.1111979373525,7
2024-09-19 15:01:15.019000,420.172512763524,99
2024-09-19 15:01:15.212000,420.179933201672,5
2024-09-19 15:01:15.456000,420.169835808993,1005
2024-09-19 15:01:15.459000,420.17330786799903,8
2024-09-19 15:01:15.723000,420.1834406999462,999
2024-09-19 15:01:16.032000,420.192328510397,13
2024-09-19 15:01:16.055000,420.1630704786813,8
2024-09-19 15:01:16.104000,420.2187022304638,1001
2024-09-19 15:01:16.166000,420.180202656738,1000
2024-09-19 15:01:16.244000,420.1911088730011,1004
2024-09-19 15:01:16.331000,420.1825399034037,997
2024-09-19 15:01:16.374000,420.1794853417068,105
2024-09-19 15:01:16.411000,420.17510406419,1005
2024-09-19 15:01:16.464000,420.1768318752036,100
2024-09-19 15:01:16.473000,420.1626523699796,102
2024-09-19 15:01:16.474000,420.1898464119237,95
2024-09-19 15:01:16.514000,420.211494629003,104
2024-09-19 15:01:16.793000,420.1616565720794,995
2024-09-19 15:01:16.846000,420.1817795819249,14
2024-09-19 15:01:16.884000,420.1948921086217,103
2024-09-19 15:01:16.936000,420.1929588568652,96
2024-09-19 15:01:16.960000,420.2022116403507,997
2024-09-19 15:01:17.001000,420.17141882803367,999
2024-09-19 15:01:17.001000,420.171178800868,95
2024-09-19 15:01:17.020000,420.2077129794909,6
2024-09-19 15:01:17.048000,420.17096448941726,11
2024-09-19 15:01:17.107000,420.1102860401765,13
2024-09-19 15:01:17.135000,420.17880708186897,98
2024-09-19 15:01:17.184000,420.1208737728768,11
2024-09-19 15:01:17.203000,420.1782184918002,95
2024-09-19 15:01:17.235000,420.1218149053097,13
2024-09-19 15:01:17.272000,420.17606173706287,995
2024-09-19 15:01:17.277000,420.126044773296,15
2024-09-19 15:01:17.279000,420.189774796226,997
2024-09-19 15:01:17.307000,420.1320437078452,1002
2024-09-19 15:01:17.313000,420.1984800268272,1004
2024-09-19 15:01:17.383000,420.171369688469,105
2024-09-19 15:01:17.449000,420.15959234584017,1002
2024-09-19 15:01:17.464000,420.19584812832926,1004
2024-09-19 15:01:17.491000,420.11394632478704,15
2024-09-19 15:01:17.536000,420.0823789215021,999
2024-09-19 15:01:17.715000,420.10164789035855,15
2024-09-19 15:01:17.808000,420.1870988817595,96
2024-09-19 15:01:17.841000,420.153116563,14
2024-09-19 15:01:17.889000,420.1147814122453,10
2024-09-19 15:01:17.911000,420.1214699962704,5
2024-09-19 15:01:17.912000,420.1900243927316,996
2024-09-19 15:01:17.935000,420.1111986186747,997
2024-09-19 15:01:17.943000,420.10101307558807,1001
2024-09-19 15:01:18.009000,420.0904708036514,9
2024-09-19 15:01:18.887000,420.0710684486483,14
2024-09-19 15:01:18.954000,420.0903418244063,1005
2024-09-19 15:01:20.069000,420.0566445697198,9
2024-09-19 15:01:20.091000,419.9622362861304,102
2024-09-19 15:01:20.161000,419.9561746834817,103
2024-09-19 15:01:20.186000,420.03269666720456,1002
2024-09-19 15:01:20.289000,419.9419662388567,103
2024-09-19 15:01:20.333000,420.0822240703144,1002
2024-09-19 15:01:20.382000,420.0732358612113,15
2024-09-19 15:01:20.501000,419.9770413270512,12
2024-09-19 15:01:20.582000,419.953684386807,99
2024-09-19 15:01:20.586000,419.9957032412266,13
2024-09-19 15:01:20.608000,420.1039983894125,97
2024-09-19 15:01:20.686000,420.0840912524313,8
2024-09-19 15:01:20.694000,419.971149316706,96
2024-09-19 15:01:20.714000,419.97263819372,996
2024-09-19 15:01:20.724000,419.9711824267736,5
2024-09-19 15:01:20.824000,419.9389292780268,103
2024-09-19 15:01:20.860000,419.9852951913717,105
2024-09-19 15:01:20.865000,419.97555818086863,103
2024-09-19 15:01:20.907000,420.0774602463033,999
2024-09-19 15:01:20.912000,420.0994643490403,998
2024-09-19 15:01:20.913000,420.0393338025809,96
2024-09-19 15:01:20.989000,419.9864535678454,105
2024-09-19 15:01:20.994000,420.0971528304326,99
2024-09-19 15:01:20.995000,420.0554243385175,99
2024-09-19 15:01:21.097000,419.9385526655954,95
2024-09-19 15:01:21.226000,419.9318204899786,1001
2024-09-19 15:01:21.234000,419.92868162044033,8
2024-09-19 15:01:21.407000,419.9233198019688,96
2024-09-19 15:01:21.416000,419.9179676904101,1000
2024-09-19 15:01:21.440000,419.9445824608524,98
2024-09-19 15:01:21.740000,419.9270164815413,105
2024-09-19 15:01:21.871000,419.9341516426586,101
2024-09-19 15:01:21.874000,419.9549887385143,6
2024-09-19 15:01:22.088000,419.9413917590821,7
2024-09-19 15:01:22.129000,419.88984562624574,1003
2024-09-19 15:01:22.143000,419.9072352571269,14
2024-09-19 15:01:22.162000,419.9068308157059,1000
2024-09-19 15:01:22.218000,419.90913173002207,97
2024-09-19 15:01:22.255000,419.9061476773729,97
2024-09-19 15:01:22.298000,419.9213099020582,14
2024-09-19 15:01:22.423000,419.9107337129879,15
2024-09-19 15:01:22.541000,419.909845972892,1004
2024-09-19 15:01:22.541000,419.9230340232909,98
2024-09-19 15:01:22.755000,419.9035447197896,15
2024-09-19 15:01:22.782000,419.9066261673425,100
2024-09-19 15:01:23.025000,419.91983451894,7
2024-09-19 15:01:23.057000,419.90399010611566,998
2024-09-19 15:01:23.095000,419.90252453647184,1005
2024-09-19 15:01:23.165000,419.9299811635472,6
2024-09-19 15:01:23.169000,419.89371611392056,102
2024-09-19 15:01:23.176000,419.9475077922922,99
2024-09-19 15:01:23.272000,419.927354063376,999
2024-09-19 15:01:23.372000,419.9160916153693,98
2024-09-19 15:01:23.427000,419.9260125876872,1000
2024-09-19 15:01:23.528000,419.9166657807433,14
2024-09-19 15:01:23.624000,419.91936425468856,998
2024-09-19 15:01:23.665000,419.90583962569417,999
2024-09-19 15:01:23.669000,419.8753464204768,103
2024-09-19 15:01:23.678000,419.9133773748589,1004
2024-09-19 15:01:23.688000,419.92152054485007,104
2024-09-19 15:01:23.761000,419.9045278422922,103
2024-09-19 15:01:23.778000,419.91759150186,1003
2024-09-19 15:01:23.790000,419.907034010388,1003
2024-09-19 15:01:23.801000,419.8953804323218,8
2024-09-19 15:01:23.859000,419.88779872992114,101
2024-09-19 15:01:23.882000,419.93645804513847,1004
2024-09-19 15:01:23.903000,419.9053620433332,8
2024-09-19 15:01:23.908000,419.9211010997684,96
2024-09-19 15:01:23.954000,419.9215065445079,96
2024-09-19 15:01:23.972000,419.88382354443473,102
2024-09-19 15:01:24.037000,419.8912435796092,998
2024-09-19 15:01:24.116000,419.9357858584647,97
2024-09-19 15:01:24.177000,419.8905176940893,101
2024-09-19 15:01:24.188000,419.8657950666929,98
2024-09-19 15:01:24.195000,419.9020384544313,100
2024-09-19 15:01:24.326000,419.9022924426554,99
2024-09-19 15:01:24.377000,419.8888191775839,1003
2024-09-19 15:01:24.381000,415.9846236892125,1000
2024-09-19 15:01:24.382000,419.9293534811923,6
2024-09-19 15:01:24.442000,419.9010806904823,98
2024-09-19 15:01:24.452000,419.87003854133314,13
2024-09-19 15:01:24.469000,419.8921524108035,12
2024-09-19 15:01:24.474000,419.91369416727326,105
2024-09-19 15:01:24.543000,419.9049753407176,13
2024-09-19 15:01:24.566000,419.8838551999078,14
2024-09-19 15:01:24.673000,419.9349278258911,99
2024-09-19 15:01:24.713000,419.8628127420029,103
2024-09-19 15:01:24.845000,419.90529374409374,7
2024-09-19 15:01:24.880000,419.8767444860034,15
2024-09-19 15:01:24.885000,419.8909876016574,100
2024-09-19 15:01:24.899000,419.9313328065814,101
2024-09-19 15:01:24.907000,419.90156092516696,6
2024-09-19 15:01:24.908000,419.885990025241,6
2024-09-19 15:01:24.911000,419.8546629309338,95
2024-09-19 15:01:24.925000,419.9338134732931,97
2024-09-19 15:01:24.926000,419.917844583131,12
2024-09-19 15:01:24.965000,419.8673757401788,105
2024-09-19 15:01:25.072000,419.8748423685578,11
2024-09-19 15:01:25.127000,419.8998609538325,1001
2024-09-19 15:01:25.204000,419.91144539780834,15
2024-09-19 15:01:25.238000,419.8883196825556,9
2024-09-19 15:01:25.254000,419.8616204389396,7
2024-09-19 15:01:25.256000,419.850203870732,102
2024-09-19 15:01:25.265000,419.8498446678572,1002
2024-09-19 15:01:25.320000,419.8820060983135,104
2024-09-19 15:01:25.355000,419.8760241411492,5
2024-09-19 15:01:25.388000,419.91798188897445,103
2024-09-19 15:01:25.424000,419.9200101456877,7
2024-09-19 15:01:25.484000,419.8670509418909,10
2024-09-19 15:01:25.508000,419.9229538798177,103
2024-09-19 15:01:25.546000,419.8726813761284,1004
2024-09-19 15:01:25.549000,419.8418839013668,99
2024-09-19 15:01:25.559000,419.8866013532317,1005
2024-09-19 15:01:25.593000,419.8846690344102,97
2024-09-19 15:01:25.673000,419.9235388707043,1001
2024-09-19 15:01:25.741000,419.9277548209468,96
2024-09-19 15:01:25.850000,419.8578289081783,8
2024-09-19 15:01:25.870000,419.90188940185806,9
2024-09-19 15:01:25.900000,419.8879011261002,7
2024-09-19 15:01:26.017000,419.9451813061234,101
2024-09-19 15:01:26.087000,419.92312545982895,998
2024-09-19 15:01:26.130000,419.92376336670543,13
2024-09-19 15:01:26.145000,419.95280875641936,14
2024-09-19 15:01:26.164000,419.9643523074311,95
2024-09-19 15:01:26.312000,419.9629137118399,9
2024-09-19 15:01:26.336000,419.9176762528807,96
2024-09-19 15:01:26.346000,419.9192998210952,5
2024-09-19 15:01:26.357000,419.9193793080916,1003
2024-09-19 15:01:26.481000,419.974372105958,6
2024-09-19 15:01:26.493000,419.96064905608176,996
2024-09-19 15:01:26.504000,419.9419816290488,9
2024-09-19 15:01:26.582000,419.9408900781679,5
2024-09-19 15:01:26.688000,419.9560770253466,6
2024-09-19 15:01:26.835000,419.9296383691492,1002
2024-09-19 15:01:27.085000,419.9723551694091,101
2024-09-19 15:01:27.104000,419.9812802391631,6
2024-09-19 15:01:27.121000,419.9946304323287,1002
2024-09-19 15:01:27.181000,419.9558183716838,998
2024-09-19 15:01:27.222000,419.9970871086588,10
2024-09-19 15:01:27.267000,419.964593982226,101
2024-09-19 15:01:27.306000,420.0085114566861,5
2024-09-19 15:01:27.356000,419.9947457481943,996
2024-09-19 15:01:27.356000,420.00315095239336,999
2024-09-19 15:01:27.363000,420.0292627817105,95
2024-09-19 15:01:27.403000,419.9768378468833,7
2024-09-19 15:01:27.509000,419.9874748402417,104
2024-09-19 15:01:27.516000,419.9777005172848,8
2024-09-19 15:01:27.524000,419.9784373193644,7
2024-09-19 15:01:27.527000,419.9573950232872,13
2024-09-19 15:01:27.543000,419.9940357387965,8
2024-09-19 15:01:27.595000,420.0067075160181,998
2024-09-19 15:01:27.606000,419.9559389421282,1004
2024-09-19 15:01:27.613000,419.9592116228636,95
2024-09-19 15:01:27.617000,419.9631745374713,11
2024-09-19 15:01:27.632000,419.99241075570126,1004
2024-09-19 15:01:27.745000,419.9656794631964,8
2024-09-19 15:01:27.825000,419.9906126398898,10
2024-09-19 15:01:27.868000,419.9637107436624,99
2024-09-19 15:01:27.890000,420.0003130228596,1001
2024-09-19 15:01:27.897000,420.0078502465248,6
2024-09-19 15:01:27.926000,420.0030518438469,1005
2024-09-19 15:01:27.938000,419.9852543434348,13
2024-09-19 15:01:27.984000,419.9644867095115,1003
2024-09-19 15:01:28.086000,419.9497660856797,6
2024-09-19 15:01:28.151000,419.9264195100852,1001
2024-09-19 15:01:28.168000,419.8909749123281,999
2024-09-19 15:01:28.169000,419.95815860815753,13
2024-09-19 15:01:28.207000,419.9185306338072,9
2024-09-19 15:01:28.233000,419.9483876281734,1003
2024-09-19 15:01:28.308000,419.9052728094069,15
2024-09-19 15:01:28.380000,419.9373003338901,6
2024-09-19 15:01:28.423000,419.9444883818561,1001
2024-09-19 15:01:28.425000,419.9470713261597,7
2024-09-19 15:01:28.453000,419.9378619904958,15
2024-09-19 15:01:28.479000,419.9398264484892,1003
2024-09-19 15:01:28.483000,419.92984019141545,101
2024-09-19 15:01:28.488000,419.89544794236485,12
2024-09-19 15:01:28.520000,419.9483720932964,10
2024-09-19 15:01:28.565000,419.91604031513646,97
2024-09-19 15:01:28.634000,419.9237768487915,996
2024-09-19 15:01:28.640000,419.9177461848722,8
2024-09-19 15:01:28.645000,419.940943084059,96
2024-09-19 15:01:28.663000,419.9389144060998,8
2024-09-19 15:01:28.727000,419.8924364895438,1001
2024-09-19 15:01:28.729000,419.9365020830062,105
2024-09-19 15:01:28.782000,419.9555068718588,6
2024-09-19 15:01:28.851000,419.9385355132478,102
2024-09-19 15:01:28.973000,419.9530202357088,12
2024-09-19 15:01:29.119000,419.9717668826223,103
2024-09-19 15:01:29.185000,419.89612396726585,1005
2024-09-19 15:01:29.314000,419.92023000210577,105
2024-09-19 15:01:29.380000,419.9437532263568,1002
2024-09-19 15:01:29.513000,419.9835865181429,12
2024-09-19 15:01:29.603000,419.9850157903018,101
2024-09-19 15:01:29.706000,419.9267421960007,997
2024-09-19 15:01:29.850000,419.94872992529446,9
2024-09-19 15:01:29.926000,419.9199062719701,1004
2024-09-19 15:01:29.968000,419.93459998626224,1004
2024-09-19 15:01:30.104000,419.96980491206943,999
2024-09-19 15:01:30.211000,419.97361642695455,12
2024-09-19 15:01:30.781000,419.98446645704007,11
2024-09-19 15:01:31.081000,419.9931590518663,1001
2024-09-19 15:01:31.085000,419.9785521625151,95
2024-09-19 15:01:31.117000,419.9935140607588,12
2024-09-19 15:01:31.141000,419.9688912662552,10
2024-09-19 15:01:31.169000,419.9924529363833,6
2024-09-19 15:01:31.178000,420.0008585929885,10
2024-09-19 15:01:31.225000,419.9775007429855,7
2024-09-19 15:01:31.273000,419.9536802126145,999
2024-09-19 15:01:31.276000,419.9712159153297,100
2024-09-19 15:01:31.389000,419.9960657701471,997
2024-09-19 15:01:31.629000,419.9952641209964,96
2024-09-19 15:01:31.795000,419.9881761094405,15
2024-09-19 15:01:31.929000,420.0053304126644,7
2024-09-19 15:01:31.937000,419.9647800933325,97
2024-09-19 15:01:31.984000,419.9954402632286,105
2024-09-19 15:01:32.007000,416.1274741903298,13
2024-09-19 15:01:32.072000,419.9757407726004,10
2024-09-19 15:01:32.098000,419.98392124262136,98
2024-09-19 15:01:32.125000,420.010748148528,9
2024-09-19 15:01:32.247000,419.9499973050076,1001
2024-09-19 15:01:32.260000,419.94067102906143,12
2024-09-19 15:01:32.310000,419.9979027717608,995
2024-09-19 15:01:32.325000,419.9528972530972,103
2024-09-19 15:01:32.410000,419.9784910386696,998
2024-09-19 15:01:32.608000,419.9652255589854,95
2024-09-19 15:01:32.788000,419.9924058931957,98
2024-09-19 15:01:32.838000,419.98082247474576,995
2024-09-19 15:01:32.843000,420.0042647026485,104
2024-09-19 15:01:32.878000,419.9823302537165,6
2024-09-19 15:01:32.900000,419.9826883415455,95
2024-09-19 15:01:32.902000,419.9549211050203,5
2024-09-19 15:01:32.914000,419.98832521363295,1002
2024-09-19 15:01:32.938000,419.9979744000591,102
2024-09-19 15:01:32.975000,419.9800355868349,9
2024-09-19 15:01:33.453000,419.943709251109,103
2024-09-19 15:01:33.512000,419.95795444282,98
2024-09-19 15:01:33.940000,419.9703159300215,8
2024-09-19 15:01:34.237000,419.9621111596807,1005
2024-09-19 15:01:34.273000,419.9387353513774,999
2024-09-19 15:01:34.391000,419.9541544741499,1001
2024-09-19 15:01:34.449000,419.9722565441142,1003
2024-09-19 15:01:34.473000,419.9369736723775,1005
2024-09-19 15:01:34.509000,419.9720223983833,1001
2024-09-19 15:01:34.546000,419.94506288375743,5
2024-09-19 15:01:34.670000,419.9664083809864,1000
2024-09-19 15:01:34.766000,419.9536751894288,15
2024-09-19 15:01:34.916000,419.9507653493824,101
2024-09-19 15:01:34.999000,419.9370624350321,10
2024-09-19 15:01:35.031000,419.8990912960126,998
2024-09-19 15:01:35.037000,419.9519877733282,995
2024-09-19 15:01:35.100000,419.94809105537576,6
2024-09-19 15:01:35.163000,419.93996563599256,96
2024-09-19 15:01:35.164000,419.9414034415358,98
2024-09-19 15:01:35.352000,419.94876575439565,101
2024-09-19 15:01:35.628000,419.9520748480817,96
2024-09-19 15:01:35.661000,419.9068033458159,100
2024-09-19 15:01:35.740000,419.911994637849,96
2024-09-19 15:01:35.833000,419.89449738138967,6
2024-09-19 15:01:35.888000,419.9640115090925,13
2024-09-19 15:01:35.955000,419.9098506393947,1002
2024-09-19 15:01:36.027000,419.9353654407425,96
2024-09-19 15:01:36.079000,419.9047126488508,14
2024-09-19 15:01:36.182000,419.893894872532,1004
2024-09-19 15:01:36.203000,419.9234978419306,9
2024-09-19 15:01:36.208000,419.95436370855424,15
2024-09-19 15:01:36.375000,419.94429840968337,8
2024-09-19 15:01:36.416000,419.894823124052,100
2024-09-19 15:01:36.470000,419.9045900004762,998
2024-09-19 15:01:36.506000,419.975343826878,102
2024-09-19 15:01:36.534000,419.8876343146822,7
2024-09-19 15:01:36.544000,419.9059049812068,98
2024-09-19 15:01:36.625000,419.8937365143888,1003
2024-09-19 15:01:36.682000,419.90607216325066,97
2024-09-19 15:01:36.692000,419.8959481208707,102
2024-09-19 15:01:36.844000,419.9014978894032,1002
2024-09-19 15:01:36.854000,419.9453761690458,10
2024-09-19 15:01:36.981000,419.91386769440777,1001
2024-09-19 15:01:37.034000,419.95037457129246,9
2024-09-19 15:01:37.042000,419.9793621464565,9
2024-09-19 15:01:37.060000,419.9952900054623,100
2024-09-19 15:01:37.066000,419.9714231513572,9
2024-09-19 15:01:37.084000,419.9830467969813,99
2024-09-19 15:01:37.129000,419.9991607311538,6
2024-09-19 15:01:37.130000,419.969794230033,96
2024-09-19 15:01:37.139000,419.98736125763656,1003
2024-09-19 15:01:37.385000,419.9736679000941,15
2024-09-19 15:01:37.397000,419.980197193288,96
2024-09-19 15:01:37.426000,420.0034443301032,105
2024-09-19 15:01:37.481000,419.9736443964642,1003
2024-09-19 15:01:37.570000,419.943314758336,996
2024-09-19 15:01:37.618000,419.9834302945847,103
2024-09-19 15:01:37.709000,419.97974536837984,5
2024-09-19 15:01:37.711000,419.9576013279213,7
2024-09-19 15:01:37.711000,419.9586456267221,996
2024-09-19 15:01:37.734000,419.98196833090367,1002
2024-09-19 15:01:37.740000,419.96092533433193,96
2024-09-19 15:01:37.797000,419.9760364639439,999
2024-09-19 15:01:37.879000,419.981792920427,95
2024-09-19 15:01:37.909000,419.9498921439095,1000
2024-09-19 15:01:37.914000,419.9492262326839,100
2024-09-19 15:01:37.956000,419.9671405097959,11
2024-09-19 15:01:39.006000,420.04064301409534,998
2024-09-19 15:01:39.035000,420.03163264461926,102
2024-09-19 15:01:39.065000,420.0186390221462,103
2024-09-19 15:01:39.086000,420.0291797915772,7
2024-09-19 15:01:39.087000,420.0264912035285,105
2024-09-19 15:01:39.128000,420.03078897703415,999
2024-09-19 15:01:39.144000,420.0313093670596,1004
2024-09-19 15:01:39.165000,419.9994609246598,96
2024-09-19 15:01:39.211000,420.03248869284863,105
2024-09-19 15:01:39.219000,420.034827326485,100
2024-09-19 15:01:39.263000,420.0073883317517,10
2024-09-19 15:01:39.270000,420.0176498065797,999
2024-09-19 15:01:39.290000,420.0478786769021,105
2024-09-19 15:01:39.310000,420.04589154746617,1000
2024-09-19 15:01:39.335000,420.0207297979927,1004
2024-09-19 15:01:39.356000,420.0084308356725,998
2024-09-19 15:01:39.366000,419.9863572435891,998
2024-09-19 15:01:39.370000,420.0285184805328,12
2024-09-19 15:01:39.421000,420.0512220595873,997
2024-09-19 15:01:39.599000,420.02440439031625,15
2024-09-19 15:01:39.606000,420.0050752923773,96
2024-09-19 15:01:39.659000,420.0422144016121,100
2024-09-19 15:01:39.663000,420.0504871988322,6
2024-09-19 15:01:39.792000,420.00174974135234,9
2024-09-19 15:01:39.896000,420.0409493751747,7
2024-09-19 15:01:40,419.9734698967089,997
2024-09-19 15:01:40.026000,419.9248652509206,7
2024-09-19 15:01:40.030000,419.9547992072431,13
2024-09-19 15:01:40.120000,419.9997915502928,996
2024-09-19 15:01:40.179000,419.9581635074926,8
2024-09-19 15:01:40.214000,419.9764526800226,7
2024-09-19 15:01:40.331000,419.9969406029698,997
2024-09-19 15:01:40.333000,419.9921881192305,105
2024-09-19 15:01:40.460000,419.9372340247568,995
2024-09-19 15:01:40.525000,420.0205181086623,1004
2024-09-19 15:01:40.589000,419.9948983997497,100
2024-09-19 15:01:40.705000,419.9603773503267,97
2024-09-19 15:01:40.707000,420.0170374441613,1001
2024-09-19 15:01:40.710000,419.964680535874,8
2024-09-19 15:01:40.890000,419.9775095263194,5
2024-09-19 15:01:40.916000,419.9971847465407,1002
2024-09-19 15:01:40.925000,420.0015904456994,10
2024-09-19 15:01:40.947000,420.0048806691322,1003
2024-09-19 15:01:40.951000,420.0005261226326,997
2024-09-19 15:01:41.029000,419.9303204810973,998
2024-09-19 15:01:41.076000,419.9985412954487,99
2024-09-19 15:01:41.079000,419.989413280866,103
2024-09-19 15:01:41.088000,419.98054197368873,14
2024-09-19 15:01:41.196000,419.939576920325,5
2024-09-19 15:01:41.223000,419.92823129382623,5
2024-09-19 15:01:41.235000,419.9189069550335,105
2024-09-19 15:01:41.258000,419.97045661864416,1004
2024-09-19 15:01:41.280000,419.9343935121205,997
2024-09-19 15:01:41.286000,419.9200193376669,101
2024-09-19 15:01:41.309000,419.9145956102304,97
2024-09-19 15:01:41.314000,419.9412833641736,103
2024-09-19 15:01:41.356000,419.90814290559496,14
2024-09-19 15:01:41.465000,419.94984991834434,1003
2024-09-19 15:01:41.579000,419.9178568678623,104
2024-09-19 15:01:41.674000,419.9446996449518,104
2024-09-19 15:01:41.685000,419.9308057051856,14
2024-09-19 15:01:41.739000,419.9630051706886,5
2024-09-19 15:01:41.785000,419.9139045943268,104
2024-09-19 15:01:41.788000,419.95170906571246,995
2024-09-19 15:01:41.823000,419.94952382230167,1001
2024-09-19 15:01:41.851000,419.902809003154,9
2024-09-19 15:01:41.859000,419.9699060799362,999
2024-09-19 15:01:42.008000,419.9551610260785,5
2024-09-19 15:01:42.025000,420.0177460065282,999
2024-09-19 15:01:42.054000,420.0669474182819,104
2024-09-19 15:01:42.064000,420.03652829776576,1000
2024-09-19 15:01:42.088000,420.03110020207583,1002
2024-09-19 15:01:42.135000,420.0084595081467,103
2024-09-19 15:01:42.150000,420.0410365506609,96
2024-09-19 15:01:42.160000,419.9938683695572,6
2024-09-19 15:01:42.302000,420.00931970848825,5
2024-09-19 15:01:42.306000,419.98213733084265,103
2024-09-19 15:01:42.338000,420.06279556490585,999
2024-09-19 15:01:42.354000,420.00849729409344,996
2024-09-19 15:01:42.357000,420.0107269731676,103
2024-09-19 15:01:42.378000,419.9744849156163,13
2024-09-19 15:01:42.379000,420.0265794371718,1002
2024-09-19 15:01:42.418000,420.0418280851079,103
2024-09-19 15:01:42.458000,420.0584536730033,11
2024-09-19 15:01:42.471000,420.0123520543472,100
2024-09-19 15:01:42.478000,419.9991200675444,104
2024-09-19 15:01:42.574000,420.0606686737446,96
2024-09-19 15:01:42.624000,420.068449324053,1003
2024-09-19 15:01:42.708000,420.01288219089145,1001
2024-09-19 15:01:42.709000,419.9800519772451,1002
2024-09-19 15:01:42.798000,420.05044508707385,998
2024-09-19 15:01:42.841000,420.0774376216579,13
2024-09-19 15:01:42.874000,420.02287713889126,105
2024-09-19 15:01:42.878000,420.0097397873077,9
2024-09-19 15:01:42.896000,420.0127657720368,98
2024-09-19 15:01:42.988000,420.04214688496046,1002
2024-09-19 15:01:43.106000,420.0091347963231,104
2024-09-19 15:01:43.150000,419.9964861342106,15
2024-09-19 15:01:43.165000,420.0144769019946,997
2024-09-19 15:01:43.180000,419.9939677063185,6
2024-09-19 15:01:43.432000,419.9971601971336,96
2024-09-19 15:01:43.582000,420.0226993035328,96
2024-09-19 15:01:43.763000,420.0265981998773,8
2024-09-19 15:01:43.877000,420.0287221504855,96
2024-09-19 15:01:43.893000,420.0209305767237,102
2024-09-19 15:01:44.072000,419.8538089341195,996
2024-09-19 15:01:44.102000,419.9433303481564,104
2024-09-19 15:01:44.201000,419.9282393225389,7
2024-09-19 15:01:44.209000,419.9184717445641,1002
2024-09-19 15:01:44.260000,419.8997490701384,997
2024-09-19 15:01:44.328000,419.8973190162496,97
2024-09-19 15:01:44.355000,419.8759691341981,999
2024-09-19 15:01:44.357000,419.855982963893,996
2024-09-19 15:01:44.433000,419.8925060016448,7
2024-09-19 15:01:44.433000,419.8615556327252,1003
2024-09-19 15:01:44.465000,419.8585320865355,12
2024-09-19 15:01:44.485000,419.8902402325312,998
2024-09-19 15:01:44.557000,419.9807176627965,999
2024-09-19 15:01:44.601000,419.8689595457136,101
2024-09-19 15:01:44.609000,419.8795424648329,95
2024-09-19 15:01:44.617000,419.9665646437476,6
2024-09-19 15:01:44.664000,419.9889119051614,5
2024-09-19 15:01:44.691000,419.90838668392456,995
2024-09-19 15:01:44.743000,419.86116445172667,998
2024-09-19 15:01:44.798000,419.8835497841928,11
2024-09-19 15:01:44.804000,419.9219976869813,1000
2024-09-19 15:01:44.833000,419.9791753903117,98
2024-09-19 15:01:44.846000,415.88783466736606,97
2024-09-19 15:01:44.856000,419.9392563729522,95
2024-09-19 15:01:44.902000,419.8964600485653,9
2024-09-19 15:01:44.967000,419.9848786062685,98
2024-09-19 15:01:45.021000,419.9269236184144,997
2024-09-19 15:01:45.069000,419.8803882002473,1005
2024-09-19 15:01:45.081000,419.926840960078,998
2024-09-19 15:01:45.102000,419.9213029814196,998
2024-09-19 15:01:45.116000,419.9233148335154,999
2024-09-19 15:01:45.124000,419.8997193253844,98
2024-09-19 15:01:45.217000,419.9236431231697,1002
2024-09-19 15:01:45.246000,419.8935156711953,102
2024-09-19 15:01:45.274000,419.9104561947564,100
2024-09-19 15:01:45.282000,419.91156692803287,997
2024-09-19 15:01:45.299000,419.9058062936232,100
2024-09-19 15:01:45.365000,419.9139545060496,102
2024-09-19 15:01:45.372000,419.9307212841133,8
2024-09-19 15:01:45.376000,419.9133806290182,995
2024-09-19 15:01:45.470000,419.87091894223465,12
2024-09-19 15:01:45.486000,419.8860523940881,101
2024-09-19 15:01:45.501000,419.9152867340946,12
2024-09-19 15:01:45.564000,419.92261195550856,100
2024-09-19 15:01:45.799000,419.91261166589305,12
2024-09-19 15:01:45.814000,419.9084479846756,12
2024-09-19 15:01:45.824000,419.906127321816,995
2024-09-19 15:01:45.946000,419.9209740989222,1002
2024-09-19 15:01:45.984000,419.9045245840084,998
2024-09-19 15:01:46.062000,419.87609593678417,998
2024-09-19 15:01:46.084000,419.8528578794373,98
2024-09-19 15:01:46.132000,419.85941492013353,97
2024-09-19 15:01:46.279000,419.90047745062793,9
2024-09-19 15:01:46.292000,419.87144905535496,5
2024-09-19 15:01:46.298000,419.8510931840027,13
2024-09-19 15:01:46.328000,419.8379257363824,998
2024-09-19 15:01:46.360000,419.9065352058636,104
2024-09-19 15:01:46.378000,419.87925575500816,105
2024-09-19 15:01:46.397000,419.86297688794326,1005
2024-09-19 15:01:46.414000,419.867680100316,15
2024-09-19 15:01:46.451000,419.8685858362373,13
2024-09-19 15:01:46.472000,419.9079251450519,98
2024-09-19 15:01:46.532000,419.8800575963617,998
2024-09-19 15:01:46.545000,419.9119636775359,11
2024-09-19 15:01:46.627000,419.892188090404,998
2024-09-19 15:01:46.672000,419.8863128176269,102
2024-09-19 15:01:46.677000,419.8373381308412,996
2024-09-19 15:01:46.683000,419.8999638982145,13
2024-09-19 15:01:46.728000,419.8859856286899,1004
2024-09-19 15:01:46.740000,419.8816309394559,101
2024-09-19 15:01:46.741000,419.84504635232855,12
2024-09-19 15:01:46.842000,419.8967241671479,997
2024-09-19 15:01:46.848000,419.893680182135,1002
2024-09-19 15:01:46.912000,419.8906806602018,997
2024-09-19 15:01:46.938000,419.8781123886025,999
2024-09-19 15:01:46.945000,419.8391925604976,96
2024-09-19 15:01:47.006000,419.95038500612094,998
2024-09-19 15:01:47.058000,419.8861557179149,10
2024-09-19 15:01:47.066000,419.91927397458977,102
2024-09-19 15:01:47.072000,419.92095988871233,15
2024-09-19 15:01:47.085000,419.877781498808,15
2024-09-19 15:01:47.168000,419.929454401228,995
2024-09-19 15:01:47.178000,419.8546555644637,1003
2024-09-19 15:01:47.303000,419.958023318226,8
2024-09-19 15:01:47.368000,419.9491502281888,5
2024-09-19 15:01:47.452000,419.9215967717983,95
2024-09-19 15:01:47.513000,419.8431951777519,7
2024-09-19 15:01:47.551000,419.9298317976144,9
2024-09-19 15:01:47.574000,419.846345844959,97
2024-09-19 15:01:47.604000,419.924564123354,12
2024-09-19 15:01:47.641000,419.9297930373879,6
2024-09-19 15:01:47.655000,419.86965630067726,1004
2024-09-19 15:01:47.704000,419.8935605361809,6
2024-09-19 15:01:47.712000,419.9433708126659,1000
2024-09-19 15:01:47.729000,419.85595867491134,7
2024-09-19 15:01:47.737000,419.9066809912685,1000
2024-09-19 15:01:47.740000,419.8831329375946,1001
2024-09-19 15:01:47.840000,419.9128889633803,15
2024-09-19 15:01:47.895000,419.9161038887331,1004
2024-09-19 15:01:47.988000,419.9272351993986,95
2024-09-19 15:01:48.039000,419.9195046038599,13
2024-09-19 15:01:48.123000,419.9529097871857,97
2024-09-19 15:01:48.141000,420.0043328888452,11
2024-09-19 15:01:48.241000,420.0325551609805,11
2024-09-19 15:01:48.309000,419.9554766342218,998
2024-09-19 15:01:48.356000,419.9449957669183,14
2024-09-19 15:01:48.369000,419.9598154066061,97
2024-09-19 15:01:48.474000,419.98270993979935,995
2024-09-19 15:01:48.534000,419.9424751023242,995
2024-09-19 15:01:48.553000,419.9209130898692,995
2024-09-19 15:01:48.570000,419.9566842682656,95
2024-09-19 15:01:48.604000,419.9501397056913,1002
2024-09-19 15:01:48.638000,419.9516177452311,999
2024-09-19 15:01:48.757000,419.9683078893593,12
2024-09-19 15:01:48.804000,419.95584262592735,999
2024-09-19 15:01:48.834000,419.9809083190124,998
2024-09-19 15:01:48.908000,419.93284375492095,10
2024-09-19 15:01:50.093000,416.2127962115128,1001
2024-09-19 15:01:51.027000,420.10752647340433,98
2024-09-19 15:01:51.077000,420.1140058109443,9
2024-09-19 15:01:51.114000,420.02386904299215,1005
2024-09-19 15:01:51.204000,420.0660035617176,102
2024-09-19 15:01:51.244000,420.043211840176,99
2024-09-19 15:01:51.346000,420.079342184211,15
2024-09-19 15:01:51.354000,420.11834901714775,96
2024-09-19 15:01:51.356000,420.0676492041677,104
2024-09-19 15:01:51.417000,420.02611377935614,99
2024-09-19 15:01:51.426000,420.09046384432025,15
2024-09-19 15:01:51.431000,420.0985440889469,8
2024-09-19 15:01:51.437000,420.1092746592987,101
2024-09-19 15:01:51.453000,420.0753848324822,995
2024-09-19 15:01:51.454000,420.0947483928639,104
2024-09-19 15:01:51.470000,420.04047087719056,97
2024-09-19 15:01:51.511000,420.0148258387567,1004
2024-09-19 15:01:51.530000,420.0964211998864,14
2024-09-19 15:01:51.586000,420.0950874160344,12
2024-09-19 15:01:51.644000,420.1277356792341,9
2024-09-19 15:01:51.658000,420.02890900573874,11
2024-09-19 15:01:51.665000,420.070219756157,102
2024-09-19 15:01:51.689000,420.1143481937221,1003
2024-09-19 15:01:51.732000,420.0284961706342,1005
2024-09-19 15:01:51.753000,420.0844496322506,95
2024-09-19 15:01:51.847000,420.0662962906222,1004
2024-09-19 15:01:51.855000,420.0238608644303,11
2024-09-19 15:01:51.876000,420.0827031285363,1004
2024-09-19 15:01:51.971000,420.1052222870564,101
2024-09-19 15:01:51.973000,420.0683205623308,100
2024-09-19 15:01:52.355000,416.24218365143815,996
2024-09-19 15:01:52.505000,420.08390047647697,96
2024-09-19 15:01:52.882000,420.0866090290677,15
2024-09-19 15:01:53,420.075419085954,99
2024-09-19 15:01:53.069000,420.0453478892393,101
2024-09-19 15:01:53.087000,420.0737284299812,12
2024-09-19 15:01:53.117000,420.0276034057705,97
2024-09-19 15:01:53.120000,419.95770052783575,97
2024-09-19 15:01:53.142000,420.0532604500079,100
2024-09-19 15:01:53.238000,419.9813907317511,1003
2024-09-19 15:01:53.314000,419.9592755307869,103
2024-09-19 15:01:53.318000,420.0911988960108,998
2024-09-19 15:01:53.455000,420.1025601128943,97
2024-09-19 15:01:53.526000,420.0159149590127,105
2024-09-19 15:01:53.607000,420.0013403899917,995
2024-09-19 15:01:53.626000,420.0167837468696,1005
2024-09-19 15:01:53.667000,420.0988880334257,8
2024-09-19 15:01:53.701000,420.0832651074778,11
2024-09-19 15:01:53.723000,419.9823541359865,1005
2024-09-19 15:01:53.747000,420.07190474518313,100
2024-09-19 15:01:53.770000,419.99669556154697,6
2024-09-19 15:01:53.774000,420.01495899299,1005
2024-09-19 15:01:53.819000,419.98258372599423,1000
2024-09-19 15:01:53.831000,420.0750090474842,1001
2024-09-19 15:01:53.949000,420.08557293663335,98
2024-09-19 15:01:53.977000,420.0924379115252,12
2024-09-19 15:01:54.153000,419.9821126370987,10
2024-09-19 15:01:54.206000,419.956144383806,96
2024-09-19 15:01:54.271000,419.9847815745457,96
2024-09-19 15:01:54.321000,419.9746869682256,5
2024-09-19 15:01:54.349000,419.96694415641264,104
2024-09-19 15:01:54.375000,419.9703104556402,102
2024-09-19 15:01:54.418000,419.9748680816511,999
2024-09-19 15:01:54.430000,419.9574161954208,1000
2024-09-19 15:01:54.496000,419.97786401032965,6
2024-09-19 15:01:54.523000,419.9465655811385,99
2024-09-19 15:01:54.589000,419.9589949152245,98
2024-09-19 15:01:54.793000,419.9604581971183,995
2024-09-19 15:01:54.809000,419.98868057997225,13
2024-09-19 15:01:55.101000,420.0216510388993,98
2024-09-19 15:01:55.184000,420.0011617033716,100
2024-09-19 15:01:55.318000,420.0111710317505,13
2024-09-19 15:01:55.699000,419.9893519338781,99
2024-09-19 15:01:55.918000,419.9771662300378,13
2024-09-19 15:01:55.943000,419.9957196753169,1004
2024-09-19 15:01:55.983000,420.0017282019194,96
2024-09-19 15:01:56.010000,420.0294259410055,9
2024-09-19 15:01:56.048000,420.050606669712,12
2024-09-19 15:01:56.086000,420.0243199871674,100
2024-09-19 15:01:56.092000,420.0617745896158,7
2024-09-19 15:01:56.111000,420.0433928908576,1002
2024-09-19 15:01:56.240000,420.07999364780494,96
2024-09-19 15:01:56.249000,420.0845444145546,1004
2024-09-19 15:01:56.437000,420.0871598662479,97
2024-09-19 15:01:56.442000,420.0917111690756,12
2024-09-19 15:01:56.442000,420.0939671051908,96
2024-09-19 15:01:56.630000,420.0238775930964,1005
2024-09-19 15:01:56.719000,420.0855645157578,12
2024-09-19 15:01:56.947000,420.0711176778299,1002
2024-09-19 15:01:57.321000,420.07574434541846,13
2024-09-19 15:01:57.371000,420.0596564391173,105
2024-09-19 15:01:57.961000,420.0814547684728,101
2024-09-19 15:01:58.093000,420.0342224649433,95
2024-09-19 15:01:58.162000,420.01415630641225,1003
2024-09-19 15:01:58.191000,420.0269861393671,97
2024-09-19 15:01:58.211000,419.9963035980635,1000
2024-09-19 15:01:58.290000,420.0279725143861,103
2024-09-19 15:01:58.327000,420.0463707980166,6
2024-09-19 15:01:58.491000,419.9962498064019,7
2024-09-19 15:01:58.652000,420.0010305545743,6
2024-09-19 15:01:58.849000,420.0230264270509,9
2024-09-19 15:01:58.938000,420.0151209653414,1001
2024-09-19 15:01:59.218000,419.9771742708558,1005
2024-09-19 15:01:59.306000,419.99295155395896,10
2024-09-19 15:01:59.310000,420.0129570836151,13
2024-09-19 15:01:59.448000,420.0211526896058,9
2024-09-19 15:01:59.491000,420.013068681016,97
2024-09-19 15:01:59.549000,419.9759559538455,13
2024-09-19 15:01:59.919000,419.9772424481078,95
