Timestamp,Price,Size
2024-09-20 15:35:00.081000,428.3278180966163,8
2024-09-20 15:35:00.082000,428.344438782774,995
2024-09-20 15:35:00.111000,428.32048476150015,12
2024-09-20 15:35:00.113000,428.32112657649066,1003
2024-09-20 15:35:00.138000,428.3249758615556,7
2024-09-20 15:35:00.146000,428.3169935955046,15
2024-09-20 15:35:00.234000,428.3121629579112,103
2024-09-20 15:35:00.270000,428.3332363838929,99
2024-09-20 15:35:00.306000,428.330392338098,100
2024-09-20 15:35:00.419000,428.339607115947,5
2024-09-20 15:35:00.490000,428.3458209827983,104
2024-09-20 15:35:00.666000,428.3501580025208,98
2024-09-20 15:35:00.730000,428.3191413028102,98
2024-09-20 15:35:00.828000,428.3278712812437,15
2024-09-20 15:35:00.911000,428.31813189622255,7
2024-09-20 15:35:00.950000,428.3508304115769,103
2024-09-20 15:35:01.076000,428.3497409699647,97
2024-09-20 15:35:01.117000,428.33525969728447,1001
2024-09-20 15:35:01.422000,428.37392982469504,96
2024-09-20 15:35:01.896000,428.33685102006297,102
2024-09-20 15:35:02.004000,428.3516260890002,13
2024-09-20 15:35:02.110000,428.3512667778589,95
2024-09-20 15:35:02.252000,428.3373804502119,6
2024-09-20 15:35:02.258000,428.3800890149847,14
2024-09-20 15:35:02.278000,428.3858734098197,6
2024-09-20 15:35:02.293000,428.37984906161154,97
2024-09-20 15:35:02.380000,428.3736851583237,95
2024-09-20 15:35:02.395000,428.3674326360273,99
2024-09-20 15:35:02.445000,428.3456688377951,999
2024-09-20 15:35:02.517000,428.3622738197491,996
2024-09-20 15:35:02.542000,428.3675196734427,5
2024-09-20 15:35:02.558000,428.3998425655346,1004
2024-09-20 15:35:02.815000,428.3533883524048,100
2024-09-20 15:35:02.862000,428.36914990558665,99
2024-09-20 15:35:02.892000,428.3601065158002,100
2024-09-20 15:35:02.908000,428.34195394498425,6
2024-09-20 15:35:02.968000,428.3771927258549,8
2024-09-20 15:35:03.072000,428.36951491497433,12
2024-09-20 15:35:03.115000,428.3272547808327,102
2024-09-20 15:35:03.128000,428.34713509203743,103
2024-09-20 15:35:03.254000,428.33222105106046,7
2024-09-20 15:35:03.336000,428.3370202870424,97
2024-09-20 15:35:03.352000,428.3362696635882,1002
2024-09-20 15:35:03.411000,428.3274941370022,1005
2024-09-20 15:35:03.427000,428.36005767619065,99
2024-09-20 15:35:03.498000,422.4903559896829,13
2024-09-20 15:35:03.510000,428.3378025002616,10
2024-09-20 15:35:03.554000,428.3690221467182,101
2024-09-20 15:35:03.607000,428.3101903374133,104
2024-09-20 15:35:03.634000,428.3464425819481,102
2024-09-20 15:35:03.650000,428.3447178166632,998
2024-09-20 15:35:03.660000,428.3305561316139,12
2024-09-20 15:35:03.753000,428.3619694986759,100
2024-09-20 15:35:03.767000,428.3560152454267,998
2024-09-20 15:35:03.769000,428.3299250932795,6
2024-09-20 15:35:03.775000,428.33409123871104,5
2024-09-20 15:35:03.779000,428.3677091940738,1002
2024-09-20 15:35:03.830000,428.353209440457,1004
2024-09-20 15:35:03.847000,428.3285446486595,96
2024-09-20 15:35:03.861000,428.3210739491118,1005
2024-09-20 15:35:03.891000,428.3235315259696,7
2024-09-20 15:35:03.899000,428.32204442639255,104
2024-09-20 15:35:03.902000,428.3548271905464,96
2024-09-20 15:35:03.904000,428.3646673745121,11
2024-09-20 15:35:03.916000,428.3183414319655,99
2024-09-20 15:35:03.990000,428.3457679179616,100
2024-09-20 15:35:04.061000,428.3494304882933,97
2024-09-20 15:35:04.081000,428.36295854554106,996
2024-09-20 15:35:04.189000,428.3684945842933,11
2024-09-20 15:35:04.224000,428.33277964840033,1004
2024-09-20 15:35:04.255000,428.3536604058128,7
2024-09-20 15:35:04.308000,428.3770568766229,14
2024-09-20 15:35:04.379000,428.33933532419337,9
2024-09-20 15:35:04.466000,428.3410499209264,6
2024-09-20 15:35:04.565000,428.3559472327038,98
2024-09-20 15:35:04.598000,428.351180363589,103
2024-09-20 15:35:04.635000,428.3567251638255,99
2024-09-20 15:35:04.744000,428.3423727530405,99
2024-09-20 15:35:04.751000,428.3309300177268,1002
2024-09-20 15:35:04.778000,428.3358580724643,997
2024-09-20 15:35:04.842000,428.3486910925936,995
2024-09-20 15:35:04.890000,428.342099765076,14
2024-09-20 15:35:04.916000,428.33855125245134,7
2024-09-20 15:35:04.968000,428.352215808175,998
2024-09-20 15:35:04.976000,428.3389908955154,11
2024-09-20 15:35:05.024000,428.3759092824568,97
2024-09-20 15:35:05.125000,428.3625510204116,10
2024-09-20 15:35:05.134000,428.3395305100137,15
2024-09-20 15:35:05.195000,428.3667378860858,997
2024-09-20 15:35:05.244000,428.3873551226771,997
2024-09-20 15:35:05.296000,428.3636310723557,1004
2024-09-20 15:35:05.319000,428.3839802176003,100
2024-09-20 15:35:05.332000,428.37930957240656,997
2024-09-20 15:35:05.370000,428.3098533632126,13
2024-09-20 15:35:05.389000,428.31858688405975,103
2024-09-20 15:35:05.389000,428.3830711127811,5
2024-09-20 15:35:05.438000,428.3825568317326,6
2024-09-20 15:35:05.439000,428.3400251731016,1001
2024-09-20 15:35:05.493000,428.34348075143737,104
2024-09-20 15:35:05.496000,428.392519595644,12
2024-09-20 15:35:05.513000,428.3388129980249,105
2024-09-20 15:35:05.524000,428.328471574257,996
2024-09-20 15:35:05.531000,428.3777666765569,1004
2024-09-20 15:35:05.562000,428.3598087041567,1001
2024-09-20 15:35:05.687000,428.3914486719588,14
2024-09-20 15:35:05.733000,428.3886649147665,105
2024-09-20 15:35:05.846000,428.32306426709175,8
2024-09-20 15:35:05.903000,428.3962297233096,102
2024-09-20 15:35:05.913000,428.34851053950587,102
2024-09-20 15:35:05.957000,428.3858024084451,97
2024-09-20 15:35:05.991000,428.3365501147948,1002
2024-09-20 15:35:06,428.3370282510808,13
2024-09-20 15:35:06.031000,428.3366041548332,13
2024-09-20 15:35:06.048000,428.3414161612652,100
2024-09-20 15:35:06.076000,428.4297832218287,98
2024-09-20 15:35:06.195000,428.42578143554135,999
2024-09-20 15:35:06.202000,428.3620836811017,9
2024-09-20 15:35:06.236000,428.3298421042011,97
2024-09-20 15:35:06.257000,428.32575994797446,8
2024-09-20 15:35:06.272000,428.3577605264898,9
2024-09-20 15:35:06.332000,428.3524505087352,996
2024-09-20 15:35:06.348000,428.3790018948434,103
2024-09-20 15:35:06.378000,428.31814774660415,11
2024-09-20 15:35:06.411000,428.3829952218966,997
2024-09-20 15:35:06.436000,428.33616635823614,14
2024-09-20 15:35:06.439000,428.3915897684825,1003
2024-09-20 15:35:06.540000,428.3927097202437,6
2024-09-20 15:35:06.545000,428.3485852673621,8
2024-09-20 15:35:06.589000,428.3380908240864,11
2024-09-20 15:35:06.667000,428.3479420984773,95
2024-09-20 15:35:06.670000,428.33631406917743,1004
2024-09-20 15:35:06.701000,428.41541532430494,101
2024-09-20 15:35:06.720000,428.3810577774705,997
2024-09-20 15:35:06.746000,428.3654192860444,11
2024-09-20 15:35:06.776000,428.4086266210596,9
2024-09-20 15:35:06.781000,428.3813231270252,999
2024-09-20 15:35:06.791000,428.3403243990076,12
2024-09-20 15:35:07.157000,428.4715773604647,15
2024-09-20 15:35:07.254000,428.4379151707557,6
2024-09-20 15:35:07.348000,428.4558124080672,11
2024-09-20 15:35:07.421000,428.4299357930372,1000
2024-09-20 15:35:07.575000,428.4708689642608,105
2024-09-20 15:35:07.918000,428.4615761706392,101
2024-09-20 15:35:08.006000,428.4378488743361,995
2024-09-20 15:35:08.014000,428.425643010668,11
2024-09-20 15:35:08.024000,428.4227735606084,1000
2024-09-20 15:35:08.048000,428.4007984065034,99
2024-09-20 15:35:08.050000,428.4385414620901,104
2024-09-20 15:35:08.056000,428.4485378572169,5
2024-09-20 15:35:08.099000,428.4137201578168,12
2024-09-20 15:35:08.136000,428.4286847287625,102
2024-09-20 15:35:08.261000,428.4250041799888,98
2024-09-20 15:35:08.295000,428.41793101258247,998
2024-09-20 15:35:08.337000,428.4199826673829,1001
2024-09-20 15:35:08.381000,428.4633326808204,1005
2024-09-20 15:35:08.445000,428.374006792376,105
2024-09-20 15:35:08.449000,428.4477697013585,9
2024-09-20 15:35:08.453000,428.4430307827963,102
2024-09-20 15:35:08.454000,428.4747212422244,105
2024-09-20 15:35:08.471000,428.4183880342328,1004
2024-09-20 15:35:08.512000,428.4242279169412,1005
2024-09-20 15:35:08.527000,428.4681744156129,1005
2024-09-20 15:35:08.635000,428.4619188157105,998
2024-09-20 15:35:08.674000,428.4376667151393,8
2024-09-20 15:35:08.692000,428.42337630982325,1005
2024-09-20 15:35:08.696000,428.44023163845424,95
2024-09-20 15:35:08.726000,428.4479231900037,5
2024-09-20 15:35:08.727000,428.4553042718807,12
2024-09-20 15:35:08.776000,428.4559782605661,8
2024-09-20 15:35:08.793000,428.38427569119807,102
2024-09-20 15:35:09.026000,428.4309001370914,95
2024-09-20 15:35:09.044000,428.4151007725226,9
2024-09-20 15:35:09.045000,428.44773142803,1001
2024-09-20 15:35:09.052000,428.4238449174247,7
2024-09-20 15:35:09.142000,428.4301143227685,6
2024-09-20 15:35:09.160000,428.4617178271607,1003
2024-09-20 15:35:09.222000,428.4321718707601,96
2024-09-20 15:35:09.270000,428.38490957160127,104
2024-09-20 15:35:09.386000,428.39061293812057,995
2024-09-20 15:35:09.387000,428.4184498289289,12
2024-09-20 15:35:09.508000,428.4138239682069,13
2024-09-20 15:35:09.513000,428.394189408298,1000
2024-09-20 15:35:09.703000,428.4395565641872,1003
2024-09-20 15:35:09.780000,428.4137655585093,1003
2024-09-20 15:35:09.807000,428.3892498200042,97
2024-09-20 15:35:09.810000,428.409181903809,95
2024-09-20 15:35:09.850000,428.45731854146726,98
2024-09-20 15:35:09.903000,428.3726330918089,104
2024-09-20 15:35:09.972000,428.44505232171946,105
2024-09-20 15:35:10.152000,428.39298328746526,104
2024-09-20 15:35:10.209000,428.3318687090876,14
2024-09-20 15:35:10.251000,428.4053416436252,98
2024-09-20 15:35:10.275000,428.3382971925664,6
2024-09-20 15:35:10.286000,428.3595331301374,999
2024-09-20 15:35:10.303000,428.2902319482423,1003
2024-09-20 15:35:10.359000,428.3198027156352,9
2024-09-20 15:35:10.425000,428.4019609074392,15
2024-09-20 15:35:10.488000,428.3015757653087,998
2024-09-20 15:35:10.510000,428.3564205572803,997
2024-09-20 15:35:10.543000,428.3085250363778,13
2024-09-20 15:35:10.547000,428.33960526672,100
2024-09-20 15:35:10.656000,428.3206606886944,997
2024-09-20 15:35:10.711000,428.3448058749764,96
2024-09-20 15:35:10.758000,428.3408983380529,1002
2024-09-20 15:35:10.763000,428.327574220146,1004
2024-09-20 15:35:10.792000,428.3625894920421,997
2024-09-20 15:35:10.839000,428.38138352121325,1002
2024-09-20 15:35:10.874000,428.3056023147364,14
2024-09-20 15:35:10.881000,428.3299955178582,97
2024-09-20 15:35:10.887000,428.33370246342406,6
2024-09-20 15:35:10.923000,428.3278749556452,1004
2024-09-20 15:35:10.942000,428.3487497115281,1002
2024-09-20 15:35:10.969000,428.3825688815904,1002
2024-09-20 15:35:11.045000,428.30715980164126,998
2024-09-20 15:35:11.075000,428.29341563236346,98
2024-09-20 15:35:11.101000,428.2976204300058,1003
2024-09-20 15:35:11.170000,428.3187058413728,5
2024-09-20 15:35:11.290000,428.29186067355926,100
2024-09-20 15:35:11.368000,428.3804078330176,12
2024-09-20 15:35:11.504000,428.2957333498954,13
2024-09-20 15:35:11.541000,428.3700236311317,96
2024-09-20 15:35:11.543000,428.3288777385337,997
2024-09-20 15:35:11.603000,428.3394781637373,1003
2024-09-20 15:35:11.657000,428.27348935379,100
2024-09-20 15:35:11.728000,428.3457515199648,13
2024-09-20 15:35:11.778000,428.3227383207237,14
2024-09-20 15:35:11.804000,428.3676061042138,1003
2024-09-20 15:35:11.896000,428.3833649562672,6
2024-09-20 15:35:11.912000,428.2795279204569,1000
2024-09-20 15:35:11.921000,428.37805547699503,1002
2024-09-20 15:35:11.987000,428.3220230042694,100
2024-09-20 15:35:12.001000,428.3931316726296,1001
2024-09-20 15:35:12.017000,428.4217443402235,10
2024-09-20 15:35:12.038000,428.4454594343223,101
2024-09-20 15:35:12.042000,428.3907633530839,11
2024-09-20 15:35:12.043000,428.4328578560754,997
2024-09-20 15:35:12.062000,428.37174167864725,1001
2024-09-20 15:35:12.128000,428.4399900617287,104
2024-09-20 15:35:12.267000,428.43030830838734,997
2024-09-20 15:35:12.311000,428.3587704708792,12
2024-09-20 15:35:12.346000,428.3712408815397,95
2024-09-20 15:35:12.359000,428.39379556846814,998
2024-09-20 15:35:12.360000,428.385754165324,997
2024-09-20 15:35:12.405000,428.3843111599912,7
2024-09-20 15:35:12.412000,428.3856803672607,100
2024-09-20 15:35:12.502000,428.4446890258001,104
2024-09-20 15:35:12.538000,428.4248018936344,1005
2024-09-20 15:35:12.591000,428.4225935289804,7
2024-09-20 15:35:12.616000,428.42918978816783,1002
2024-09-20 15:35:12.650000,428.4172592020306,13
2024-09-20 15:35:12.655000,428.4240309146518,99
2024-09-20 15:35:12.718000,428.38472415404505,14
2024-09-20 15:35:12.757000,428.4348833511643,999
2024-09-20 15:35:12.779000,428.42377381936205,1000
2024-09-20 15:35:12.791000,428.40970290331927,1003
2024-09-20 15:35:12.848000,428.3784767894721,7
2024-09-20 15:35:12.887000,428.4162022931718,995
2024-09-20 15:35:12.924000,428.4164828367905,10
2024-09-20 15:35:12.929000,428.3861982203249,9
2024-09-20 15:35:13.009000,428.4430812320136,996
2024-09-20 15:35:13.520000,428.4480858785386,6
2024-09-20 15:35:14.019000,428.4748484001927,999
2024-09-20 15:35:14.048000,428.4294142825735,997
2024-09-20 15:35:14.076000,428.4396754367176,105
2024-09-20 15:35:14.286000,428.425941291917,7
2024-09-20 15:35:14.338000,428.4608572037774,1004
2024-09-20 15:35:14.365000,428.4504047870109,13
2024-09-20 15:35:14.375000,428.4383170058491,99
2024-09-20 15:35:14.392000,428.4356052684968,7
2024-09-20 15:35:14.475000,428.4589325789461,14
2024-09-20 15:35:14.639000,428.4378507547796,1003
2024-09-20 15:35:14.660000,428.4506760019521,1002
2024-09-20 15:35:14.717000,428.4670972493587,1002
2024-09-20 15:35:14.719000,428.4417449101088,1001
2024-09-20 15:35:14.777000,428.48846004498745,10
2024-09-20 15:35:14.935000,428.4458472475968,98
2024-09-20 15:35:14.940000,428.4470832488725,995
2024-09-20 15:35:15.013000,428.5465820972037,13
2024-09-20 15:35:15.018000,428.5470565242503,14
2024-09-20 15:35:15.102000,422.3037293817996,1004
2024-09-20 15:35:15.136000,428.5474945821396,1005
2024-09-20 15:35:15.136000,428.5185446677755,15
2024-09-20 15:35:15.137000,428.534453052168,6
2024-09-20 15:35:15.140000,428.5143981553891,1001
2024-09-20 15:35:15.238000,428.5326104207607,1003
2024-09-20 15:35:15.298000,428.5413752055497,105
2024-09-20 15:35:15.417000,428.5549854466892,95
2024-09-20 15:35:15.526000,428.53430315804655,95
2024-09-20 15:35:15.539000,428.5363605588311,98
2024-09-20 15:35:15.597000,428.5376181680325,1003
2024-09-20 15:35:15.600000,428.53666775429446,1000
2024-09-20 15:35:15.635000,428.5179480890452,998
2024-09-20 15:35:15.791000,428.5509934937111,997
2024-09-20 15:35:15.820000,428.54318790118725,101
2024-09-20 15:35:15.835000,428.5366364250057,1003
2024-09-20 15:35:16.051000,428.5473742398759,15
2024-09-20 15:35:16.132000,428.52962208058034,10
2024-09-20 15:35:16.223000,428.52221633800616,1000
2024-09-20 15:35:16.321000,428.519334444578,105
2024-09-20 15:35:16.392000,428.5483934572141,1005
2024-09-20 15:35:16.418000,428.5532505073848,996
2024-09-20 15:35:16.586000,428.53522285880007,5
2024-09-20 15:35:16.599000,428.51753437063405,99
2024-09-20 15:35:16.603000,428.5410098357604,1002
2024-09-20 15:35:16.686000,428.52972556844,97
2024-09-20 15:35:16.722000,428.5246726963508,1002
2024-09-20 15:35:16.823000,428.5431087050879,15
2024-09-20 15:35:16.855000,428.53085411142143,102
2024-09-20 15:35:16.920000,428.5512462534654,1005
2024-09-20 15:35:16.920000,428.5263318095346,15
2024-09-20 15:35:16.944000,428.54294349079765,1000
2024-09-20 15:35:16.995000,428.527816597736,6
2024-09-20 15:35:17.144000,428.5244635074839,103
2024-09-20 15:35:17.250000,428.51095713826055,97
2024-09-20 15:35:17.491000,428.540470667166,13
2024-09-20 15:35:17.504000,428.531449454212,95
2024-09-20 15:35:17.531000,428.5028530691576,999
2024-09-20 15:35:17.878000,428.5088491419631,13
2024-09-20 15:35:17.890000,428.5318545698462,105
2024-09-20 15:35:18.009000,428.6551837628835,10
2024-09-20 15:35:18.106000,428.56154033958535,101
2024-09-20 15:35:18.154000,428.5892965499274,11
2024-09-20 15:35:18.159000,428.511775833232,999
2024-09-20 15:35:18.170000,428.60554203664657,98
2024-09-20 15:35:18.181000,428.6193279118467,999
2024-09-20 15:35:18.226000,428.6378927639504,9
2024-09-20 15:35:18.233000,428.53892842070906,999
2024-09-20 15:35:18.250000,428.6616013295209,101
2024-09-20 15:35:18.367000,428.6755686621234,8
2024-09-20 15:35:18.390000,428.5381726255949,10
2024-09-20 15:35:18.410000,428.6645572517372,98
2024-09-20 15:35:18.411000,428.5420520639908,97
2024-09-20 15:35:18.523000,428.5773781919439,104
2024-09-20 15:35:18.546000,428.66081547258,96
2024-09-20 15:35:18.594000,428.6772968903611,1001
2024-09-20 15:35:18.835000,428.56831484867047,1000
2024-09-20 15:35:18.899000,428.65156191286496,9
2024-09-20 15:35:18.938000,428.6914020642085,13
2024-09-20 15:35:19.195000,428.69185850130737,997
2024-09-20 15:35:19.209000,428.7598668696061,103
2024-09-20 15:35:19.230000,428.7361821748953,1005
2024-09-20 15:35:19.235000,428.75785379982426,10
2024-09-20 15:35:19.304000,428.7454172254595,98
2024-09-20 15:35:19.306000,428.7481233002209,11
2024-09-20 15:35:19.345000,428.6443445981236,1001
2024-09-20 15:35:19.351000,428.7232154738224,995
2024-09-20 15:35:19.365000,428.6616181308604,11
2024-09-20 15:35:19.369000,428.6914689713142,95
2024-09-20 15:35:19.394000,428.6435234485253,9
2024-09-20 15:35:19.404000,428.681795563997,103
2024-09-20 15:35:19.458000,428.7635259569193,1003
2024-09-20 15:35:19.529000,428.71715542910886,9
2024-09-20 15:35:19.590000,428.7083391130147,1000
2024-09-20 15:35:19.599000,428.7631655654931,103
2024-09-20 15:35:19.736000,428.7379549243509,104
2024-09-20 15:35:19.748000,428.7453102658405,1004
2024-09-20 15:35:19.787000,422.4641337189581,1005
2024-09-20 15:35:19.829000,428.6693869900837,103
2024-09-20 15:35:19.903000,428.6384930844191,11
2024-09-20 15:35:19.985000,428.76967271462047,97
2024-09-20 15:35:20.085000,428.7117275229896,97
2024-09-20 15:35:20.101000,428.7283201532276,998
2024-09-20 15:35:20.203000,428.7319663352846,997
2024-09-20 15:35:20.241000,428.7110713847576,999
2024-09-20 15:35:20.241000,428.7337185145696,1002
2024-09-20 15:35:20.346000,428.7552108104617,999
2024-09-20 15:35:20.410000,428.735791277042,9
2024-09-20 15:35:20.491000,428.7018878996435,105
2024-09-20 15:35:20.570000,428.7188495668223,1004
2024-09-20 15:35:20.571000,428.7301942150501,1002
2024-09-20 15:35:20.590000,428.72796669783423,997
2024-09-20 15:35:20.637000,428.7452036654996,95
2024-09-20 15:35:20.734000,428.7108172866954,1001
2024-09-20 15:35:20.782000,428.7370792886936,13
2024-09-20 15:35:20.838000,428.7215783467845,6
2024-09-20 15:35:20.874000,428.7178638387986,98
2024-09-20 15:35:20.909000,428.7444103067388,100
2024-09-20 15:35:21.133000,428.7746559365295,12
2024-09-20 15:35:21.148000,428.76483970223495,11
2024-09-20 15:35:21.170000,428.7590097246262,103
2024-09-20 15:35:21.231000,422.4539606616381,1002
2024-09-20 15:35:21.301000,428.7320133055495,11
2024-09-20 15:35:21.311000,428.7452193516186,1004
2024-09-20 15:35:21.332000,428.7657273156104,102
2024-09-20 15:35:21.390000,428.779392865782,8
2024-09-20 15:35:21.487000,428.73296072416025,97
2024-09-20 15:35:21.503000,428.781140561405,100
2024-09-20 15:35:21.508000,428.78575233761165,95
2024-09-20 15:35:21.598000,428.7347782293013,11
2024-09-20 15:35:21.637000,428.7201125317917,12
2024-09-20 15:35:21.666000,428.7939411352987,6
2024-09-20 15:35:21.757000,428.7394730556679,104
2024-09-20 15:35:21.794000,428.7724712649728,95
2024-09-20 15:35:21.815000,428.7151010354985,97
2024-09-20 15:35:21.846000,428.72325629684224,8
2024-09-20 15:35:21.876000,428.7794746595272,99
2024-09-20 15:35:22.024000,428.76001718839785,12
2024-09-20 15:35:22.036000,428.7560949548303,13
2024-09-20 15:35:22.078000,428.7755670693044,6
2024-09-20 15:35:22.086000,428.7785084001445,1005
2024-09-20 15:35:22.111000,428.7597704686834,104
2024-09-20 15:35:22.143000,428.774045258583,105
2024-09-20 15:35:22.161000,428.80699912567263,105
2024-09-20 15:35:22.201000,428.7626052576522,12
2024-09-20 15:35:22.203000,428.7830533240201,96
2024-09-20 15:35:22.276000,428.7749342075557,999
2024-09-20 15:35:22.323000,428.770943097803,1003
2024-09-20 15:35:22.326000,428.7781477510801,1004
2024-09-20 15:35:22.347000,428.7891602295888,10
2024-09-20 15:35:22.366000,428.8030230980256,102
2024-09-20 15:35:22.395000,422.3690972021169,98
2024-09-20 15:35:22.404000,428.7849953709566,14
2024-09-20 15:35:22.407000,428.79045804585934,103
2024-09-20 15:35:22.413000,428.8078883816027,9
2024-09-20 15:35:22.552000,428.7645594366663,8
2024-09-20 15:35:22.610000,428.7768304373499,96
2024-09-20 15:35:22.613000,428.7845713310797,11
2024-09-20 15:35:22.686000,428.7850518289413,1004
2024-09-20 15:35:22.714000,428.7730640728062,999
2024-09-20 15:35:22.813000,428.7917627492409,96
2024-09-20 15:35:22.832000,428.77852894421545,8
2024-09-20 15:35:22.895000,428.7572357466081,998
2024-09-20 15:35:22.921000,428.7906289663603,13
2024-09-20 15:35:23.008000,428.68657763719983,98
2024-09-20 15:35:23.135000,428.7352786668943,995
2024-09-20 15:35:23.193000,428.7442645706938,14
2024-09-20 15:35:23.248000,428.7532419022303,995
2024-09-20 15:35:23.856000,422.4331071133856,1004
2024-09-20 15:35:23.886000,428.6948189310491,103
2024-09-20 15:35:24.016000,428.69251509828496,14
2024-09-20 15:35:24.129000,428.709215386103,9
2024-09-20 15:35:24.142000,428.7053377727282,103
2024-09-20 15:35:24.143000,428.6857737382808,8
2024-09-20 15:35:24.210000,428.7057453549993,105
2024-09-20 15:35:24.245000,428.6836072392354,1005
2024-09-20 15:35:24.323000,428.6919964278075,102
2024-09-20 15:35:24.385000,428.662700100772,5
2024-09-20 15:35:24.410000,428.66955923966447,998
2024-09-20 15:35:24.428000,428.7319681907621,101
2024-09-20 15:35:24.437000,428.6964289450328,9
2024-09-20 15:35:24.451000,428.6853128295774,14
2024-09-20 15:35:24.488000,428.69874394118494,101
2024-09-20 15:35:24.597000,428.7101964670289,998
2024-09-20 15:35:24.631000,428.6734778081552,100
2024-09-20 15:35:24.662000,428.6999824250185,105
2024-09-20 15:35:24.708000,428.6772941038277,1001
2024-09-20 15:35:24.715000,428.71731834914215,1004
2024-09-20 15:35:24.783000,428.7023543098993,11
2024-09-20 15:35:24.791000,428.6541996654145,1002
2024-09-20 15:35:24.800000,428.6696194444823,100
2024-09-20 15:35:24.802000,428.68472045860574,105
2024-09-20 15:35:24.904000,428.694967607682,997
2024-09-20 15:35:24.987000,428.6883237414049,6
2024-09-20 15:35:24.994000,428.6471885567035,100
2024-09-20 15:35:25.140000,428.708072062517,996
2024-09-20 15:35:25.231000,428.702093886976,100
2024-09-20 15:35:25.240000,428.718719295151,11
2024-09-20 15:35:25.270000,428.723735026272,13
2024-09-20 15:35:25.309000,428.6445390018095,103
2024-09-20 15:35:25.445000,428.6952946810971,12
2024-09-20 15:35:25.469000,422.35799825912295,96
2024-09-20 15:35:25.481000,428.6860583327769,998
2024-09-20 15:35:25.520000,428.6675473124678,104
2024-09-20 15:35:25.655000,428.7160115637325,97
2024-09-20 15:35:25.709000,428.7234908266426,998
2024-09-20 15:35:25.759000,428.6660502808517,9
2024-09-20 15:35:25.769000,428.7138015238941,12
2024-09-20 15:35:25.814000,428.7305249574993,1005
2024-09-20 15:35:25.872000,428.71717110757055,104
2024-09-20 15:35:25.908000,428.7393985436662,9
2024-09-20 15:35:25.915000,428.7153693507911,997
2024-09-20 15:35:25.994000,428.7106495824044,1005
2024-09-20 15:35:26.049000,428.6715532390889,999
2024-09-20 15:35:26.218000,428.66326917890245,98
2024-09-20 15:35:26.401000,428.6559638804164,999
2024-09-20 15:35:26.578000,428.6429130180009,1003
2024-09-20 15:35:26.780000,428.6659923015157,95
2024-09-20 15:35:26.855000,428.66316679112776,97
2024-09-20 15:35:26.890000,428.6556951767921,1004
2024-09-20 15:35:27.032000,428.6747654824473,105
2024-09-20 15:35:27.830000,428.6834063287946,95
2024-09-20 15:35:28.021000,428.6741871902488,995
2024-09-20 15:35:28.269000,428.6763883819419,105
2024-09-20 15:35:28.633000,428.703498545247,6
2024-09-20 15:35:28.789000,428.6824687561865,103
2024-09-20 15:35:30.021000,428.6667724526042,13
2024-09-20 15:35:30.059000,428.65560081647385,8
2024-09-20 15:35:30.082000,428.6897335454385,96
2024-09-20 15:35:30.087000,428.6539057140343,1001
2024-09-20 15:35:30.095000,428.7245023250893,1002
2024-09-20 15:35:30.113000,428.6840846579022,10
2024-09-20 15:35:30.170000,428.7006673159906,99
2024-09-20 15:35:30.204000,428.6748550012689,1005
2024-09-20 15:35:30.221000,428.7164836730708,1003
2024-09-20 15:35:30.229000,428.6961556124066,14
2024-09-20 15:35:30.317000,428.7182023010756,1001
2024-09-20 15:35:30.357000,428.6766831012658,95
2024-09-20 15:35:30.365000,428.700101499514,7
2024-09-20 15:35:30.399000,428.6661695352848,1004
2024-09-20 15:35:30.431000,428.6776878603478,6
2024-09-20 15:35:30.451000,428.7062605933666,997
2024-09-20 15:35:30.474000,428.7036041329923,1004
2024-09-20 15:35:30.486000,428.6618339184736,997
2024-09-20 15:35:30.490000,428.7045353102997,101
2024-09-20 15:35:30.510000,428.66732636688886,103
2024-09-20 15:35:30.524000,428.6956860433164,1005
2024-09-20 15:35:30.586000,428.6628731785713,101
2024-09-20 15:35:30.638000,428.7034465643417,96
2024-09-20 15:35:30.735000,428.68644950698086,995
2024-09-20 15:35:30.760000,428.6746119184815,101
2024-09-20 15:35:30.760000,428.6989507534957,1002
2024-09-20 15:35:30.784000,428.7171226210741,1002
2024-09-20 15:35:30.824000,428.6986331152543,1004
2024-09-20 15:35:30.940000,428.6646939918369,102
2024-09-20 15:35:32,428.6045663481001,99
2024-09-20 15:35:32.049000,428.627596379532,11
2024-09-20 15:35:32.086000,428.6255662891733,995
2024-09-20 15:35:32.103000,428.62107189325366,1002
2024-09-20 15:35:32.249000,428.6267706489506,105
2024-09-20 15:35:32.263000,428.6138774389703,99
2024-09-20 15:35:32.265000,428.6333155418258,6
2024-09-20 15:35:32.280000,428.6116994216665,999
2024-09-20 15:35:32.343000,428.6345741270986,1003
2024-09-20 15:35:32.353000,428.600982908621,99
2024-09-20 15:35:32.392000,428.577755092656,1003
2024-09-20 15:35:32.412000,428.5898550575505,13
2024-09-20 15:35:32.458000,428.5931450345576,999
2024-09-20 15:35:32.460000,428.6355992207438,7
2024-09-20 15:35:32.507000,428.641745367458,9
2024-09-20 15:35:32.508000,428.59557053847294,5
2024-09-20 15:35:32.538000,428.6517280395741,10
2024-09-20 15:35:32.571000,428.6004230475166,997
2024-09-20 15:35:32.593000,428.5946585238802,1002
2024-09-20 15:35:32.616000,428.5927034501448,8
2024-09-20 15:35:32.632000,428.6600266104372,1002
2024-09-20 15:35:32.655000,428.59643143095593,1000
2024-09-20 15:35:32.657000,428.6016103888732,6
2024-09-20 15:35:32.910000,428.5826314732864,98
2024-09-20 15:35:32.936000,428.62239398760977,11
2024-09-20 15:35:32.942000,428.6416531312055,7
2024-09-20 15:35:32.955000,428.6136507860149,101
2024-09-20 15:35:32.985000,428.61772304538886,95
2024-09-20 15:35:33.012000,428.67318439445125,99
2024-09-20 15:35:33.019000,428.6507249943201,97
2024-09-20 15:35:33.056000,428.6684685791571,998
2024-09-20 15:35:33.083000,428.6246462928349,1001
2024-09-20 15:35:33.128000,428.633673663608,95
2024-09-20 15:35:33.152000,428.676699928656,1005
2024-09-20 15:35:33.229000,428.66487861666025,8
2024-09-20 15:35:33.236000,428.6419828298588,995
2024-09-20 15:35:33.236000,428.6786769955218,13
2024-09-20 15:35:33.415000,428.6803913454205,1000
2024-09-20 15:35:33.430000,428.6650405716619,104
2024-09-20 15:35:33.595000,428.6746399065841,996
2024-09-20 15:35:33.624000,428.66741775462407,5
2024-09-20 15:35:33.716000,428.6811559379228,995
2024-09-20 15:35:33.739000,428.6470717885556,14
2024-09-20 15:35:33.767000,428.64641844969776,1002
2024-09-20 15:35:33.810000,428.6874682283438,1004
2024-09-20 15:35:33.811000,428.6707317801957,6
2024-09-20 15:35:33.853000,428.6826005544749,101
2024-09-20 15:35:33.945000,428.679174063005,97
2024-09-20 15:35:33.946000,428.6658381326496,15
2024-09-20 15:35:33.996000,428.6582791112245,1002
2024-09-20 15:35:34.012000,428.8858483929163,1002
2024-09-20 15:35:34.126000,428.68999286985553,12
2024-09-20 15:35:34.149000,428.751152732132,103
2024-09-20 15:35:34.158000,428.7383861368668,1001
2024-09-20 15:35:34.192000,428.7622602197372,1005
2024-09-20 15:35:34.213000,428.8430668449902,11
2024-09-20 15:35:34.239000,428.77780434730846,5
2024-09-20 15:35:34.294000,428.84260326956985,14
2024-09-20 15:35:34.321000,428.688118847308,1004
2024-09-20 15:35:34.433000,428.7633706248092,1005
2024-09-20 15:35:34.550000,428.7341861597703,996
2024-09-20 15:35:34.592000,428.71018913227607,15
2024-09-20 15:35:34.603000,428.7450113854917,9
2024-09-20 15:35:34.609000,428.8079349171901,996
2024-09-20 15:35:34.662000,428.6902704692668,5
2024-09-20 15:35:34.725000,428.6781513153172,1001
2024-09-20 15:35:34.742000,428.7466403056439,97
2024-09-20 15:35:34.872000,428.832049514393,15
2024-09-20 15:35:34.890000,428.741274812043,10
2024-09-20 15:35:34.896000,428.8510775354141,8
2024-09-20 15:35:34.916000,428.79388984219526,6
2024-09-20 15:35:34.934000,428.733054979778,7
2024-09-20 15:35:36.045000,428.8423796577318,100
2024-09-20 15:35:36.285000,428.8650046722937,96
2024-09-20 15:35:36.697000,428.8680477232365,7
2024-09-20 15:35:36.765000,428.867568646232,1004
2024-09-20 15:35:37.421000,428.8378909333206,100
2024-09-20 15:35:38.133000,428.7992024012504,102
2024-09-20 15:35:38.156000,428.7565554196918,10
2024-09-20 15:35:38.356000,428.7880786020409,98
2024-09-20 15:35:38.437000,428.8226641145392,95
2024-09-20 15:35:38.503000,428.7792094403677,996
2024-09-20 15:35:38.505000,428.7952005902377,97
2024-09-20 15:35:38.628000,428.787244191692,1000
2024-09-20 15:35:38.711000,428.78009930974713,15
2024-09-20 15:35:38.970000,428.7724607648043,5
2024-09-20 15:35:38.980000,428.8111667243013,14
2024-09-20 15:35:39.041000,428.8056972217028,996
2024-09-20 15:35:39.213000,428.8077985592043,95
2024-09-20 15:35:39.310000,428.7852989825565,995
2024-09-20 15:35:39.336000,428.78044002901066,11
2024-09-20 15:35:39.366000,428.7959482911294,5
2024-09-20 15:35:39.382000,428.7817474862438,13
2024-09-20 15:35:39.402000,428.7988219273381,8
2024-09-20 15:35:39.435000,428.7857204600114,1005
2024-09-20 15:35:39.446000,428.8125491455455,105
2024-09-20 15:35:39.656000,428.7927561748349,104
2024-09-20 15:35:39.672000,428.78163632628406,102
2024-09-20 15:35:39.679000,428.8124969817078,9
2024-09-20 15:35:39.757000,428.8049209718751,95
2024-09-20 15:35:39.787000,428.8020799202546,9
2024-09-20 15:35:40.093000,428.7595458477589,13
2024-09-20 15:35:40.227000,428.763943308398,99
2024-09-20 15:35:40.309000,428.7772297400948,10
2024-09-20 15:35:40.310000,428.7590768268908,100
2024-09-20 15:35:40.320000,428.7549747692681,1001
2024-09-20 15:35:40.721000,428.7592661959679,12
2024-09-20 15:35:40.827000,428.7648523826774,12
2024-09-20 15:35:40.854000,422.018027940945,6
2024-09-20 15:35:40.913000,428.7786262262831,1004
2024-09-20 15:35:40.958000,428.78341032087474,101
2024-09-20 15:35:41.200000,428.7951649491071,1001
2024-09-20 15:35:41.214000,428.7682502260214,99
2024-09-20 15:35:41.281000,428.7760155445076,100
2024-09-20 15:35:41.324000,428.76283278878685,996
2024-09-20 15:35:42.455000,428.7754443679174,97
2024-09-20 15:35:42.585000,428.791445021175,1000
2024-09-20 15:35:42.655000,428.7707637113509,1000
2024-09-20 15:35:42.830000,421.971126636396,1005
2024-09-20 15:35:42.978000,428.7683768171036,97
2024-09-20 15:35:43.379000,428.7850446683912,104
2024-09-20 15:35:44.068000,428.7477351738245,12
2024-09-20 15:35:44.084000,428.7489568565513,15
2024-09-20 15:35:44.212000,428.7571778144098,1003
2024-09-20 15:35:44.280000,428.77978930924326,1000
2024-09-20 15:35:44.638000,428.75608680938313,101
2024-09-20 15:35:44.690000,428.7538015318522,9
2024-09-20 15:35:44.815000,428.7524275602476,1002
2024-09-20 15:35:44.816000,428.7712236329432,98
2024-09-20 15:35:44.867000,428.7649820293236,13
2024-09-20 15:35:44.942000,428.7727565154312,100
2024-09-20 15:35:44.967000,428.7616796009492,103
2024-09-20 15:35:45.082000,428.7497160825198,97
2024-09-20 15:35:45.600000,428.7660037888726,5
2024-09-20 15:35:45.604000,428.7745541888036,996
2024-09-20 15:35:45.670000,428.7525952739839,96
2024-09-20 15:35:46.011000,428.6641079470189,9
2024-09-20 15:35:46.012000,428.7269000522418,14
2024-09-20 15:35:46.046000,428.722108657825,1004
2024-09-20 15:35:46.114000,428.7067047339556,11
2024-09-20 15:35:46.145000,428.6879745601675,7
2024-09-20 15:35:46.206000,428.7185117996294,998
2024-09-20 15:35:46.208000,428.7432514414008,998
2024-09-20 15:35:46.213000,428.6624229408129,98
2024-09-20 15:35:46.222000,428.6929868032113,105
2024-09-20 15:35:46.239000,428.73296098718185,6
2024-09-20 15:35:46.270000,428.6801929539282,999
2024-09-20 15:35:46.406000,428.759897534032,101
2024-09-20 15:35:46.425000,428.7381665916944,8
2024-09-20 15:35:46.433000,428.68077169214286,13
2024-09-20 15:35:46.514000,428.7585019333362,96
2024-09-20 15:35:46.520000,428.67843653019656,105
2024-09-20 15:35:46.584000,428.7315174491332,995
2024-09-20 15:35:46.623000,428.6891525476937,97
2024-09-20 15:35:46.650000,428.7570617737108,1001
2024-09-20 15:35:46.652000,428.7301781485315,5
2024-09-20 15:35:46.666000,428.656362385611,1005
2024-09-20 15:35:46.670000,428.7488142294961,12
2024-09-20 15:35:46.763000,428.693992129758,10
2024-09-20 15:35:46.776000,428.6852937461558,14
2024-09-20 15:35:46.837000,428.6584101859059,1000
2024-09-20 15:35:46.854000,428.7782777656644,14
2024-09-20 15:35:46.899000,428.7499065053251,997
2024-09-20 15:35:46.951000,428.6988143636295,998
2024-09-20 15:35:47.024000,428.6887077337511,1004
2024-09-20 15:35:47.129000,428.66919919794736,995
2024-09-20 15:35:47.163000,428.6883679388715,8
2024-09-20 15:35:47.270000,428.6411268468737,13
2024-09-20 15:35:47.293000,428.6338333638314,14
2024-09-20 15:35:47.296000,428.6304972455599,14
2024-09-20 15:35:47.308000,428.6900670918879,96
2024-09-20 15:35:47.377000,428.6182940100667,1000
2024-09-20 15:35:47.397000,428.6284548505221,104
2024-09-20 15:35:47.460000,428.6268030058105,14
2024-09-20 15:35:47.516000,428.6658331225474,12
2024-09-20 15:35:47.548000,428.6948836828916,14
2024-09-20 15:35:47.774000,428.6836981728872,103
2024-09-20 15:35:47.816000,428.6606365278559,5
2024-09-20 15:35:48.069000,428.6683040691636,1004
2024-09-20 15:35:48.086000,428.6690021506544,98
2024-09-20 15:35:48.097000,428.6754562110629,103
2024-09-20 15:35:48.125000,428.65306205131736,105
2024-09-20 15:35:48.128000,428.66719101536006,12
2024-09-20 15:35:48.157000,428.6626037645618,5
2024-09-20 15:35:48.304000,428.6702763556605,5
2024-09-20 15:35:48.307000,428.6684599668494,105
2024-09-20 15:35:48.355000,428.6600349032961,6
2024-09-20 15:35:48.376000,428.6608243654185,96
2024-09-20 15:35:48.396000,428.6692673256274,101
2024-09-20 15:35:48.402000,428.6544932186267,97
2024-09-20 15:35:48.412000,428.66302812783806,1002
2024-09-20 15:35:48.431000,428.67433288330193,1003
2024-09-20 15:35:48.534000,428.6317057920237,1002
2024-09-20 15:35:48.563000,428.6587998823482,96
2024-09-20 15:35:48.579000,428.6562619608485,1003
2024-09-20 15:35:48.640000,428.66770009146205,8
2024-09-20 15:35:48.673000,428.676138380757,101
2024-09-20 15:35:48.894000,428.6692015699721,99
2024-09-20 15:35:48.931000,428.662910769841,13
2024-09-20 15:35:48.937000,428.65250823056846,7
2024-09-20 15:35:49.153000,428.7298259579343,104
2024-09-20 15:35:49.261000,428.72273913987146,101
2024-09-20 15:35:49.283000,428.70520368266,1003
2024-09-20 15:35:49.291000,428.71950154146,995
2024-09-20 15:35:49.386000,428.694014636622,1005
2024-09-20 15:35:49.391000,428.6906819580085,1003
2024-09-20 15:35:49.406000,428.7212171046726,9
2024-09-20 15:35:49.503000,428.7149050196441,995
2024-09-20 15:35:49.520000,428.7118129778247,999
2024-09-20 15:35:49.664000,428.7084075597076,105
2024-09-20 15:35:49.758000,428.6980381847379,8
2024-09-20 15:35:49.823000,428.7175886790319,15
2024-09-20 15:35:49.847000,428.7043908160255,1005
2024-09-20 15:35:49.875000,428.7111396164499,96
2024-09-20 15:35:49.891000,428.66819861286086,14
2024-09-20 15:35:49.975000,428.75050718489325,999
2024-09-20 15:35:49.983000,428.71332145929,998
2024-09-20 15:35:49.986000,428.73697768525625,1001
2024-09-20 15:35:49.994000,428.684164158399,99
2024-09-20 15:35:50.120000,428.7031655781996,98
2024-09-20 15:35:50.126000,428.756240132098,1005
2024-09-20 15:35:50.213000,428.75702349235377,104
2024-09-20 15:35:50.261000,428.7612284159039,15
2024-09-20 15:35:50.372000,428.7255571246944,105
2024-09-20 15:35:50.544000,428.7065041662686,15
2024-09-20 15:35:50.563000,428.6710339842389,103
2024-09-20 15:35:50.564000,428.6225740185714,13
2024-09-20 15:35:50.590000,428.6777837031803,1003
2024-09-20 15:35:50.637000,428.68704005286247,9
2024-09-20 15:35:50.654000,428.633470316371,96
2024-09-20 15:35:50.687000,428.6351031671792,9
2024-09-20 15:35:50.725000,428.6525009919408,95
2024-09-20 15:35:50.740000,428.7348166958871,995
2024-09-20 15:35:50.869000,428.70782527165215,101
2024-09-20 15:35:50.940000,428.6369074950906,7
2024-09-20 15:35:50.961000,428.6424435663134,105
2024-09-20 15:35:51,428.6519140151617,996
2024-09-20 15:35:51.067000,428.64518468948353,1002
2024-09-20 15:35:51.112000,428.6299080681532,1001
2024-09-20 15:35:51.129000,428.6616859952802,7
2024-09-20 15:35:51.193000,428.62916628171735,1000
2024-09-20 15:35:51.228000,428.6728419738263,104
2024-09-20 15:35:51.325000,428.6379884840349,998
2024-09-20 15:35:51.336000,428.6410619319503,997
2024-09-20 15:35:51.357000,428.679622792642,1005
2024-09-20 15:35:51.476000,428.658670288121,14
2024-09-20 15:35:51.523000,428.67527658148384,1004
2024-09-20 15:35:51.612000,428.68271998265743,15
2024-09-20 15:35:51.622000,428.6921121718556,97
2024-09-20 15:35:51.672000,428.6790883869435,999
2024-09-20 15:35:51.673000,428.6722601096525,1003
2024-09-20 15:35:51.725000,428.6437579718093,10
2024-09-20 15:35:51.776000,428.6658451819985,95
2024-09-20 15:35:51.803000,428.6922877760466,102
2024-09-20 15:35:51.809000,428.6712321164035,997
2024-09-20 15:35:51.827000,428.6671839471434,1005
2024-09-20 15:35:51.842000,428.6771626901643,9
2024-09-20 15:35:51.851000,428.6331713876175,6
2024-09-20 15:35:51.858000,428.6844774327835,1003
2024-09-20 15:35:51.889000,428.6389337331083,95
2024-09-20 15:35:51.920000,428.6310482578687,15
2024-09-20 15:35:51.930000,428.6854382390855,10
2024-09-20 15:35:51.930000,428.6942086832296,12
2024-09-20 15:35:51.971000,428.6294105888492,13
2024-09-20 15:35:52.015000,428.5669346736649,15
2024-09-20 15:35:52.016000,428.5717311083977,12
2024-09-20 15:35:52.040000,428.5695533076482,995
2024-09-20 15:35:52.061000,428.57135170808186,1005
2024-09-20 15:35:52.082000,428.5784806314062,11
2024-09-20 15:35:52.095000,428.5851070110929,1005
2024-09-20 15:35:52.114000,428.57823243076206,996
2024-09-20 15:35:52.162000,428.5570445943672,10
2024-09-20 15:35:52.165000,428.5682006692165,999
2024-09-20 15:35:52.194000,428.56686927593626,95
2024-09-20 15:35:52.214000,428.5598693555386,104
2024-09-20 15:35:52.270000,428.6112813678294,95
2024-09-20 15:35:52.287000,428.56229801700414,100
2024-09-20 15:35:52.341000,428.5527422640708,97
2024-09-20 15:35:52.364000,428.57060380630907,102
2024-09-20 15:35:52.373000,428.5539376736977,7
2024-09-20 15:35:52.405000,428.5690607490839,99
2024-09-20 15:35:52.413000,428.57840540747617,1000
2024-09-20 15:35:52.452000,428.5453032409257,995
2024-09-20 15:35:52.510000,428.5678706411994,997
2024-09-20 15:35:52.539000,428.56762972641263,6
2024-09-20 15:35:52.646000,428.57438699526034,96
2024-09-20 15:35:52.662000,428.56249681715616,1003
2024-09-20 15:35:52.667000,428.56414199133735,105
2024-09-20 15:35:52.749000,428.5475106341864,105
2024-09-20 15:35:52.835000,428.5636576643368,8
2024-09-20 15:35:52.855000,428.5853928110797,10
2024-09-20 15:35:52.876000,428.5652721603007,998
2024-09-20 15:35:52.942000,428.5802138730232,995
2024-09-20 15:35:52.969000,428.58954262553806,96
2024-09-20 15:35:53.233000,428.577639407006,13
2024-09-20 15:35:53.274000,428.5658649557626,95
2024-09-20 15:35:53.331000,428.58500890275616,99
2024-09-20 15:35:53.370000,428.5710570677424,102
2024-09-20 15:35:53.379000,428.5734752734711,1003
2024-09-20 15:35:53.466000,428.55738817198136,105
2024-09-20 15:35:53.541000,428.55573041581,10
2024-09-20 15:35:53.542000,428.5610430762639,7
2024-09-20 15:35:53.556000,428.59998828624543,10
2024-09-20 15:35:53.571000,428.5387145896042,96
2024-09-20 15:35:53.603000,428.5639432970428,100
2024-09-20 15:35:53.626000,428.58338424853946,998
2024-09-20 15:35:53.652000,428.5924512094233,10
2024-09-20 15:35:53.700000,428.5812228970585,14
2024-09-20 15:35:53.716000,428.5691372192024,9
2024-09-20 15:35:53.817000,428.53975101093584,9
2024-09-20 15:35:53.820000,428.5566278520479,105
2024-09-20 15:35:53.838000,428.54640586411017,13
2024-09-20 15:35:53.967000,428.5756507146046,12
2024-09-20 15:35:54.037000,428.5237141289497,14
2024-09-20 15:35:54.070000,428.52031426933615,11
2024-09-20 15:35:54.073000,428.56888270376834,5
2024-09-20 15:35:54.134000,428.595757606726,5
2024-09-20 15:35:54.142000,428.5328595363972,98
2024-09-20 15:35:54.174000,428.51661303742407,10
2024-09-20 15:35:54.184000,428.50064054327805,997
2024-09-20 15:35:54.301000,428.5348651530069,5
2024-09-20 15:35:54.376000,428.5235135922484,10
2024-09-20 15:35:54.387000,428.51314589082966,102
2024-09-20 15:35:54.427000,428.5091607171627,99
2024-09-20 15:35:54.430000,428.5803187027944,105
2024-09-20 15:35:54.437000,428.51499875927567,99
2024-09-20 15:35:54.467000,428.4780437274288,1002
2024-09-20 15:35:54.560000,428.551787238088,11
2024-09-20 15:35:54.561000,428.52715834973634,98
2024-09-20 15:35:54.564000,428.5071833744836,8
2024-09-20 15:35:54.583000,428.5317678428492,12
2024-09-20 15:35:54.749000,428.5026697203492,997
2024-09-20 15:35:54.789000,428.5083289921817,1001
2024-09-20 15:35:54.936000,428.5108267888879,12
2024-09-20 15:35:54.948000,428.5213690868662,8
2024-09-20 15:35:54.965000,428.51956301547096,102
2024-09-20 15:35:54.988000,428.5187804511648,5
2024-09-20 15:35:55.205000,428.48839699680224,98
2024-09-20 15:35:55.236000,428.48829857811046,997
2024-09-20 15:35:55.788000,428.4830908791866,11
2024-09-20 15:35:55.813000,428.5012776333702,996
2024-09-20 15:35:55.838000,428.4951379731481,1005
2024-09-20 15:35:56.034000,428.4753413811503,98
2024-09-20 15:35:56.049000,428.499335874953,14
2024-09-20 15:35:56.062000,428.493232912215,7
2024-09-20 15:35:56.143000,428.4880053479806,8
2024-09-20 15:35:56.159000,428.4675995866005,1001
2024-09-20 15:35:56.174000,428.4811102275692,6
2024-09-20 15:35:56.206000,428.46784919246886,1003
2024-09-20 15:35:56.237000,428.4981032678685,14
2024-09-20 15:35:56.278000,428.4673860115873,998
2024-09-20 15:35:56.305000,428.4870316518341,10
2024-09-20 15:35:56.317000,428.4870928053909,997
2024-09-20 15:35:56.335000,428.4646215553017,7
2024-09-20 15:35:56.456000,428.4801476255272,1002
2024-09-20 15:35:56.460000,428.476311771926,1000
2024-09-20 15:35:56.510000,428.4962137591905,8
2024-09-20 15:35:56.521000,428.4746551930641,1003
2024-09-20 15:35:56.527000,428.4610584232628,101
2024-09-20 15:35:56.538000,428.4770772048068,8
2024-09-20 15:35:56.677000,428.4897810173797,95
2024-09-20 15:35:56.680000,428.4587328590393,100
2024-09-20 15:35:56.731000,428.4920317758685,99
2024-09-20 15:35:56.736000,428.4680755720557,13
2024-09-20 15:35:56.751000,428.4924518711732,998
2024-09-20 15:35:56.772000,428.4929906277442,105
2024-09-20 15:35:56.943000,428.4959169186801,97
2024-09-20 15:35:57.049000,428.4614003453052,8
2024-09-20 15:35:57.049000,428.4663046338516,97
2024-09-20 15:35:57.095000,428.4759202765468,97
2024-09-20 15:35:57.194000,428.48770542395954,1005
2024-09-20 15:35:57.242000,428.4723369462026,8
2024-09-20 15:35:57.258000,428.4761484561169,996
2024-09-20 15:35:57.289000,428.47480790693066,101
2024-09-20 15:35:57.383000,428.47316368515527,997
2024-09-20 15:35:57.465000,428.4950455030753,997
2024-09-20 15:35:57.482000,428.4869366079028,102
2024-09-20 15:35:57.501000,428.4570510090344,1001
2024-09-20 15:35:57.523000,428.4677667639575,99
2024-09-20 15:35:57.526000,428.47236073303065,14
2024-09-20 15:35:57.531000,428.46882850037537,5
2024-09-20 15:35:57.544000,428.47671692345256,102
2024-09-20 15:35:57.579000,428.5065310718224,100
2024-09-20 15:35:57.679000,428.4710260669214,104
2024-09-20 15:35:57.778000,428.4763940887853,1003
2024-09-20 15:35:57.808000,428.4647547195392,95
2024-09-20 15:35:57.895000,428.47674387517554,1005
2024-09-20 15:35:57.905000,428.4972885746333,11
2024-09-20 15:35:57.956000,428.48740776778834,1003
2024-09-20 15:35:58.044000,428.4900900641217,105
2024-09-20 15:35:58.098000,428.51752276321537,998
2024-09-20 15:35:58.128000,428.5608246999801,995
2024-09-20 15:35:58.151000,422.4719456917938,95
2024-09-20 15:35:58.177000,428.5503524969281,99
2024-09-20 15:35:58.212000,428.5160109443386,12
2024-09-20 15:35:58.388000,428.5201767956228,11
2024-09-20 15:35:58.487000,428.5339431507293,95
2024-09-20 15:35:58.498000,428.53201274057307,996
2024-09-20 15:35:58.584000,428.52311663107525,1004
2024-09-20 15:35:58.797000,428.5754965924595,999
2024-09-20 15:35:58.813000,428.5687886242383,12
2024-09-20 15:35:58.818000,428.5095150476984,13
2024-09-20 15:35:59.026000,428.57448269557005,95
2024-09-20 15:35:59.056000,428.4931796626639,99
2024-09-20 15:35:59.151000,428.5101818155955,99
2024-09-20 15:35:59.174000,428.46613630544965,10
2024-09-20 15:35:59.200000,428.4855509135092,6
2024-09-20 15:35:59.218000,428.574315110738,101
2024-09-20 15:35:59.251000,428.5541303675164,1003
2024-09-20 15:35:59.307000,428.5389329542298,1004
2024-09-20 15:35:59.383000,428.5611337721416,99
2024-09-20 15:35:59.409000,428.540502792195,5
2024-09-20 15:35:59.613000,428.4862378049194,12
2024-09-20 15:35:59.632000,428.5179122306628,101
2024-09-20 15:35:59.648000,428.5082404887631,96
2024-09-20 15:35:59.660000,428.4849077531209,995
2024-09-20 15:35:59.671000,428.5666777641922,8
2024-09-20 15:35:59.749000,428.55769228995433,6
2024-09-20 15:35:59.772000,428.5090866753266,102
2024-09-20 15:35:59.772000,428.5243506035874,15
2024-09-20 15:35:59.849000,428.47882304970665,997
2024-09-20 15:35:59.867000,428.4816632302415,1005
2024-09-20 15:35:59.888000,428.5380250543331,1005
2024-09-20 15:35:59.894000,428.541866369614,999
2024-09-20 15:35:59.933000,428.5299041771431,1005
