Timestamp,Price,Size
2024-09-16 12:14:00.007000,417.26772414273165,999
2024-09-16 12:14:00.066000,417.2002866183021,995
2024-09-16 12:14:00.100000,417.2458045222196,5
2024-09-16 12:14:00.102000,417.2177513873558,11
2024-09-16 12:14:00.160000,417.19123393276766,101
2024-09-16 12:14:00.244000,417.2030567640263,998
2024-09-16 12:14:00.257000,417.20223400218566,11
2024-09-16 12:14:00.349000,417.19080462839634,104
2024-09-16 12:14:00.379000,417.2013197964829,97
2024-09-16 12:14:00.400000,417.2606553392731,1000
2024-09-16 12:14:00.482000,417.27721507794735,9
2024-09-16 12:14:00.517000,417.2121204134938,9
2024-09-16 12:14:00.518000,417.19567530300833,1000
2024-09-16 12:14:00.524000,417.2512497173855,99
2024-09-16 12:14:00.532000,417.2088596008869,1002
2024-09-16 12:14:00.570000,417.2864952757524,14
2024-09-16 12:14:00.570000,417.2062526135422,997
2024-09-16 12:14:00.585000,417.2112317081926,999
2024-09-16 12:14:00.680000,417.2074048503849,6
2024-09-16 12:14:00.744000,417.216358853812,6
2024-09-16 12:14:00.752000,417.30027494102507,9
2024-09-16 12:14:00.783000,417.2540327464391,5
2024-09-16 12:14:00.848000,417.2078440509526,100
2024-09-16 12:14:00.876000,417.2669597463544,1000
2024-09-16 12:14:00.938000,417.24192271205794,96
2024-09-16 12:14:01.011000,417.2980733436463,95
2024-09-16 12:14:01.109000,417.2941740620018,996
2024-09-16 12:14:01.182000,417.2968461126903,13
2024-09-16 12:14:01.329000,417.3054156738239,1004
2024-09-16 12:14:01.342000,417.3080602589591,103
2024-09-16 12:14:01.516000,417.2784984275189,104
2024-09-16 12:14:01.832000,417.2846035278608,13
2024-09-16 12:14:01.859000,417.3047170309448,996
2024-09-16 12:14:01.915000,417.30662633739325,5
2024-09-16 12:14:02,417.3409859014553,995
2024-09-16 12:14:02.145000,417.2893109508196,1005
2024-09-16 12:14:02.175000,417.30420145365343,9
2024-09-16 12:14:02.243000,417.2952297669749,14
2024-09-16 12:14:02.254000,417.3228861774738,100
2024-09-16 12:14:02.327000,417.3080251721828,98
2024-09-16 12:14:02.550000,417.3117761032323,102
2024-09-16 12:14:02.622000,417.30265665591776,97
2024-09-16 12:14:02.635000,417.326170131361,999
2024-09-16 12:14:02.646000,417.3229194224437,97
2024-09-16 12:14:02.732000,417.2976928389068,5
2024-09-16 12:14:02.755000,417.2944851985715,1000
2024-09-16 12:14:02.916000,417.30643955804834,995
2024-09-16 12:14:03.101000,417.4032959243757,999
2024-09-16 12:14:03.203000,417.4255330142895,12
2024-09-16 12:14:03.341000,417.4236653091998,1005
2024-09-16 12:14:03.353000,417.3962296407077,97
2024-09-16 12:14:03.496000,417.3980142418984,995
2024-09-16 12:14:03.509000,417.4195154737723,1002
2024-09-16 12:14:03.524000,417.3757639011495,15
2024-09-16 12:14:03.525000,417.3742292380775,997
2024-09-16 12:14:03.555000,417.3893287598133,98
2024-09-16 12:14:03.593000,417.3909945527591,9
2024-09-16 12:14:03.655000,417.4044781990867,97
2024-09-16 12:14:03.658000,417.38837196546217,996
2024-09-16 12:14:03.691000,417.3647114456992,105
2024-09-16 12:14:03.704000,417.437157499414,996
2024-09-16 12:14:03.728000,417.4003963549071,101
2024-09-16 12:14:03.782000,417.41955854561166,7
2024-09-16 12:14:03.800000,417.390759848519,1004
2024-09-16 12:14:03.800000,417.3921375746382,998
2024-09-16 12:14:03.817000,417.3999283017159,1003
2024-09-16 12:14:03.830000,417.4167898221604,7
2024-09-16 12:14:03.833000,417.389712008704,7
2024-09-16 12:14:03.896000,417.3795006711152,102
2024-09-16 12:14:03.948000,417.3757567993364,105
2024-09-16 12:14:03.970000,417.3904402785122,103
2024-09-16 12:14:04.003000,417.3974393254764,101
2024-09-16 12:14:04.013000,417.37883773627567,1001
2024-09-16 12:14:04.035000,417.36612121838334,12
2024-09-16 12:14:04.091000,417.37014428019626,12
2024-09-16 12:14:04.181000,417.3495213786836,105
2024-09-16 12:14:04.204000,417.3971187873042,1000
2024-09-16 12:14:04.232000,417.39755111172894,1001
2024-09-16 12:14:04.301000,417.3893181854237,15
2024-09-16 12:14:04.443000,417.41049049707794,13
2024-09-16 12:14:04.526000,417.4051697596232,102
2024-09-16 12:14:04.545000,417.3942660266813,103
2024-09-16 12:14:04.549000,417.4028903985712,10
2024-09-16 12:14:04.600000,417.40463727847344,7
2024-09-16 12:14:04.625000,417.3396458439298,97
2024-09-16 12:14:04.678000,417.4116379068736,998
2024-09-16 12:14:04.819000,417.3849599181015,102
2024-09-16 12:14:04.836000,417.3467404626079,997
2024-09-16 12:14:04.862000,417.34771323205314,100
2024-09-16 12:14:04.946000,417.3942421920715,1000
2024-09-16 12:14:05.006000,417.3935546015192,1003
2024-09-16 12:14:05.182000,417.3823150177138,103
2024-09-16 12:14:05.185000,417.37950694072,9
2024-09-16 12:14:05.194000,417.3869520169072,10
2024-09-16 12:14:05.416000,417.3841747977481,10
2024-09-16 12:14:05.551000,417.3874589864455,95
2024-09-16 12:14:05.618000,417.3892307212951,102
2024-09-16 12:14:05.852000,417.3833506829219,99
2024-09-16 12:14:05.988000,417.3911951463924,1003
2024-09-16 12:14:06.106000,417.44083314214384,99
2024-09-16 12:14:06.136000,417.4672786916524,1000
2024-09-16 12:14:06.198000,417.462011883829,104
2024-09-16 12:14:06.390000,417.5064477029242,8
2024-09-16 12:14:06.682000,417.5233049324684,103
2024-09-16 12:14:06.689000,417.4840363194807,999
2024-09-16 12:14:06.823000,417.4384714272386,96
2024-09-16 12:14:06.891000,417.4055448006439,6
2024-09-16 12:14:06.965000,417.441076891307,103
2024-09-16 12:14:07.043000,417.42324204643984,1001
2024-09-16 12:14:07.103000,417.4239740403225,997
2024-09-16 12:14:07.193000,417.4679243522937,103
2024-09-16 12:14:07.253000,417.4965797757365,7
2024-09-16 12:14:07.261000,417.43220798213343,1003
2024-09-16 12:14:07.294000,417.45181666819366,1002
2024-09-16 12:14:07.324000,417.5036150973784,102
2024-09-16 12:14:07.368000,417.4226761043907,15
2024-09-16 12:14:07.373000,417.48321317357727,11
2024-09-16 12:14:07.425000,417.4940634143872,97
2024-09-16 12:14:07.607000,417.4576770866767,9
2024-09-16 12:14:07.646000,417.4510668129014,8
2024-09-16 12:14:07.647000,417.433337554096,100
2024-09-16 12:14:07.673000,417.4145090392752,9
2024-09-16 12:14:07.673000,417.4692525906673,1000
2024-09-16 12:14:07.677000,417.4568858315325,14
2024-09-16 12:14:07.710000,417.46098562703634,5
2024-09-16 12:14:07.767000,417.5166884318687,13
2024-09-16 12:14:07.829000,417.4173618686372,1002
2024-09-16 12:14:07.849000,417.4280008762897,995
2024-09-16 12:14:07.872000,417.4072829200131,10
2024-09-16 12:14:07.882000,417.41959212214095,7
2024-09-16 12:14:07.940000,417.4110506974404,1003
2024-09-16 12:14:07.944000,417.45671307032814,8
2024-09-16 12:14:07.945000,417.44715219025153,100
2024-09-16 12:14:08.006000,417.37791532632014,997
2024-09-16 12:14:08.018000,417.3792181392946,101
2024-09-16 12:14:08.022000,417.3806539358382,7
2024-09-16 12:14:08.059000,417.4085115885991,1002
2024-09-16 12:14:08.067000,417.3876431772219,99
2024-09-16 12:14:08.115000,417.41921277525057,14
2024-09-16 12:14:08.166000,417.3929669387106,998
2024-09-16 12:14:08.173000,417.3701996114799,102
2024-09-16 12:14:08.184000,417.4112431770759,999
2024-09-16 12:14:08.210000,417.410584987068,1003
2024-09-16 12:14:08.279000,417.3799501066365,101
2024-09-16 12:14:08.286000,417.3794935697216,99
2024-09-16 12:14:08.402000,417.39173599114497,996
2024-09-16 12:14:08.578000,417.3826970290184,997
2024-09-16 12:14:08.587000,417.4062215931477,11
2024-09-16 12:14:08.596000,417.3948791362593,101
2024-09-16 12:14:08.611000,417.39598015270127,99
2024-09-16 12:14:08.783000,417.3797692163525,5
2024-09-16 12:14:08.790000,417.3910024121568,104
2024-09-16 12:14:08.832000,417.38198473202095,5
2024-09-16 12:14:08.836000,417.37759522096405,10
2024-09-16 12:14:08.918000,417.3894697908421,13
2024-09-16 12:14:08.952000,417.3884399373128,11
2024-09-16 12:14:08.958000,417.3861940879999,97
2024-09-16 12:14:09.014000,417.4466384947884,6
2024-09-16 12:14:09.032000,417.4542532395916,998
2024-09-16 12:14:09.222000,417.4674912726245,96
2024-09-16 12:14:09.294000,417.44305205981016,999
2024-09-16 12:14:09.345000,417.4531630108492,1000
2024-09-16 12:14:09.605000,417.4542121244563,105
2024-09-16 12:14:09.674000,417.4540342133482,1000
2024-09-16 12:14:09.686000,417.43639232021775,999
2024-09-16 12:14:09.797000,417.4193677336027,7
2024-09-16 12:14:09.931000,417.45372690480855,5
2024-09-16 12:14:10.022000,417.4518870051647,1003
2024-09-16 12:14:10.076000,417.4470764562896,104
2024-09-16 12:14:10.206000,417.4928546716203,1001
2024-09-16 12:14:10.213000,417.44704309273953,1005
2024-09-16 12:14:10.254000,417.4454652758588,1004
2024-09-16 12:14:10.258000,417.47604903999496,11
2024-09-16 12:14:10.357000,417.4668031123473,8
2024-09-16 12:14:10.386000,417.456820346799,9
2024-09-16 12:14:10.397000,417.4719216897621,15
2024-09-16 12:14:10.426000,417.46024648588747,14
2024-09-16 12:14:10.436000,417.4920003913561,104
2024-09-16 12:14:10.516000,417.45403176884935,8
2024-09-16 12:14:10.518000,417.46879197080506,12
2024-09-16 12:14:10.569000,417.46051092694825,1004
2024-09-16 12:14:10.594000,417.4872767096966,7
2024-09-16 12:14:10.712000,417.458384690313,101
2024-09-16 12:14:10.738000,417.4652737010477,998
2024-09-16 12:14:10.780000,417.4730736767261,10
2024-09-16 12:14:10.877000,417.47504278496376,95
2024-09-16 12:14:10.923000,417.47313062635567,97
2024-09-16 12:14:10.977000,417.4617432708283,10
2024-09-16 12:14:10.988000,417.45622721679774,95
2024-09-16 12:14:11.313000,417.44425355680266,12
2024-09-16 12:14:12.011000,417.3627772289869,103
2024-09-16 12:14:12.051000,417.4007293154968,998
2024-09-16 12:14:12.090000,417.3890593838625,13
2024-09-16 12:14:12.117000,417.456568572353,8
2024-09-16 12:14:12.195000,417.420837368321,1000
2024-09-16 12:14:12.207000,417.3688528155992,103
2024-09-16 12:14:12.211000,417.3736981488439,104
2024-09-16 12:14:12.217000,417.43367020849655,999
2024-09-16 12:14:12.239000,417.3682844895837,9
2024-09-16 12:14:12.257000,417.3743172592887,7
2024-09-16 12:14:12.319000,417.3817255507416,15
2024-09-16 12:14:12.334000,417.3607065401857,1002
2024-09-16 12:14:12.343000,417.3925861137152,7
2024-09-16 12:14:12.418000,417.42146760085257,10
2024-09-16 12:14:12.513000,417.3569438810666,12
2024-09-16 12:14:12.562000,417.37719962308313,104
2024-09-16 12:14:12.568000,417.421557682936,8
2024-09-16 12:14:12.584000,417.3919059409488,7
2024-09-16 12:14:12.603000,417.3646872023847,1005
2024-09-16 12:14:12.694000,417.3754662158736,1004
2024-09-16 12:14:12.750000,417.4448577087202,8
2024-09-16 12:14:12.806000,417.3475083692081,997
2024-09-16 12:14:12.890000,417.4130485484711,97
2024-09-16 12:14:12.972000,417.3808757144136,7
2024-09-16 12:14:13.035000,417.3619435210377,999
2024-09-16 12:14:13.052000,417.4062811194037,6
2024-09-16 12:14:13.105000,417.4426401111277,1004
2024-09-16 12:14:13.371000,417.4433560947616,95
2024-09-16 12:14:13.418000,417.4053834981975,101
2024-09-16 12:14:13.445000,417.3867036739664,7
2024-09-16 12:14:13.454000,417.3854329273962,98
2024-09-16 12:14:13.615000,417.4418684228458,6
2024-09-16 12:14:13.624000,417.4369345387281,1002
2024-09-16 12:14:13.742000,417.4017940212108,15
2024-09-16 12:14:13.748000,417.4075731835897,9
2024-09-16 12:14:13.803000,417.4398853336332,997
2024-09-16 12:14:13.825000,417.40668972923095,102
2024-09-16 12:14:13.834000,417.40927968876,1004
2024-09-16 12:14:13.878000,417.4233386487758,996
2024-09-16 12:14:13.882000,417.4354644016879,11
2024-09-16 12:14:13.910000,417.4154236606289,105
2024-09-16 12:14:13.918000,417.3705293311302,997
2024-09-16 12:14:13.984000,417.4193999690577,10
2024-09-16 12:14:14.012000,417.4742840543082,10
2024-09-16 12:14:14.023000,417.46042963817325,12
2024-09-16 12:14:14.118000,417.4683392291152,1003
2024-09-16 12:14:14.585000,417.4735871272198,1004
2024-09-16 12:14:14.631000,417.47094090756366,11
2024-09-16 12:14:14.802000,417.45353803148896,1005
2024-09-16 12:14:14.836000,417.4469825575972,9
2024-09-16 12:14:15.056000,417.501478470718,1004
2024-09-16 12:14:15.080000,417.4386748250908,1004
2024-09-16 12:14:15.139000,417.3952064703556,997
2024-09-16 12:14:15.142000,417.46681920130953,6
2024-09-16 12:14:15.143000,417.4498925285026,10
2024-09-16 12:14:15.204000,417.4128896971538,1000
2024-09-16 12:14:15.204000,417.4024192871443,1003
2024-09-16 12:14:15.262000,417.4328618431932,1001
2024-09-16 12:14:15.327000,417.442681310966,999
2024-09-16 12:14:15.331000,417.4212145482752,96
2024-09-16 12:14:15.376000,417.5041797786131,98
2024-09-16 12:14:15.413000,417.4770354534338,97
2024-09-16 12:14:15.424000,417.4331911635063,9
2024-09-16 12:14:15.514000,417.4079362131153,96
2024-09-16 12:14:15.518000,417.4458984854333,997
2024-09-16 12:14:15.532000,417.4611860083203,995
2024-09-16 12:14:15.600000,417.4249266025931,998
2024-09-16 12:14:15.770000,417.459373912159,101
2024-09-16 12:14:15.788000,417.4609805359279,1001
2024-09-16 12:14:15.796000,417.4195536426312,996
2024-09-16 12:14:15.804000,417.4631620905803,5
2024-09-16 12:14:15.860000,417.4040260844641,1001
2024-09-16 12:14:15.875000,417.4465132729838,14
2024-09-16 12:14:15.927000,417.4398815301276,14
2024-09-16 12:14:15.950000,417.5195080955932,99
2024-09-16 12:14:15.953000,417.4459133878726,1001
2024-09-16 12:14:15.997000,417.4037176279336,1005
2024-09-16 12:14:16.015000,417.6388477943575,995
2024-09-16 12:14:16.029000,417.6445098620499,1001
2024-09-16 12:14:16.069000,417.55504637397934,7
2024-09-16 12:14:16.091000,417.59424201875584,998
2024-09-16 12:14:16.174000,417.57100719280527,98
2024-09-16 12:14:16.177000,417.6485512902969,14
2024-09-16 12:14:16.196000,417.6313153882688,1005
2024-09-16 12:14:16.212000,417.5342458871552,998
2024-09-16 12:14:16.223000,417.5349841025048,6
2024-09-16 12:14:16.251000,417.6177870456758,996
2024-09-16 12:14:16.455000,417.568519855724,13
2024-09-16 12:14:16.462000,417.57259528116793,11
2024-09-16 12:14:16.539000,417.6321776416455,101
2024-09-16 12:14:16.685000,417.5067911441709,100
2024-09-16 12:14:16.731000,417.49826501954175,95
2024-09-16 12:14:16.732000,417.65259484536574,12
2024-09-16 12:14:16.765000,417.5136855131542,98
2024-09-16 12:14:16.826000,417.6178146342838,9
2024-09-16 12:14:16.834000,417.5869988850257,12
2024-09-16 12:14:16.966000,417.51657486793454,15
2024-09-16 12:14:16.988000,417.5308445990251,9
2024-09-16 12:14:16.989000,417.5783465434631,998
2024-09-16 12:14:17.096000,417.5837468534435,7
2024-09-16 12:14:17.168000,417.6431218532811,11
2024-09-16 12:14:17.171000,417.5793742824453,1002
2024-09-16 12:14:17.187000,417.61129804271127,104
2024-09-16 12:14:17.225000,417.553603920433,5
2024-09-16 12:14:17.257000,417.6343996127047,100
2024-09-16 12:14:17.260000,417.5639848071364,1002
2024-09-16 12:14:17.262000,417.61578187459327,1005
2024-09-16 12:14:17.292000,417.6159083662716,6
2024-09-16 12:14:17.305000,417.58940267886175,105
2024-09-16 12:14:17.334000,417.6009519550101,100
2024-09-16 12:14:17.389000,417.60529593733423,95
2024-09-16 12:14:17.411000,417.6165520961137,997
2024-09-16 12:14:17.428000,417.6127268191021,999
2024-09-16 12:14:17.436000,417.6092249598804,14
2024-09-16 12:14:17.517000,417.5947377806882,996
2024-09-16 12:14:17.523000,417.62779430205296,8
2024-09-16 12:14:17.668000,417.57421918844574,12
2024-09-16 12:14:17.721000,417.562335714482,101
2024-09-16 12:14:17.755000,417.6101519697723,1001
2024-09-16 12:14:17.770000,417.5850486032385,98
2024-09-16 12:14:17.789000,417.61506294327927,6
2024-09-16 12:14:17.819000,417.5997058501711,98
2024-09-16 12:14:17.903000,417.5772609419336,13
2024-09-16 12:14:17.986000,417.6015984550256,97
2024-09-16 12:14:18.091000,417.6169588749756,995
2024-09-16 12:14:18.121000,417.5563405301429,14
2024-09-16 12:14:18.160000,417.59907493009626,103
2024-09-16 12:14:18.167000,417.5597709961317,1001
2024-09-16 12:14:18.177000,417.5466754486992,998
2024-09-16 12:14:18.179000,417.56300015465166,1002
2024-09-16 12:14:18.185000,417.5546878465124,1000
2024-09-16 12:14:18.248000,417.62843365940745,6
2024-09-16 12:14:18.267000,417.5418882126335,998
2024-09-16 12:14:18.279000,417.5648753900229,99
2024-09-16 12:14:18.375000,417.531209475421,1005
2024-09-16 12:14:18.396000,417.5586708393306,13
2024-09-16 12:14:18.406000,417.6123118854445,14
2024-09-16 12:14:18.443000,417.6158328074532,101
2024-09-16 12:14:18.471000,417.5557247897952,1002
2024-09-16 12:14:18.492000,417.5892902384665,101
2024-09-16 12:14:18.532000,417.5395165662101,8
2024-09-16 12:14:18.597000,417.542611723199,6
2024-09-16 12:14:18.727000,417.5659198889404,6
2024-09-16 12:14:18.738000,417.56078550652495,103
2024-09-16 12:14:18.744000,417.5369438972359,100
2024-09-16 12:14:18.770000,417.5366760232688,7
2024-09-16 12:14:18.778000,417.5436852911821,100
2024-09-16 12:14:18.789000,417.6114229961825,15
2024-09-16 12:14:18.844000,417.54259780020766,15
2024-09-16 12:14:18.891000,417.5395356781649,7
2024-09-16 12:14:18.931000,417.55310355633566,13
2024-09-16 12:14:18.985000,417.6282874414284,997
2024-09-16 12:14:18.994000,417.5660762330895,96
2024-09-16 12:14:19.182000,417.53031237937535,100
2024-09-16 12:14:19.232000,417.5396227800229,105
2024-09-16 12:14:19.265000,417.5156790802404,10
2024-09-16 12:14:19.282000,417.51672325037737,6
2024-09-16 12:14:19.369000,417.5209001871898,12
2024-09-16 12:14:19.790000,417.5653209679981,996
2024-09-16 12:14:20.112000,417.5614683092063,10
2024-09-16 12:14:20.267000,417.5407041178783,101
2024-09-16 12:14:20.621000,417.50989076590446,1000
2024-09-16 12:14:20.785000,417.53009119215744,99
2024-09-16 12:14:20.827000,417.5234958064034,102
2024-09-16 12:14:20.934000,417.5306424349666,14
2024-09-16 12:14:20.948000,417.57724350962286,11
2024-09-16 12:14:22.018000,417.5416154634943,96
2024-09-16 12:14:22.105000,417.5305625335825,7
2024-09-16 12:14:22.195000,417.5355636986821,11
2024-09-16 12:14:22.223000,417.5467434765008,1002
2024-09-16 12:14:22.253000,417.50079836972895,999
2024-09-16 12:14:22.296000,417.5487740288104,10
2024-09-16 12:14:22.300000,417.5108966125137,15
2024-09-16 12:14:22.361000,417.51811237988807,12
2024-09-16 12:14:22.385000,417.5440969952801,14
2024-09-16 12:14:22.423000,417.4941469573941,1000
2024-09-16 12:14:22.471000,417.5245990746495,96
2024-09-16 12:14:22.500000,417.4949643080504,1000
2024-09-16 12:14:22.552000,417.5574629897261,1005
2024-09-16 12:14:22.572000,417.49882473305496,102
2024-09-16 12:14:22.689000,417.5491382232711,1001
2024-09-16 12:14:22.792000,417.5287004432394,104
2024-09-16 12:14:22.850000,417.5176552565407,95
2024-09-16 12:14:22.864000,417.5290471956808,96
2024-09-16 12:14:22.869000,417.525948512182,1000
2024-09-16 12:14:22.887000,417.553483874436,5
2024-09-16 12:14:23.832000,417.5587917472665,104
2024-09-16 12:14:24.264000,417.5561159460793,7
2024-09-16 12:14:24.330000,417.5518399375621,999
2024-09-16 12:14:24.349000,417.59332947496586,11
2024-09-16 12:14:24.391000,417.557885470667,102
2024-09-16 12:14:24.403000,417.59006955366,10
2024-09-16 12:14:24.432000,417.5757689434212,1003
2024-09-16 12:14:24.492000,417.5686582426145,1004
2024-09-16 12:14:24.587000,417.5833163778378,8
2024-09-16 12:14:24.630000,417.5742941373145,99
2024-09-16 12:14:24.707000,417.6127330906151,998
2024-09-16 12:14:24.714000,417.5968939980763,7
2024-09-16 12:14:24.721000,417.5731793923725,98
2024-09-16 12:14:24.870000,417.58524218256025,103
2024-09-16 12:14:24.890000,417.5619998470716,97
2024-09-16 12:14:24.897000,417.55509985400647,5
2024-09-16 12:14:24.995000,417.5648028679245,12
2024-09-16 12:14:25.114000,417.57516444869566,102
2024-09-16 12:14:25.312000,417.58103817709343,1001
2024-09-16 12:14:25.390000,417.586881155444,8
2024-09-16 12:14:25.409000,417.5546593592473,103
2024-09-16 12:14:25.413000,417.5899945855515,9
2024-09-16 12:14:25.571000,417.6029861052173,102
2024-09-16 12:14:25.608000,417.5651171496061,11
2024-09-16 12:14:25.649000,417.58850713080574,995
2024-09-16 12:14:25.684000,417.5914938365852,11
2024-09-16 12:14:25.744000,417.5938194562887,96
2024-09-16 12:14:25.860000,417.5861444586783,1000
2024-09-16 12:14:25.953000,417.5496434677349,999
2024-09-16 12:14:25.960000,417.5688272941324,998
2024-09-16 12:14:27.045000,417.6019567322263,7
2024-09-16 12:14:27.502000,417.5946728462898,103
2024-09-16 12:14:27.671000,417.5951697471375,10
2024-09-16 12:14:27.898000,417.5928298405394,1001
2024-09-16 12:14:29.121000,417.55776305937854,13
2024-09-16 12:14:29.146000,417.5423091213612,5
2024-09-16 12:14:29.211000,417.5689963938861,95
2024-09-16 12:14:29.243000,417.5308995042535,997
2024-09-16 12:14:29.260000,417.528793193898,8
2024-09-16 12:14:29.323000,417.5854379693148,7
2024-09-16 12:14:29.367000,417.5411663875874,1000
2024-09-16 12:14:29.414000,417.531965679126,9
2024-09-16 12:14:29.490000,417.52136816636494,10
2024-09-16 12:14:29.541000,417.57441533415545,995
2024-09-16 12:14:29.553000,417.5600449511733,1005
2024-09-16 12:14:29.591000,417.5573933310239,9
2024-09-16 12:14:29.705000,417.573096788842,10
2024-09-16 12:14:29.707000,417.5433973161686,103
2024-09-16 12:14:29.831000,417.5619116208886,13
2024-09-16 12:14:29.935000,417.5451524379081,95
2024-09-16 12:14:29.981000,417.5410376722016,1000
2024-09-16 12:14:30.061000,417.58309907449626,995
2024-09-16 12:14:30.432000,417.5711079607521,7
2024-09-16 12:14:31.099000,417.60868884355295,105
2024-09-16 12:14:31.206000,417.6563942259904,8
2024-09-16 12:14:31.240000,417.60765699522375,1005
2024-09-16 12:14:31.261000,417.60109092019735,12
2024-09-16 12:14:31.417000,417.7109518638964,1004
2024-09-16 12:14:31.420000,417.632127722656,102
2024-09-16 12:14:31.465000,417.5899116474504,96
2024-09-16 12:14:31.532000,417.613038666916,998
2024-09-16 12:14:31.565000,417.6067449617716,99
2024-09-16 12:14:31.646000,417.679870259965,10
2024-09-16 12:14:31.679000,417.70080335180353,1001
2024-09-16 12:14:31.731000,417.6110981585905,11
2024-09-16 12:14:31.736000,417.70282459200047,1004
2024-09-16 12:14:31.751000,417.6626613488471,5
2024-09-16 12:14:31.832000,417.6134728647059,9
2024-09-16 12:14:31.903000,417.6169044448891,1003
2024-09-16 12:14:31.913000,417.6155349664514,99
2024-09-16 12:14:31.938000,417.61085163321707,8
2024-09-16 12:14:32.082000,417.7379265594402,1001
2024-09-16 12:14:32.261000,417.768422957015,104
2024-09-16 12:14:32.393000,417.7455082260192,5
2024-09-16 12:14:32.410000,417.76631105263664,1004
2024-09-16 12:14:32.443000,417.7254339705767,6
2024-09-16 12:14:32.459000,417.73203417970575,102
2024-09-16 12:14:32.509000,417.7644191423884,10
2024-09-16 12:14:32.527000,417.7513636583686,9
2024-09-16 12:14:32.584000,417.75091938278,101
2024-09-16 12:14:32.604000,417.7543452599479,97
2024-09-16 12:14:32.646000,417.7699698820185,996
2024-09-16 12:14:32.806000,417.7162685302553,14
2024-09-16 12:14:32.846000,417.7637610848425,102
2024-09-16 12:14:32.942000,417.731238974065,997
2024-09-16 12:14:32.946000,417.7498094019977,103
2024-09-16 12:14:32.963000,417.7237759280648,101
2024-09-16 12:14:32.994000,417.75824674219393,996
2024-09-16 12:14:33.012000,417.82993309184354,1002
2024-09-16 12:14:33.071000,417.7428498885639,104
2024-09-16 12:14:33.101000,417.8430381793953,97
2024-09-16 12:14:33.126000,417.8504981920754,11
2024-09-16 12:14:33.157000,417.7766471394336,995
2024-09-16 12:14:33.159000,417.8431499497755,5
2024-09-16 12:14:33.188000,417.7422287345866,1005
2024-09-16 12:14:33.197000,417.7515449853369,95
2024-09-16 12:14:33.322000,417.8178844766509,996
2024-09-16 12:14:33.331000,417.8111474372796,105
2024-09-16 12:14:33.351000,417.7541960389054,97
2024-09-16 12:14:33.391000,417.83372484340254,8
2024-09-16 12:14:33.426000,417.8400378788496,13
2024-09-16 12:14:33.465000,417.8612521290789,99
2024-09-16 12:14:33.594000,417.8529999600848,12
2024-09-16 12:14:33.614000,417.7561157275245,1000
2024-09-16 12:14:33.657000,417.84270204241705,98
2024-09-16 12:14:33.658000,417.7434659075843,103
2024-09-16 12:14:33.660000,417.7349445073253,14
2024-09-16 12:14:33.669000,417.7579318683975,5
2024-09-16 12:14:33.683000,417.8034868440812,9
2024-09-16 12:14:33.696000,417.7684240504238,104
2024-09-16 12:14:33.703000,417.7447301985746,15
2024-09-16 12:14:33.741000,417.7697787071597,998
2024-09-16 12:14:33.755000,417.7415140662602,105
2024-09-16 12:14:33.771000,417.84649615066,104
2024-09-16 12:14:33.894000,417.82201484335474,15
2024-09-16 12:14:33.943000,417.8490600480669,8
2024-09-16 12:14:34.017000,417.844069336988,103
2024-09-16 12:14:34.037000,417.8615245059564,103
2024-09-16 12:14:34.090000,417.860212500518,95
2024-09-16 12:14:34.099000,417.8701751097599,96
2024-09-16 12:14:34.145000,417.86090263830806,999
2024-09-16 12:14:34.186000,417.8788481102248,7
2024-09-16 12:14:34.192000,417.8509671791063,12
2024-09-16 12:14:34.311000,417.8382785369933,14
2024-09-16 12:14:34.356000,417.85784946154297,11
2024-09-16 12:14:34.434000,417.86937110304416,100
2024-09-16 12:14:34.558000,417.8539727505682,998
2024-09-16 12:14:34.564000,417.84889104669446,996
2024-09-16 12:14:34.564000,417.863530209148,105
2024-09-16 12:14:34.690000,417.8488197408562,1004
2024-09-16 12:14:34.712000,417.8507262666492,96
2024-09-16 12:14:34.753000,417.8399233494541,6
2024-09-16 12:14:34.780000,417.8469754577525,13
2024-09-16 12:14:34.855000,417.8541252938953,7
2024-09-16 12:14:34.866000,417.8545742415277,102
2024-09-16 12:14:34.882000,417.8677753599454,1000
2024-09-16 12:14:35.042000,417.8559957465074,6
2024-09-16 12:14:35.062000,417.8639674477546,1003
2024-09-16 12:14:35.178000,417.8504256748816,10
2024-09-16 12:14:35.210000,417.8278153173226,8
2024-09-16 12:14:35.249000,417.8625114215073,103
2024-09-16 12:14:35.359000,417.8562971931,9
2024-09-16 12:14:35.382000,417.86737944227264,9
2024-09-16 12:14:35.410000,417.8663089621456,99
2024-09-16 12:14:35.544000,417.8606422933292,998
2024-09-16 12:14:35.613000,417.85118462214655,102
2024-09-16 12:14:35.641000,417.8627010959576,104
2024-09-16 12:14:35.682000,417.8681865956968,9
2024-09-16 12:14:35.692000,417.8603565177134,95
2024-09-16 12:14:35.708000,417.8700608002672,997
2024-09-16 12:14:35.832000,417.86859712984864,995
2024-09-16 12:14:35.835000,417.8493385802849,998
2024-09-16 12:14:35.910000,417.8559877366458,99
2024-09-16 12:14:36.150000,417.88863906445295,103
2024-09-16 12:14:36.241000,417.86636302508447,1001
2024-09-16 12:14:36.259000,417.8581941321245,1003
2024-09-16 12:14:36.325000,417.88797429804873,6
2024-09-16 12:14:36.503000,417.8741929886743,100
2024-09-16 12:14:36.658000,417.8679067044071,14
2024-09-16 12:14:36.684000,417.8958167934957,15
2024-09-16 12:14:36.687000,417.9066912254413,15
2024-09-16 12:14:36.697000,417.8911669211721,95
2024-09-16 12:14:36.729000,417.8750914053544,1003
2024-09-16 12:14:36.789000,417.8638594835553,95
2024-09-16 12:14:37.056000,417.89954588943294,104
2024-09-16 12:14:37.104000,417.8938223415687,105
2024-09-16 12:14:37.142000,417.9069131271128,997
2024-09-16 12:14:37.165000,417.9137380524108,8
2024-09-16 12:14:37.168000,417.92340180869473,5
2024-09-16 12:14:37.181000,417.90876099455977,105
2024-09-16 12:14:37.217000,417.8905416550414,10
2024-09-16 12:14:37.236000,417.9133715295857,1003
2024-09-16 12:14:37.344000,417.8971736444849,104
2024-09-16 12:14:37.378000,417.9262455191996,997
2024-09-16 12:14:37.397000,417.8714305222812,100
2024-09-16 12:14:37.427000,417.9040404892983,98
2024-09-16 12:14:37.433000,417.9330516422733,97
2024-09-16 12:14:37.474000,417.91757560797794,996
2024-09-16 12:14:37.532000,417.8901020516788,97
2024-09-16 12:14:37.577000,417.8733657313528,1005
2024-09-16 12:14:37.593000,417.94459974388286,103
2024-09-16 12:14:37.645000,417.9178153682808,1000
2024-09-16 12:14:37.661000,417.88803213581673,1004
2024-09-16 12:14:37.663000,417.9383597375029,97
2024-09-16 12:14:37.688000,417.9058932913016,101
2024-09-16 12:14:37.767000,417.9365957891891,1001
2024-09-16 12:14:37.782000,417.9335927694686,95
2024-09-16 12:14:37.853000,417.9249354874887,101
2024-09-16 12:14:37.902000,417.9211307498021,97
2024-09-16 12:14:37.920000,417.8969002821097,103
2024-09-16 12:14:37.924000,417.9212379033404,5
2024-09-16 12:14:37.924000,417.8978406998711,14
2024-09-16 12:14:37.949000,417.9126923410763,12
2024-09-16 12:14:38,417.9344865328,1001
2024-09-16 12:14:38.076000,417.9274562524842,9
2024-09-16 12:14:38.175000,417.94463313973057,13
2024-09-16 12:14:38.191000,417.92732578279765,14
2024-09-16 12:14:38.219000,417.9290624042757,11
2024-09-16 12:14:38.268000,417.9186100455669,9
2024-09-16 12:14:38.279000,417.90687951074426,12
2024-09-16 12:14:38.426000,417.9295464045189,1000
2024-09-16 12:14:38.519000,417.9133384011927,1003
2024-09-16 12:14:38.581000,417.90650183040776,9
2024-09-16 12:14:38.596000,417.8944115298567,1001
2024-09-16 12:14:38.613000,417.9028541968031,101
2024-09-16 12:14:38.635000,417.90426450335576,101
2024-09-16 12:14:38.687000,417.9153557613767,1003
2024-09-16 12:14:38.719000,417.9360557003092,14
2024-09-16 12:14:38.721000,417.9088591572874,97
2024-09-16 12:14:38.780000,417.8973266252232,98
2024-09-16 12:14:38.806000,417.8805332853763,8
2024-09-16 12:14:38.810000,417.922254773274,104
2024-09-16 12:14:38.835000,417.9233772017344,11
2024-09-16 12:14:38.906000,417.9078338116193,10
2024-09-16 12:14:38.971000,417.92133373363976,12
2024-09-16 12:14:38.982000,417.90677640209617,97
2024-09-16 12:14:39.230000,417.9280809112863,103
2024-09-16 12:14:39.243000,417.8946070856756,102
2024-09-16 12:14:39.575000,417.8855799002792,12
2024-09-16 12:14:39.709000,417.91618230287656,1002
2024-09-16 12:14:39.728000,417.9092499876248,102
2024-09-16 12:14:39.784000,417.9384805293372,101
2024-09-16 12:14:39.972000,417.9146930887457,1005
2024-09-16 12:14:40.012000,418.0349569017857,997
2024-09-16 12:14:40.077000,418.0152029412595,1002
2024-09-16 12:14:40.084000,417.97010555161614,100
2024-09-16 12:14:40.115000,417.969002298366,14
2024-09-16 12:14:40.117000,417.9933337254639,997
2024-09-16 12:14:40.135000,417.995380816336,999
2024-09-16 12:14:40.261000,418.0099859122031,1002
2024-09-16 12:14:40.270000,417.9411679644753,11
2024-09-16 12:14:40.295000,418.0264866494533,12
2024-09-16 12:14:40.298000,418.0320837955056,996
2024-09-16 12:14:40.322000,418.0135409313107,9
2024-09-16 12:14:40.373000,417.9932009223599,1003
2024-09-16 12:14:40.379000,418.0314519137857,995
2024-09-16 12:14:40.413000,417.98212593864565,1005
2024-09-16 12:14:40.429000,417.95593351130094,1002
2024-09-16 12:14:40.463000,417.97507688787255,13
2024-09-16 12:14:40.531000,417.9546528116568,96
2024-09-16 12:14:40.549000,417.9872286698361,103
2024-09-16 12:14:40.610000,418.006586223946,104
2024-09-16 12:14:40.648000,417.99704904295066,997
2024-09-16 12:14:40.651000,417.9638672514972,95
2024-09-16 12:14:40.699000,418.021741166188,1005
2024-09-16 12:14:40.780000,417.9557704549888,998
2024-09-16 12:14:40.823000,417.9624844885715,1004
2024-09-16 12:14:40.826000,418.0408970730775,105
2024-09-16 12:14:40.856000,417.9562186586535,104
2024-09-16 12:14:40.885000,417.975795285518,1001
2024-09-16 12:14:40.982000,418.0246856365988,1004
2024-09-16 12:14:41.009000,418.1376010113297,12
2024-09-16 12:14:41.040000,418.0591445121894,99
2024-09-16 12:14:41.159000,418.0566225243954,11
2024-09-16 12:14:41.302000,418.0741569469283,1001
2024-09-16 12:14:41.332000,418.05935244305175,98
2024-09-16 12:14:41.336000,418.0528794779959,100
2024-09-16 12:14:41.353000,418.10263299941926,998
2024-09-16 12:14:41.412000,418.0674778008838,1001
2024-09-16 12:14:41.415000,418.1141171540186,102
2024-09-16 12:14:41.465000,418.0594002948565,6
2024-09-16 12:14:41.597000,418.0828692477989,12
2024-09-16 12:14:41.671000,418.05807616905577,14
2024-09-16 12:14:41.697000,418.0585177411824,1002
2024-09-16 12:14:41.707000,418.13321349221945,9
2024-09-16 12:14:41.731000,418.0630259418418,103
2024-09-16 12:14:41.765000,418.084097488447,6
2024-09-16 12:14:41.771000,418.05761159445166,10
2024-09-16 12:14:41.805000,418.066392921777,998
2024-09-16 12:14:41.814000,418.1076645022626,5
2024-09-16 12:14:41.819000,418.04658266514326,1003
2024-09-16 12:14:41.842000,418.0826231311584,10
2024-09-16 12:14:41.869000,418.116270312638,1004
2024-09-16 12:14:41.875000,418.1110274608725,5
2024-09-16 12:14:41.880000,418.1314801486727,1002
2024-09-16 12:14:41.889000,418.0681092261009,8
2024-09-16 12:14:41.935000,418.0576185287035,1004
2024-09-16 12:14:41.960000,418.1030603547934,103
2024-09-16 12:14:41.976000,418.091678988649,102
2024-09-16 12:14:42.158000,418.1193898047755,1001
2024-09-16 12:14:42.256000,418.126497155522,6
2024-09-16 12:14:42.260000,418.1108443479344,1005
2024-09-16 12:14:42.288000,418.1126619485385,95
2024-09-16 12:14:42.324000,418.1190511859487,1000
2024-09-16 12:14:42.419000,418.1283567299472,996
2024-09-16 12:14:42.529000,418.14592891424576,8
2024-09-16 12:14:42.613000,418.1138638179463,99
2024-09-16 12:14:42.687000,418.13182169181937,10
2024-09-16 12:14:42.746000,418.1112751583867,13
2024-09-16 12:14:42.776000,418.1356349562578,8
2024-09-16 12:14:43.077000,418.1652284474289,1000
2024-09-16 12:14:43.124000,418.1612962543716,101
2024-09-16 12:14:43.128000,418.1151455152191,15
2024-09-16 12:14:43.149000,418.1137108463547,100
2024-09-16 12:14:43.273000,418.1482000053161,100
2024-09-16 12:14:43.317000,418.153975440875,13
2024-09-16 12:14:43.333000,418.1458572198918,102
2024-09-16 12:14:43.407000,418.15789500288975,1003
2024-09-16 12:14:43.471000,418.1683210137172,9
2024-09-16 12:14:43.524000,418.0989840123784,1002
2024-09-16 12:14:43.560000,418.1626135745273,98
2024-09-16 12:14:43.593000,418.1342249723386,996
2024-09-16 12:14:43.693000,418.09765390212937,15
2024-09-16 12:14:43.730000,418.09680173795925,8
2024-09-16 12:14:43.742000,418.1689007652658,105
2024-09-16 12:14:43.785000,418.1557952981204,105
2024-09-16 12:14:43.788000,418.0883497150232,1000
2024-09-16 12:14:43.826000,418.1637763956799,1003
2024-09-16 12:14:43.868000,418.1505438036713,15
2024-09-16 12:14:43.940000,418.1343269456005,996
2024-09-16 12:14:44.067000,418.0637319627001,101
2024-09-16 12:14:44.189000,418.0610607567523,100
2024-09-16 12:14:44.233000,418.0474923642509,9
2024-09-16 12:14:44.586000,418.0480717053648,14
2024-09-16 12:14:44.641000,418.0658857737619,12
2024-09-16 12:14:44.667000,418.0764330943768,105
2024-09-16 12:14:44.669000,418.075789661033,96
2024-09-16 12:14:44.820000,418.0798421977288,1000
2024-09-16 12:14:44.942000,418.06619830625306,998
2024-09-16 12:14:45.002000,418.0284710800228,104
2024-09-16 12:14:45.013000,418.0355131069032,10
2024-09-16 12:14:45.092000,418.06758661499504,6
2024-09-16 12:14:45.115000,418.089943912995,996
2024-09-16 12:14:45.168000,418.0736530257528,11
2024-09-16 12:14:45.178000,418.0767051270927,1000
2024-09-16 12:14:45.205000,418.0537397498038,5
2024-09-16 12:14:45.233000,418.0662387073612,1005
2024-09-16 12:14:45.247000,418.0366807925383,98
2024-09-16 12:14:45.425000,418.0417225594104,102
2024-09-16 12:14:45.565000,418.04731315846016,6
2024-09-16 12:14:45.569000,418.0560586473995,1002
2024-09-16 12:14:45.619000,418.0775363564624,998
2024-09-16 12:14:45.720000,418.0836087297527,105
2024-09-16 12:14:45.741000,418.0271900874764,995
2024-09-16 12:14:45.879000,418.09695795874535,998
2024-09-16 12:14:45.881000,418.0840232618033,99
2024-09-16 12:14:45.885000,418.0735648251145,13
2024-09-16 12:14:45.947000,418.05258831198273,5
2024-09-16 12:14:45.980000,418.061395477445,95
2024-09-16 12:14:45.992000,418.0737681860016,12
2024-09-16 12:14:46.103000,418.04912389112894,1000
2024-09-16 12:14:46.230000,418.076245171745,7
2024-09-16 12:14:46.234000,418.0655505026805,999
2024-09-16 12:14:46.271000,418.0466475331585,8
2024-09-16 12:14:46.322000,418.0524616786224,101
2024-09-16 12:14:46.357000,418.08315032540975,995
2024-09-16 12:14:46.417000,418.0261627894381,102
2024-09-16 12:14:46.480000,418.0257797016369,5
2024-09-16 12:14:46.616000,418.07994231575327,1001
2024-09-16 12:14:46.647000,418.064220130424,104
2024-09-16 12:14:46.689000,418.0746492446736,1000
2024-09-16 12:14:46.712000,418.0748519017988,14
2024-09-16 12:14:46.770000,418.0586219046172,14
2024-09-16 12:14:46.835000,418.08595758206144,997
2024-09-16 12:14:46.870000,418.0362341604669,105
2024-09-16 12:14:46.882000,418.081441445308,11
2024-09-16 12:14:46.946000,418.06757152591473,6
2024-09-16 12:14:46.963000,418.0866327308405,1005
2024-09-16 12:14:46.992000,418.0710682253161,1002
2024-09-16 12:14:47.036000,418.1511521592804,97
2024-09-16 12:14:47.038000,418.1514039789778,7
2024-09-16 12:14:47.152000,418.1407458943291,12
2024-09-16 12:14:47.251000,418.1489886387457,998
2024-09-16 12:14:47.321000,418.1190286675559,996
2024-09-16 12:14:47.349000,418.1279507706756,996
2024-09-16 12:14:47.376000,418.1131611782136,15
2024-09-16 12:14:47.384000,418.1426598097124,100
2024-09-16 12:14:47.437000,418.10592668982224,98
2024-09-16 12:14:47.535000,418.1099372876191,1000
2024-09-16 12:14:47.565000,418.1520874848574,9
2024-09-16 12:14:47.616000,418.1359144419676,96
2024-09-16 12:14:47.618000,418.12629056755895,9
2024-09-16 12:14:47.634000,418.14832711776046,97
2024-09-16 12:14:47.746000,418.1357077188664,98
2024-09-16 12:14:47.979000,418.1433983267628,1005
2024-09-16 12:14:48.100000,418.1776877654536,103
2024-09-16 12:14:48.140000,418.1701615791056,95
2024-09-16 12:14:48.183000,418.1478531090477,98
2024-09-16 12:14:48.226000,418.18710171955337,102
2024-09-16 12:14:48.250000,418.17254119800174,105
2024-09-16 12:14:48.265000,418.1642386759822,12
2024-09-16 12:14:48.505000,418.1628142124823,1004
2024-09-16 12:14:48.650000,418.1563890756653,13
2024-09-16 12:14:48.954000,418.17236522211545,1001
2024-09-16 12:14:48.972000,418.166992784364,95
2024-09-16 12:14:49.719000,418.18475835636497,7
2024-09-16 12:14:50.008000,418.1259118231645,10
2024-09-16 12:14:50.034000,418.1832718976279,5
2024-09-16 12:14:50.111000,418.1206178438986,14
2024-09-16 12:14:50.119000,418.1634653707909,997
2024-09-16 12:14:50.140000,418.1134843307356,100
2024-09-16 12:14:50.181000,418.1814143945968,6
2024-09-16 12:14:50.192000,418.1915262321147,13
2024-09-16 12:14:50.229000,418.18344705383134,9
2024-09-16 12:14:50.246000,418.1688766696788,1003
2024-09-16 12:14:50.249000,418.1895423729195,96
2024-09-16 12:14:50.267000,418.1137643466776,98
2024-09-16 12:14:50.269000,418.198179602852,98
2024-09-16 12:14:50.320000,418.1961960689281,7
2024-09-16 12:14:50.434000,418.2039591818588,995
2024-09-16 12:14:50.440000,418.1581774247642,104
2024-09-16 12:14:50.477000,418.192274924763,1001
2024-09-16 12:14:50.704000,418.1727247967502,9
2024-09-16 12:14:50.712000,418.11175225415775,13
2024-09-16 12:14:50.798000,418.1966500284157,6
2024-09-16 12:14:50.816000,418.1817330251972,6
2024-09-16 12:14:50.876000,418.1154024522873,1004
2024-09-16 12:14:50.878000,418.1994033695587,104
2024-09-16 12:14:50.889000,418.1912276046807,997
2024-09-16 12:14:50.899000,418.1645037008318,1001
2024-09-16 12:14:51.003000,418.1528403329524,10
2024-09-16 12:14:51.050000,418.2031958607557,8
2024-09-16 12:14:51.080000,418.18329358186105,997
2024-09-16 12:14:51.190000,418.1107255237136,1001
2024-09-16 12:14:51.225000,418.1861212885171,998
2024-09-16 12:14:51.238000,418.1624791701244,1000
2024-09-16 12:14:51.252000,418.10340735139584,9
2024-09-16 12:14:51.275000,418.1611965002412,995
2024-09-16 12:14:51.377000,418.1015441111185,8
2024-09-16 12:14:51.434000,418.09156290852735,99
2024-09-16 12:14:51.480000,418.1571044683124,1001
2024-09-16 12:14:51.487000,418.1827764650071,1002
2024-09-16 12:14:51.527000,418.1196027173708,10
2024-09-16 12:14:51.599000,418.0902503519575,7
2024-09-16 12:14:51.601000,418.1662034575608,1002
2024-09-16 12:14:51.605000,418.1547062953556,1000
2024-09-16 12:14:51.675000,418.18000375174734,1005
2024-09-16 12:14:51.765000,418.15177574361286,104
2024-09-16 12:14:51.782000,418.17383780377526,97
2024-09-16 12:14:51.782000,418.177252562496,99
2024-09-16 12:14:51.854000,418.18377082023454,95
2024-09-16 12:14:51.920000,418.1791244586025,103
2024-09-16 12:14:51.952000,418.10243835155393,1000
2024-09-16 12:14:52.101000,418.1798129354639,1001
2024-09-16 12:14:52.132000,418.1765678271774,103
2024-09-16 12:14:52.610000,418.1762730504108,13
2024-09-16 12:14:54.074000,418.1914233532884,14
2024-09-16 12:14:54.090000,418.1583633805248,103
2024-09-16 12:14:54.138000,418.1344710911644,14
2024-09-16 12:14:54.258000,418.1756008103044,7
2024-09-16 12:14:54.280000,418.1425980723777,7
2024-09-16 12:14:54.288000,418.1640334198975,1003
2024-09-16 12:14:54.295000,418.1301246108129,1000
2024-09-16 12:14:54.403000,418.1440571767197,13
2024-09-16 12:14:54.563000,418.17855488004943,995
2024-09-16 12:14:54.588000,418.1378568830434,100
2024-09-16 12:14:54.675000,418.1370923927156,99
2024-09-16 12:14:54.727000,418.16250653376704,101
2024-09-16 12:14:54.945000,418.1351609034166,998
2024-09-16 12:14:54.973000,418.1768539227669,6
2024-09-16 12:14:55.056000,418.1501470000016,95
2024-09-16 12:14:55.261000,418.1388045050406,95
2024-09-16 12:14:55.294000,418.137853602768,1000
2024-09-16 12:14:55.518000,418.1649512127343,10
2024-09-16 12:14:55.600000,418.1498818140595,13
2024-09-16 12:14:55.699000,418.15193592246135,102
2024-09-16 12:14:55.754000,418.1394231696359,104
2024-09-16 12:14:55.777000,418.15043202739054,999
2024-09-16 12:14:55.879000,418.13243137921165,99
2024-09-16 12:14:55.900000,418.1613650180812,1002
2024-09-16 12:14:55.912000,418.13042860099455,105
2024-09-16 12:14:55.957000,418.1262953083458,1005
2024-09-16 12:14:56.171000,418.1737832346753,6
2024-09-16 12:14:56.367000,418.1812332196331,13
2024-09-16 12:14:56.508000,418.16785115258375,995
2024-09-16 12:14:56.643000,418.1476905040817,103
2024-09-16 12:14:56.841000,418.1472370296957,95
2024-09-16 12:14:56.942000,418.1454938087475,8
2024-09-16 12:14:57.130000,418.1441361661,102
2024-09-16 12:14:57.256000,418.0807056828394,997
2024-09-16 12:14:57.280000,418.1647520651024,97
2024-09-16 12:14:57.344000,418.1907300566472,1004
2024-09-16 12:14:57.391000,418.1172366104651,13
2024-09-16 12:14:57.411000,418.2049217889776,1002
2024-09-16 12:14:57.430000,418.2009417801938,1000
2024-09-16 12:14:57.459000,418.1451386381856,102
2024-09-16 12:14:57.504000,418.0609369850213,8
2024-09-16 12:14:57.517000,418.099463219825,11
2024-09-16 12:14:57.549000,418.0683940231045,10
2024-09-16 12:14:57.584000,418.0783560968775,999
2024-09-16 12:14:57.591000,418.0988638963697,96
2024-09-16 12:14:57.595000,418.0925134974614,96
2024-09-16 12:14:57.605000,418.1559300597251,104
2024-09-16 12:14:57.697000,418.0800725728365,10
2024-09-16 12:14:57.712000,418.1395115012701,1002
2024-09-16 12:14:57.744000,418.1436103488022,996
2024-09-16 12:14:57.754000,418.1539523121503,1003
2024-09-16 12:14:57.785000,418.180327091291,997
2024-09-16 12:14:57.838000,418.086842782628,1002
2024-09-16 12:14:57.838000,418.0909003027402,11
2024-09-16 12:14:57.949000,418.18816515486,12
2024-09-16 12:14:57.989000,418.1968831957821,12
2024-09-16 12:14:58.172000,418.07639308880863,1005
2024-09-16 12:14:58.729000,418.08479384907866,998
2024-09-16 12:14:58.945000,418.1053658847112,99
2024-09-16 12:14:59.303000,418.07413934607325,100
2024-09-16 12:14:59.403000,418.0806337239399,9
2024-09-16 12:14:59.406000,418.0733469269802,10
2024-09-16 12:14:59.413000,418.03830275968335,101
2024-09-16 12:14:59.565000,418.0772140787758,103
2024-09-16 12:14:59.587000,418.0822094001738,1005
2024-09-16 12:14:59.830000,418.0691911041423,1001
2024-09-16 12:14:59.861000,418.0634624671407,1004
2024-09-16 12:14:59.996000,418.0558849644778,12
