Timestamp,Price,Size
2024-09-20 12:41:00.358000,427.86465819522186,104
2024-09-20 12:41:00.486000,427.8730291434293,6
2024-09-20 12:41:00.773000,427.86512361671,95
2024-09-20 12:41:01.392000,427.88613989607336,102
2024-09-20 12:41:01.478000,427.9026070949368,995
2024-09-20 12:41:01.579000,427.89236931911046,102
2024-09-20 12:41:01.612000,427.91603612945175,8
2024-09-20 12:41:01.747000,427.87985209771495,6
2024-09-20 12:41:01.785000,427.8966053127204,998
2024-09-20 12:41:01.797000,427.872399443272,995
2024-09-20 12:41:01.937000,427.90872813796886,9
2024-09-20 12:41:02.251000,427.8960083030178,13
2024-09-20 12:41:02.314000,427.8839705397053,98
2024-09-20 12:41:02.342000,427.9023423760625,100
2024-09-20 12:41:02.397000,427.8963395228967,95
2024-09-20 12:41:02.438000,427.93008405530406,999
2024-09-20 12:41:02.462000,427.890388223826,14
2024-09-20 12:41:02.493000,427.91714221694303,8
2024-09-20 12:41:02.518000,427.892290089492,96
2024-09-20 12:41:02.579000,427.91901868029663,103
2024-09-20 12:41:02.608000,427.89633448878806,100
2024-09-20 12:41:02.696000,427.90440126693824,105
2024-09-20 12:41:02.998000,427.9244090562792,13
2024-09-20 12:41:03.069000,427.9177457722077,13
2024-09-20 12:41:03.175000,427.9233806579858,1002
2024-09-20 12:41:03.182000,427.9058433879285,1001
2024-09-20 12:41:03.217000,427.9252538231365,99
2024-09-20 12:41:03.276000,427.8890435880616,997
2024-09-20 12:41:03.342000,427.9009932866774,996
2024-09-20 12:41:03.375000,427.8878978160925,11
2024-09-20 12:41:03.913000,427.8983633287978,996
2024-09-20 12:41:03.994000,427.8926871514665,1005
2024-09-20 12:41:04.069000,427.8806646995781,95
2024-09-20 12:41:04.091000,427.8401846113705,997
2024-09-20 12:41:04.141000,427.86414285867977,6
2024-09-20 12:41:04.145000,427.8325544641796,1001
2024-09-20 12:41:04.162000,427.8755081259803,96
2024-09-20 12:41:04.288000,427.8595287531225,1005
2024-09-20 12:41:04.456000,427.9107164879635,99
2024-09-20 12:41:04.686000,427.8940817278154,9
2024-09-20 12:41:04.696000,427.8802669703975,6
2024-09-20 12:41:04.703000,427.85630967942507,105
2024-09-20 12:41:04.723000,427.87179036865695,999
2024-09-20 12:41:04.727000,427.84464143145095,102
2024-09-20 12:41:04.750000,427.8461565034353,11
2024-09-20 12:41:04.760000,427.8759902534876,97
2024-09-20 12:41:04.781000,427.8712431259465,1003
2024-09-20 12:41:04.825000,427.88969219779,1001
2024-09-20 12:41:04.905000,427.878727469445,10
2024-09-20 12:41:04.917000,427.8387500312919,102
2024-09-20 12:41:04.922000,427.8459253038538,96
2024-09-20 12:41:04.956000,427.8964631461538,995
2024-09-20 12:41:04.961000,427.861286203652,1003
2024-09-20 12:41:05.075000,427.9019649299887,103
2024-09-20 12:41:05.205000,427.8754434600445,96
2024-09-20 12:41:05.338000,427.84762938288463,96
2024-09-20 12:41:05.448000,427.8832436886115,15
2024-09-20 12:41:05.452000,427.9042918691776,10
2024-09-20 12:41:05.463000,427.9006821101541,6
2024-09-20 12:41:05.466000,427.8851983700275,13
2024-09-20 12:41:05.482000,427.9069162444505,14
2024-09-20 12:41:05.658000,427.9002557278951,5
2024-09-20 12:41:05.673000,427.9079977010168,96
2024-09-20 12:41:05.767000,427.8825682211568,105
2024-09-20 12:41:05.892000,427.8730561164339,11
2024-09-20 12:41:05.934000,427.8947906792054,105
2024-09-20 12:41:06.028000,427.8895667490697,101
2024-09-20 12:41:06.142000,427.8657220234516,995
2024-09-20 12:41:06.195000,427.8589028786309,1004
2024-09-20 12:41:06.646000,427.8903160815107,1002
2024-09-20 12:41:06.664000,427.9045968700976,1003
2024-09-20 12:41:06.740000,427.8415347057401,12
2024-09-20 12:41:06.774000,427.8909620538967,9
2024-09-20 12:41:06.941000,427.88063249109246,98
2024-09-20 12:41:07.136000,427.8788979363251,105
2024-09-20 12:41:07.988000,427.8796130081225,105
2024-09-20 12:41:08.007000,427.99298086308113,100
2024-09-20 12:41:08.049000,427.9770111235332,1000
2024-09-20 12:41:08.057000,427.993785713969,102
2024-09-20 12:41:08.094000,427.8852721833881,13
2024-09-20 12:41:08.122000,427.9942942466941,1005
2024-09-20 12:41:08.163000,427.9929661106406,15
2024-09-20 12:41:08.217000,427.9438393658342,12
2024-09-20 12:41:08.236000,427.9530114368207,104
2024-09-20 12:41:08.259000,427.9331186245727,97
2024-09-20 12:41:08.279000,427.9312329891577,6
2024-09-20 12:41:08.300000,427.9198369261233,1005
2024-09-20 12:41:08.311000,427.85427579189343,998
2024-09-20 12:41:08.319000,427.9683268189172,999
2024-09-20 12:41:08.333000,427.98335053842135,998
2024-09-20 12:41:08.372000,427.9791733925368,98
2024-09-20 12:41:08.379000,427.9260050258597,995
2024-09-20 12:41:08.399000,427.9710726407094,99
2024-09-20 12:41:08.402000,427.994975958028,1000
2024-09-20 12:41:08.546000,427.9893735992088,7
2024-09-20 12:41:08.684000,427.9484902991512,1004
2024-09-20 12:41:08.816000,427.8990483932055,1000
2024-09-20 12:41:08.821000,427.9818435825314,8
2024-09-20 12:41:08.849000,427.8698799549528,103
2024-09-20 12:41:08.881000,427.9191203382181,103
2024-09-20 12:41:08.904000,427.9706730995915,12
2024-09-20 12:41:08.920000,427.9613085328744,1003
2024-09-20 12:41:09.042000,428.0743850777638,1003
2024-09-20 12:41:09.042000,428.0959656080356,95
2024-09-20 12:41:09.110000,428.01252728149103,14
2024-09-20 12:41:09.111000,428.0689636510384,996
2024-09-20 12:41:09.113000,428.0233061087055,1000
2024-09-20 12:41:09.123000,428.1053861699292,13
2024-09-20 12:41:09.130000,428.084808583885,15
2024-09-20 12:41:09.161000,428.0891752018388,96
2024-09-20 12:41:09.294000,428.1081756975152,13
2024-09-20 12:41:09.309000,428.0995508740184,9
2024-09-20 12:41:09.324000,427.9769663357307,1001
2024-09-20 12:41:09.385000,428.0385073407575,105
2024-09-20 12:41:09.500000,428.100065134164,11
2024-09-20 12:41:09.522000,428.0978059358598,8
2024-09-20 12:41:09.528000,428.0265651054782,1000
2024-09-20 12:41:09.533000,428.0172000470796,1002
2024-09-20 12:41:09.703000,428.1275514707194,105
2024-09-20 12:41:09.781000,428.0565027983316,11
2024-09-20 12:41:09.807000,428.0619557759993,105
2024-09-20 12:41:09.821000,428.1032016676135,1003
2024-09-20 12:41:09.832000,428.0720941215058,997
2024-09-20 12:41:09.848000,428.0746565843167,10
2024-09-20 12:41:09.926000,428.0787670432416,6
2024-09-20 12:41:09.939000,428.1022563037998,10
2024-09-20 12:41:09.950000,428.0930279025967,15
2024-09-20 12:41:09.997000,427.9815515454996,1003
2024-09-20 12:41:09.998000,428.01749024880405,6
2024-09-20 12:41:09.999000,428.0186136151311,100
2024-09-20 12:41:10.021000,428.1721015925081,98
2024-09-20 12:41:10.072000,428.13900529159474,8
2024-09-20 12:41:10.073000,428.15780498409015,997
2024-09-20 12:41:10.093000,428.1606387074509,103
2024-09-20 12:41:10.101000,428.1629440138909,999
2024-09-20 12:41:10.115000,428.1414768984602,8
2024-09-20 12:41:10.161000,428.18492316006274,14
2024-09-20 12:41:10.162000,428.192592467224,97
2024-09-20 12:41:10.190000,428.21260398997447,8
2024-09-20 12:41:10.198000,428.2201124102895,101
2024-09-20 12:41:10.228000,428.1335048973461,1005
2024-09-20 12:41:10.239000,428.2059853601642,8
2024-09-20 12:41:10.266000,428.1344232330797,1004
2024-09-20 12:41:10.309000,428.2027249185356,95
2024-09-20 12:41:10.313000,428.1871472673116,1000
2024-09-20 12:41:10.377000,428.16055831925735,996
2024-09-20 12:41:10.485000,428.2048430379928,7
2024-09-20 12:41:10.487000,428.2145554392921,11
2024-09-20 12:41:10.574000,428.2180409343971,96
2024-09-20 12:41:10.683000,428.13859052001146,5
2024-09-20 12:41:10.716000,428.1815769802549,997
2024-09-20 12:41:10.732000,428.17754374297255,96
2024-09-20 12:41:10.733000,428.18655322702585,1002
2024-09-20 12:41:10.818000,428.1434735105424,1005
2024-09-20 12:41:10.880000,428.19507785685687,996
2024-09-20 12:41:10.954000,428.1541749217416,7
2024-09-20 12:41:10.983000,428.1900849321535,12
2024-09-20 12:41:10.986000,428.1679326387104,103
2024-09-20 12:41:12.016000,428.2593033969293,999
2024-09-20 12:41:12.016000,428.21520411302623,104
2024-09-20 12:41:12.042000,428.2054872881853,995
2024-09-20 12:41:12.045000,428.2678816963439,97
2024-09-20 12:41:12.073000,428.2848914183596,998
2024-09-20 12:41:12.103000,428.2468422446816,97
2024-09-20 12:41:12.205000,428.21478805678805,103
2024-09-20 12:41:12.213000,428.2802587783496,1000
2024-09-20 12:41:12.217000,428.214904707422,999
2024-09-20 12:41:12.249000,428.1960163656459,996
2024-09-20 12:41:12.250000,428.2654761171124,97
2024-09-20 12:41:12.269000,428.2273017924303,104
2024-09-20 12:41:12.327000,428.266765029898,995
2024-09-20 12:41:12.423000,428.24322628490376,15
2024-09-20 12:41:12.508000,428.1995370484608,105
2024-09-20 12:41:12.512000,428.2178779815059,1003
2024-09-20 12:41:12.529000,428.28504756646106,7
2024-09-20 12:41:12.604000,428.262965923988,97
2024-09-20 12:41:12.635000,428.22791388511536,103
2024-09-20 12:41:12.674000,428.2753131884604,98
2024-09-20 12:41:12.698000,428.1789327924501,998
2024-09-20 12:41:12.705000,428.268255950078,6
2024-09-20 12:41:12.766000,428.2519963061866,101
2024-09-20 12:41:12.785000,428.1902757583106,8
2024-09-20 12:41:12.789000,428.2843035476681,104
2024-09-20 12:41:12.870000,428.25123160645967,995
2024-09-20 12:41:13.006000,428.2226907101957,13
2024-09-20 12:41:13.011000,428.2328980298525,101
2024-09-20 12:41:13.023000,428.2103168907212,995
2024-09-20 12:41:13.111000,428.27154321293824,999
2024-09-20 12:41:13.127000,428.292593099246,103
2024-09-20 12:41:13.131000,428.1824440795196,1004
2024-09-20 12:41:13.143000,428.23273255057865,1000
2024-09-20 12:41:13.207000,428.24294551945263,15
2024-09-20 12:41:13.225000,428.2207685154708,8
2024-09-20 12:41:13.269000,428.218458955707,98
2024-09-20 12:41:13.405000,428.2798412934237,95
2024-09-20 12:41:13.452000,428.1963397367165,7
2024-09-20 12:41:13.570000,428.2450083692429,13
2024-09-20 12:41:13.676000,428.25261981019713,1001
2024-09-20 12:41:13.701000,428.2374390298702,104
2024-09-20 12:41:13.707000,428.2008177837224,1001
2024-09-20 12:41:13.767000,428.1768136776025,6
2024-09-20 12:41:13.853000,428.26265105556666,998
2024-09-20 12:41:13.855000,428.2407696299064,11
2024-09-20 12:41:13.922000,428.1617564689153,97
2024-09-20 12:41:14.070000,428.19443425689775,995
2024-09-20 12:41:14.114000,428.0902317008572,11
2024-09-20 12:41:14.193000,428.1992765151906,7
2024-09-20 12:41:14.248000,428.1287872837463,99
2024-09-20 12:41:14.253000,428.1715680969205,9
2024-09-20 12:41:14.287000,428.1958560875297,102
2024-09-20 12:41:14.310000,428.1591813544523,15
2024-09-20 12:41:14.382000,428.077735388588,99
2024-09-20 12:41:14.389000,428.1491825624898,1000
2024-09-20 12:41:14.420000,428.1867097784899,997
2024-09-20 12:41:14.594000,428.0867637619105,996
2024-09-20 12:41:14.642000,428.2029379532997,101
2024-09-20 12:41:14.732000,428.1018440934912,96
2024-09-20 12:41:14.795000,428.0941216600195,6
2024-09-20 12:41:14.819000,428.1601281233907,1004
2024-09-20 12:41:14.893000,428.0743993615688,104
2024-09-20 12:41:14.954000,428.1334423485592,995
2024-09-20 12:41:14.972000,428.1999517805914,102
2024-09-20 12:41:15.030000,428.064223946563,102
2024-09-20 12:41:15.159000,428.0656625600807,999
2024-09-20 12:41:15.200000,428.0749770397374,7
2024-09-20 12:41:15.356000,428.0820230461389,999
2024-09-20 12:41:15.415000,428.07147298238607,10
2024-09-20 12:41:15.427000,428.08368249792807,6
2024-09-20 12:41:15.613000,428.062364738106,99
2024-09-20 12:41:15.748000,428.06270366388526,5
2024-09-20 12:41:15.848000,428.080485246624,998
2024-09-20 12:41:15.988000,428.0756854107975,1003
2024-09-20 12:41:16.013000,428.0597551830308,105
2024-09-20 12:41:16.042000,427.9977753432556,1004
2024-09-20 12:41:16.062000,428.00978416298,9
2024-09-20 12:41:16.066000,428.062686525458,1003
2024-09-20 12:41:16.171000,427.995797038821,11
2024-09-20 12:41:16.237000,428.01163859670766,10
2024-09-20 12:41:16.251000,427.996885425147,996
2024-09-20 12:41:16.281000,428.010184697009,1003
2024-09-20 12:41:16.290000,428.0574914062437,98
2024-09-20 12:41:16.307000,428.00961817071953,1002
2024-09-20 12:41:16.345000,428.00294559922384,99
2024-09-20 12:41:16.362000,428.0024963745604,996
2024-09-20 12:41:16.403000,428.05973867457016,104
2024-09-20 12:41:16.529000,427.9879944653084,1002
2024-09-20 12:41:16.574000,428.0219758185579,995
2024-09-20 12:41:16.642000,428.0590202545635,11
2024-09-20 12:41:16.724000,428.0464167198089,1005
2024-09-20 12:41:16.740000,428.04559693829975,1002
2024-09-20 12:41:16.818000,428.0582242160703,97
2024-09-20 12:41:16.828000,428.0033125314183,9
2024-09-20 12:41:16.841000,428.0065442089215,1005
2024-09-20 12:41:16.924000,428.04854116623096,100
2024-09-20 12:41:16.943000,428.02349677416913,999
2024-09-20 12:41:16.947000,428.0191331428455,997
2024-09-20 12:41:17.058000,428.0425464926577,999
2024-09-20 12:41:17.150000,428.06762494710347,5
2024-09-20 12:41:17.158000,428.0449142032826,15
2024-09-20 12:41:17.199000,428.04346784877066,1004
2024-09-20 12:41:17.315000,428.0517383311157,5
2024-09-20 12:41:17.317000,428.04671717260646,105
2024-09-20 12:41:17.327000,428.02379494770776,105
2024-09-20 12:41:17.337000,428.0442254081273,97
2024-09-20 12:41:17.343000,428.0684817879568,8
2024-09-20 12:41:17.403000,428.041367294763,9
2024-09-20 12:41:17.450000,428.0399698925595,12
2024-09-20 12:41:17.468000,428.032880560414,95
2024-09-20 12:41:17.483000,428.0405595711729,100
2024-09-20 12:41:17.522000,428.0378779971514,105
2024-09-20 12:41:17.523000,428.02987152454057,99
2024-09-20 12:41:17.529000,428.02142187211217,9
2024-09-20 12:41:17.545000,428.0303164946646,7
2024-09-20 12:41:17.578000,428.0603750303982,1001
2024-09-20 12:41:17.594000,428.0355597481838,14
2024-09-20 12:41:17.639000,428.0369381134896,14
2024-09-20 12:41:17.680000,428.0509471389239,11
2024-09-20 12:41:17.726000,428.0177548004511,1005
2024-09-20 12:41:17.740000,428.0358601198422,14
2024-09-20 12:41:17.757000,428.048964642304,101
2024-09-20 12:41:17.804000,428.04773994527295,98
2024-09-20 12:41:17.847000,428.0247689796479,10
2024-09-20 12:41:17.871000,428.0448874815538,1003
2024-09-20 12:41:17.921000,428.0415497047843,9
2024-09-20 12:41:17.964000,428.0107214955332,999
2024-09-20 12:41:18.003000,427.9703965804513,14
2024-09-20 12:41:18.012000,427.97291549818607,10
2024-09-20 12:41:18.033000,427.9780666758899,103
2024-09-20 12:41:18.051000,427.964627976002,9
2024-09-20 12:41:18.081000,427.9603176791444,1005
2024-09-20 12:41:18.196000,427.9556868450589,995
2024-09-20 12:41:18.327000,427.9806800362864,15
2024-09-20 12:41:18.421000,427.96241407174847,105
2024-09-20 12:41:18.471000,427.98529910686335,96
2024-09-20 12:41:18.546000,427.9821655863525,99
2024-09-20 12:41:18.588000,427.992205739956,1000
2024-09-20 12:41:18.611000,428.00941549259926,1003
2024-09-20 12:41:18.672000,427.9858352774597,995
2024-09-20 12:41:18.705000,427.9731993637856,1003
2024-09-20 12:41:18.742000,427.9709715687485,995
2024-09-20 12:41:18.744000,427.97073537868897,102
2024-09-20 12:41:18.744000,427.9527914183256,9
2024-09-20 12:41:18.808000,427.9648885616065,998
2024-09-20 12:41:18.864000,427.9879225183285,97
2024-09-20 12:41:19.140000,427.8661093555799,8
2024-09-20 12:41:19.155000,427.9573010450551,98
2024-09-20 12:41:19.188000,427.9346859134556,96
2024-09-20 12:41:19.244000,427.946601867949,1005
2024-09-20 12:41:19.296000,427.9226651250875,997
2024-09-20 12:41:19.431000,427.92131656067977,1004
2024-09-20 12:41:19.512000,427.9172639204061,1002
2024-09-20 12:41:19.526000,427.9227082538734,15
2024-09-20 12:41:19.537000,427.96178676146457,995
2024-09-20 12:41:19.569000,427.9429204972257,105
2024-09-20 12:41:19.629000,427.8625305030506,14
2024-09-20 12:41:19.729000,427.9102939752511,1000
2024-09-20 12:41:19.757000,427.9315160491526,95
2024-09-20 12:41:19.762000,427.9571193151683,103
2024-09-20 12:41:19.850000,427.91108425472,103
2024-09-20 12:41:19.923000,427.8835076138337,95
2024-09-20 12:41:19.976000,427.91953996446847,12
2024-09-20 12:41:21.099000,427.8723584980754,96
2024-09-20 12:41:21.149000,427.850171331919,104
2024-09-20 12:41:21.764000,427.8456704072474,10
2024-09-20 12:41:21.950000,427.84524275974417,98
2024-09-20 12:41:22.100000,427.8375505081616,101
2024-09-20 12:41:22.266000,427.8599337238844,1005
2024-09-20 12:41:22.320000,427.8531241070364,1000
2024-09-20 12:41:22.603000,427.8847020492476,104
2024-09-20 12:41:22.687000,427.8489746608167,12
2024-09-20 12:41:22.712000,427.84745472109296,10
2024-09-20 12:41:22.981000,427.8336170345656,13
2024-09-20 12:41:23.492000,427.8609285812837,998
2024-09-20 12:41:23.545000,427.8562391097796,996
2024-09-20 12:41:24.146000,427.8381207062711,7
2024-09-20 12:41:24.275000,427.8447993070986,95
2024-09-20 12:41:24.385000,427.8325574949416,6
2024-09-20 12:41:24.391000,427.8283506046636,996
2024-09-20 12:41:24.399000,427.8706237861824,99
2024-09-20 12:41:24.446000,427.80559574177926,11
2024-09-20 12:41:24.758000,427.8743782798013,1005
2024-09-20 12:41:24.785000,427.8545289929644,11
2024-09-20 12:41:24.785000,427.84297887174415,1002
2024-09-20 12:41:24.907000,427.8683628574496,999
2024-09-20 12:41:24.999000,427.8096805205153,11
2024-09-20 12:41:25.020000,427.7901029162248,1004
2024-09-20 12:41:25.160000,427.7931704328173,7
2024-09-20 12:41:25.188000,427.7948491269357,1002
2024-09-20 12:41:25.217000,427.7862231760943,9
2024-09-20 12:41:25.232000,427.7792839884824,6
2024-09-20 12:41:25.257000,427.77317911157206,104
2024-09-20 12:41:25.263000,427.7859499773772,95
2024-09-20 12:41:25.299000,427.80224142939727,8
2024-09-20 12:41:25.326000,427.82678092941006,1004
2024-09-20 12:41:25.381000,427.84356084950383,98
2024-09-20 12:41:25.425000,427.80607615372907,995
2024-09-20 12:41:25.512000,427.7724378662298,1002
2024-09-20 12:41:25.692000,427.8254346895105,96
2024-09-20 12:41:25.766000,427.7836875806064,1000
2024-09-20 12:41:25.824000,427.79594977573606,103
2024-09-20 12:41:25.826000,427.7987414334765,999
2024-09-20 12:41:25.943000,427.80082376557664,9
2024-09-20 12:41:26.024000,427.8583294205228,1000
2024-09-20 12:41:26.027000,427.86727828550863,12
2024-09-20 12:41:26.190000,427.76309539289406,11
2024-09-20 12:41:26.216000,427.82587462171495,1002
2024-09-20 12:41:26.273000,427.7671972641857,995
2024-09-20 12:41:26.275000,427.8664850825954,97
2024-09-20 12:41:26.288000,427.866172312365,998
2024-09-20 12:41:26.292000,427.7756426166985,101
2024-09-20 12:41:26.358000,427.7570034538309,100
2024-09-20 12:41:26.377000,427.8518876421147,1001
2024-09-20 12:41:26.391000,427.762469781317,9
2024-09-20 12:41:26.459000,427.7724913755821,997
2024-09-20 12:41:26.541000,427.7636344595505,12
2024-09-20 12:41:26.606000,427.7491251705524,103
2024-09-20 12:41:26.612000,427.7958665439909,15
2024-09-20 12:41:26.697000,427.8516412634754,997
2024-09-20 12:41:26.744000,427.85344349102473,100
2024-09-20 12:41:26.796000,427.8686470601804,14
2024-09-20 12:41:26.804000,427.8245107042266,15
2024-09-20 12:41:26.805000,427.8675209147381,103
2024-09-20 12:41:26.903000,427.8425713242148,95
2024-09-20 12:41:26.935000,427.7840008987674,9
2024-09-20 12:41:26.941000,427.8537837817945,1003
2024-09-20 12:41:26.955000,427.8296565329638,11
2024-09-20 12:41:26.958000,427.8155146847518,102
2024-09-20 12:41:26.964000,427.8668373341561,6
2024-09-20 12:41:26.983000,427.8464973428988,102
2024-09-20 12:41:27.114000,427.8438590158998,1002
2024-09-20 12:41:28.068000,427.8686898078234,12
2024-09-20 12:41:28.095000,427.8418085114112,7
2024-09-20 12:41:28.104000,427.8399325225232,1004
2024-09-20 12:41:28.155000,427.8693531066172,14
2024-09-20 12:41:28.164000,427.8529979700096,96
2024-09-20 12:41:28.186000,427.83255192993227,996
2024-09-20 12:41:28.192000,427.8280297640629,100
2024-09-20 12:41:28.242000,427.8747097360865,6
2024-09-20 12:41:28.311000,427.8667216615805,97
2024-09-20 12:41:28.336000,427.8645171522304,7
2024-09-20 12:41:28.349000,427.89156426621327,98
2024-09-20 12:41:28.378000,427.82284705832456,105
2024-09-20 12:41:28.413000,427.8429559336317,96
2024-09-20 12:41:28.512000,427.8647858790669,105
2024-09-20 12:41:28.542000,427.85778935413225,14
2024-09-20 12:41:28.572000,427.86356695610175,103
2024-09-20 12:41:28.620000,427.876087748392,1003
2024-09-20 12:41:28.634000,427.8676444842237,999
2024-09-20 12:41:28.651000,427.860322079729,998
2024-09-20 12:41:28.730000,427.8047315247787,95
2024-09-20 12:41:28.784000,427.8612578473536,998
2024-09-20 12:41:28.797000,427.85538824331263,998
2024-09-20 12:41:28.829000,427.8628539525738,104
2024-09-20 12:41:28.846000,427.86814123552847,8
2024-09-20 12:41:28.848000,427.8229710548686,998
2024-09-20 12:41:28.884000,427.8526491934535,997
2024-09-20 12:41:28.901000,427.8756080964941,15
2024-09-20 12:41:28.927000,427.8108817674486,103
2024-09-20 12:41:28.983000,427.8504097355663,997
2024-09-20 12:41:29.002000,427.8584720895153,95
2024-09-20 12:41:29.230000,427.8621408405592,995
2024-09-20 12:41:29.300000,427.871975801766,15
2024-09-20 12:41:29.323000,427.87559296118286,97
2024-09-20 12:41:29.483000,427.878409721694,95
2024-09-20 12:41:29.598000,427.8549400644394,997
2024-09-20 12:41:29.607000,427.8604295705017,15
2024-09-20 12:41:29.626000,427.8520097428269,998
2024-09-20 12:41:29.661000,427.8673693121347,5
2024-09-20 12:41:30.097000,427.8236634713061,11
2024-09-20 12:41:30.207000,427.85432486330296,6
2024-09-20 12:41:30.231000,427.8639441107089,101
2024-09-20 12:41:30.279000,427.8448261550392,1000
2024-09-20 12:41:30.405000,427.83399905607325,1004
2024-09-20 12:41:30.511000,427.8355609828152,13
2024-09-20 12:41:31.012000,427.8216635050465,996
2024-09-20 12:41:31.163000,427.81528700787993,103
2024-09-20 12:41:31.178000,427.8426213698488,95
2024-09-20 12:41:31.241000,427.8509609268807,9
2024-09-20 12:41:31.289000,427.81586846790174,1004
2024-09-20 12:41:31.323000,427.8179022645666,102
2024-09-20 12:41:31.346000,427.8275653431728,1002
2024-09-20 12:41:31.352000,427.8694935379891,12
2024-09-20 12:41:31.395000,427.8495424877976,15
2024-09-20 12:41:31.407000,427.8449457272294,14
2024-09-20 12:41:31.419000,427.8179373540232,1001
2024-09-20 12:41:31.419000,427.8408152371621,5
2024-09-20 12:41:31.470000,427.8405507287533,997
2024-09-20 12:41:31.495000,427.8438340189064,996
2024-09-20 12:41:31.505000,427.832730658164,1005
2024-09-20 12:41:31.509000,427.8466556692278,104
2024-09-20 12:41:31.527000,427.8530355216925,100
2024-09-20 12:41:31.639000,427.84867635975263,105
2024-09-20 12:41:31.661000,427.82325685999217,1000
2024-09-20 12:41:31.677000,427.82878219663377,104
2024-09-20 12:41:31.690000,427.81905841390505,1003
2024-09-20 12:41:31.706000,427.8692733883809,1000
2024-09-20 12:41:31.766000,427.8831176614323,1000
2024-09-20 12:41:31.823000,427.8179817938336,998
2024-09-20 12:41:31.864000,427.8366798620145,1001
2024-09-20 12:41:31.900000,427.8344975660998,8
2024-09-20 12:41:31.915000,427.8384151164621,6
2024-09-20 12:41:31.969000,427.8052391556831,14
2024-09-20 12:41:31.997000,427.8302404684651,98
2024-09-20 12:41:32.020000,427.9172711871298,5
2024-09-20 12:41:32.227000,427.9146047591771,101
2024-09-20 12:41:32.232000,427.9053418239988,13
2024-09-20 12:41:32.257000,427.8528255862049,9
2024-09-20 12:41:32.272000,427.9134013778844,103
2024-09-20 12:41:32.367000,427.8402271437628,10
2024-09-20 12:41:32.378000,427.8511538176983,104
2024-09-20 12:41:32.390000,427.929195867828,998
2024-09-20 12:41:32.405000,427.87252900928434,1002
2024-09-20 12:41:32.500000,427.8652038608882,10
2024-09-20 12:41:32.523000,427.8518837515432,102
2024-09-20 12:41:32.562000,427.9265763585376,7
2024-09-20 12:41:32.677000,427.87161375209297,97
2024-09-20 12:41:32.684000,427.87896565925,105
2024-09-20 12:41:32.705000,427.8527866867418,103
2024-09-20 12:41:32.752000,427.8598240110167,997
2024-09-20 12:41:32.792000,427.89114139742463,10
2024-09-20 12:41:32.859000,427.9158654248645,14
2024-09-20 12:41:32.894000,427.8694542344354,13
2024-09-20 12:41:32.977000,427.8635193282564,1000
2024-09-20 12:41:32.986000,427.8894793177788,8
2024-09-20 12:41:33.022000,427.7895771081432,11
2024-09-20 12:41:33.031000,427.885429238541,1000
2024-09-20 12:41:33.034000,427.8247303384172,96
2024-09-20 12:41:33.092000,427.7517651688607,6
2024-09-20 12:41:33.093000,427.802704885608,14
2024-09-20 12:41:33.124000,427.8030742116282,6
2024-09-20 12:41:33.136000,427.8585522566465,999
2024-09-20 12:41:33.258000,427.889190057853,995
2024-09-20 12:41:33.314000,427.8744821007128,100
2024-09-20 12:41:33.397000,427.8560074789277,1001
2024-09-20 12:41:33.435000,427.8500609091961,13
2024-09-20 12:41:33.471000,427.81656190148567,5
2024-09-20 12:41:33.481000,427.86302849158494,14
2024-09-20 12:41:33.503000,427.8637040164065,104
2024-09-20 12:41:33.528000,427.8893975745066,96
2024-09-20 12:41:33.535000,427.86932118163145,5
2024-09-20 12:41:33.537000,427.88404128037297,12
2024-09-20 12:41:33.576000,427.7624136936327,1005
2024-09-20 12:41:33.583000,427.77668595656354,1001
2024-09-20 12:41:33.637000,427.7649856602637,104
2024-09-20 12:41:33.641000,427.8224442743272,997
2024-09-20 12:41:33.705000,427.8412844016402,1001
2024-09-20 12:41:33.738000,427.8304019003341,95
2024-09-20 12:41:33.749000,427.8288718126772,103
2024-09-20 12:41:33.775000,427.78828263190064,997
2024-09-20 12:41:33.906000,427.7778495290019,105
2024-09-20 12:41:33.965000,427.77235582636496,15
2024-09-20 12:41:33.994000,427.8741452324567,995
2024-09-20 12:41:34.002000,427.7503346331366,8
2024-09-20 12:41:34.031000,427.770714235236,15
2024-09-20 12:41:34.039000,427.74571265497417,95
2024-09-20 12:41:34.057000,427.7872621401866,1000
2024-09-20 12:41:34.144000,427.7289304770419,11
2024-09-20 12:41:34.360000,427.75489932474,13
2024-09-20 12:41:34.442000,427.7618401342161,1003
2024-09-20 12:41:34.474000,427.7472831465385,997
2024-09-20 12:41:34.479000,427.7845882776887,101
2024-09-20 12:41:34.570000,427.77906926707,15
2024-09-20 12:41:34.692000,427.755084121504,995
2024-09-20 12:41:34.723000,427.7942280399451,1004
2024-09-20 12:41:34.729000,427.7638102546614,1000
2024-09-20 12:41:34.763000,427.76292990482926,13
2024-09-20 12:41:34.902000,427.8087612548792,1001
2024-09-20 12:41:34.995000,427.76547258263656,998
2024-09-20 12:41:35.016000,427.7486285299307,104
2024-09-20 12:41:35.073000,427.7765224906474,14
2024-09-20 12:41:35.268000,427.6893589502989,7
2024-09-20 12:41:35.328000,427.74894258081713,100
2024-09-20 12:41:35.373000,427.6920473682724,97
2024-09-20 12:41:35.484000,427.7195327013839,1005
2024-09-20 12:41:35.568000,427.7390839598888,1003
2024-09-20 12:41:35.616000,427.7653363543969,1000
2024-09-20 12:41:35.634000,427.770600878777,5
2024-09-20 12:41:35.675000,427.7353640174433,15
2024-09-20 12:41:35.757000,427.7848272435147,996
2024-09-20 12:41:35.839000,427.7389305393741,1005
2024-09-20 12:41:35.881000,427.770130258801,995
2024-09-20 12:41:35.957000,427.7468404234464,12
2024-09-20 12:41:35.999000,427.73077338673295,9
2024-09-20 12:41:36.050000,427.7392873517771,99
2024-09-20 12:41:36.152000,427.735951155406,13
2024-09-20 12:41:36.218000,427.7805026350375,9
2024-09-20 12:41:36.377000,427.7616866257159,998
2024-09-20 12:41:36.531000,427.73189580336674,8
2024-09-20 12:41:36.624000,427.7348573664971,997
2024-09-20 12:41:36.832000,427.75236582951726,100
2024-09-20 12:41:36.833000,427.7355693918284,8
2024-09-20 12:41:36.866000,427.77070575898034,15
2024-09-20 12:41:36.936000,427.7574589827386,105
2024-09-20 12:41:36.939000,427.7431573028426,8
2024-09-20 12:41:38.153000,427.7421854519913,1001
2024-09-20 12:41:38.385000,427.7262403061128,11
2024-09-20 12:41:38.672000,427.7406324302195,101
2024-09-20 12:41:38.760000,427.7295917495581,10
2024-09-20 12:41:38.996000,427.7328126223797,97
2024-09-20 12:41:39.017000,427.7337555308453,101
2024-09-20 12:41:39.113000,427.6920855184456,996
2024-09-20 12:41:39.153000,427.7344199614904,13
2024-09-20 12:41:39.174000,427.70594489366033,9
2024-09-20 12:41:39.224000,427.6762266994396,1003
2024-09-20 12:41:39.239000,427.7182092125433,102
2024-09-20 12:41:39.259000,427.6814284367513,996
2024-09-20 12:41:39.259000,427.7369388740806,95
2024-09-20 12:41:39.333000,427.725146399644,14
2024-09-20 12:41:39.422000,427.72296563162905,1001
2024-09-20 12:41:39.450000,427.7286327294693,101
2024-09-20 12:41:39.480000,427.68272097692034,104
2024-09-20 12:41:39.487000,427.6929180862931,10
2024-09-20 12:41:39.487000,427.7577498021249,7
2024-09-20 12:41:39.505000,427.7532159381007,10
2024-09-20 12:41:39.530000,427.715446423871,1004
2024-09-20 12:41:39.554000,427.721263968384,104
2024-09-20 12:41:39.588000,427.7598452090686,100
2024-09-20 12:41:39.706000,427.6771999336256,13
2024-09-20 12:41:39.717000,427.74917411973456,15
2024-09-20 12:41:39.722000,427.7253245980118,11
2024-09-20 12:41:39.732000,427.7334539877078,9
2024-09-20 12:41:39.808000,427.6708400198243,5
2024-09-20 12:41:39.809000,427.76302836139286,104
2024-09-20 12:41:39.825000,427.74774395515726,8
2024-09-20 12:41:39.853000,427.7446794141969,998
2024-09-20 12:41:39.888000,427.7442067741607,15
2024-09-20 12:41:39.906000,427.7512998610828,996
2024-09-20 12:41:39.942000,427.75880844355385,101
2024-09-20 12:41:40.025000,427.6546496610996,9
2024-09-20 12:41:40.030000,427.70374644110456,98
2024-09-20 12:41:40.065000,427.65489952547534,1003
2024-09-20 12:41:40.356000,427.676524571627,1004
2024-09-20 12:41:40.378000,427.63634394654207,100
2024-09-20 12:41:40.403000,427.6191178027612,997
2024-09-20 12:41:40.457000,427.6937139238165,1003
2024-09-20 12:41:40.482000,427.6879145588322,9
2024-09-20 12:41:40.518000,427.6192532519811,1005
2024-09-20 12:41:40.529000,427.64119829125104,9
2024-09-20 12:41:40.544000,427.615735054878,1005
2024-09-20 12:41:40.565000,427.6483945665327,105
2024-09-20 12:41:40.568000,427.6359672323272,12
2024-09-20 12:41:40.587000,427.62175506313486,101
2024-09-20 12:41:40.590000,427.5962289229132,6
2024-09-20 12:41:40.654000,427.6260223307776,99
2024-09-20 12:41:40.654000,427.6025066727064,98
2024-09-20 12:41:40.655000,427.6304752604357,995
2024-09-20 12:41:40.668000,427.645106692842,13
2024-09-20 12:41:40.674000,427.6250965912024,10
2024-09-20 12:41:40.708000,427.6360690029577,1004
2024-09-20 12:41:40.782000,427.6986719603117,1000
2024-09-20 12:41:40.799000,427.6326286879578,998
2024-09-20 12:41:40.856000,427.68194770986224,1003
2024-09-20 12:41:40.908000,427.693972039502,102
2024-09-20 12:41:40.945000,427.612449899934,95
2024-09-20 12:41:40.955000,427.653094742545,105
2024-09-20 12:41:40.957000,427.6133016483592,97
2024-09-20 12:41:40.987000,427.6392216002431,995
2024-09-20 12:41:40.990000,427.6160368639758,997
2024-09-20 12:41:41.195000,427.6215905858586,1002
2024-09-20 12:41:41.217000,427.5734091073254,11
2024-09-20 12:41:41.259000,427.62553846534894,998
2024-09-20 12:41:41.381000,427.5772301814795,98
2024-09-20 12:41:41.449000,427.5668906858504,100
2024-09-20 12:41:41.474000,427.6134721877175,103
2024-09-20 12:41:41.479000,427.5877588656394,6
2024-09-20 12:41:41.499000,427.5970637835176,105
2024-09-20 12:41:41.551000,427.6083630277387,1001
2024-09-20 12:41:42.129000,427.612206881544,8
2024-09-20 12:41:42.371000,427.6157646011714,99
2024-09-20 12:41:42.414000,427.6026160363281,103
2024-09-20 12:41:42.825000,427.5836443974212,995
2024-09-20 12:41:42.873000,427.6088135378203,997
2024-09-20 12:41:43.014000,427.54446589570864,103
2024-09-20 12:41:43.040000,427.5029708324371,13
2024-09-20 12:41:43.090000,427.5106891442696,996
2024-09-20 12:41:43.162000,427.5616111203625,995
2024-09-20 12:41:43.166000,427.54411077711296,102
2024-09-20 12:41:43.249000,427.4895581560041,12
2024-09-20 12:41:43.285000,427.58654720632313,1001
2024-09-20 12:41:43.302000,427.59331413873633,1001
2024-09-20 12:41:43.304000,427.590314214624,10
2024-09-20 12:41:43.364000,427.5700396988985,102
2024-09-20 12:41:43.438000,427.5884748034232,995
2024-09-20 12:41:43.446000,427.55454472107056,12
2024-09-20 12:41:43.454000,427.56653948613865,104
2024-09-20 12:41:43.583000,427.5295317940511,14
2024-09-20 12:41:43.669000,427.5451235853874,100
2024-09-20 12:41:43.775000,427.494575921801,1001
2024-09-20 12:41:43.781000,427.5628299757298,104
2024-09-20 12:41:43.816000,427.5860801287701,8
2024-09-20 12:41:43.876000,427.5621929309486,1005
2024-09-20 12:41:44.159000,427.51069903668827,100
2024-09-20 12:41:44.359000,427.53473317230265,997
2024-09-20 12:41:44.430000,427.5405103504102,1000
2024-09-20 12:41:44.808000,427.51444332624,105
2024-09-20 12:41:45.189000,427.5573698910672,105
2024-09-20 12:41:45.238000,427.5714941673519,8
2024-09-20 12:41:45.414000,427.53874664790607,102
2024-09-20 12:41:45.539000,427.5713237511191,15
2024-09-20 12:41:45.574000,427.5519854400483,14
2024-09-20 12:41:45.603000,427.5161439120975,6
2024-09-20 12:41:45.692000,427.5396106353087,98
2024-09-20 12:41:45.963000,427.5419521866362,14
2024-09-20 12:41:46.072000,427.5500562648946,14
2024-09-20 12:41:46.074000,427.5512591672009,995
2024-09-20 12:41:46.094000,427.5584589729109,98
2024-09-20 12:41:46.115000,427.4930264986488,95
2024-09-20 12:41:46.160000,427.5146087935942,11
2024-09-20 12:41:46.200000,427.566539024521,103
2024-09-20 12:41:46.301000,427.5461825181847,997
2024-09-20 12:41:46.304000,427.5252013922876,102
2024-09-20 12:41:46.322000,427.52639423665664,12
2024-09-20 12:41:46.345000,427.5083726300969,15
2024-09-20 12:41:46.354000,427.5581877333501,105
2024-09-20 12:41:46.370000,427.5436839009061,9
2024-09-20 12:41:46.408000,427.5287512065275,1005
2024-09-20 12:41:46.421000,427.51902980276185,1004
2024-09-20 12:41:46.446000,427.5335611994138,95
2024-09-20 12:41:46.493000,427.4893951686951,9
2024-09-20 12:41:46.551000,427.5690718088869,101
2024-09-20 12:41:46.556000,427.4812952819183,15
2024-09-20 12:41:46.613000,427.5489667668747,1005
2024-09-20 12:41:46.617000,427.5002066508397,99
2024-09-20 12:41:46.774000,427.4697524291237,10
2024-09-20 12:41:46.797000,427.5508271499023,1005
2024-09-20 12:41:46.808000,427.52138843699504,12
2024-09-20 12:41:46.835000,427.5418592255879,1000
2024-09-20 12:41:46.877000,427.5140284125517,1000
2024-09-20 12:41:46.907000,427.5058060957332,102
2024-09-20 12:41:46.972000,427.5192797657604,15
2024-09-20 12:41:47.288000,427.5111532078011,997
2024-09-20 12:41:47.797000,427.5353655197886,96
2024-09-20 12:41:48.035000,427.5140852722208,1002
2024-09-20 12:41:48.041000,427.4976910678546,1005
2024-09-20 12:41:48.062000,427.5279804838493,11
2024-09-20 12:41:48.099000,427.5109177836775,12
2024-09-20 12:41:48.110000,427.5610758092835,95
2024-09-20 12:41:48.196000,427.5102060046041,15
2024-09-20 12:41:48.260000,427.5158478310246,96
2024-09-20 12:41:48.343000,427.5129018389274,98
2024-09-20 12:41:48.450000,427.5174013236954,98
2024-09-20 12:41:48.469000,427.518700228314,12
2024-09-20 12:41:48.519000,427.5089730689141,997
2024-09-20 12:41:48.529000,427.5626191953998,7
2024-09-20 12:41:48.536000,427.5250645811131,100
2024-09-20 12:41:48.550000,427.50715962615465,1001
2024-09-20 12:41:48.612000,427.5163273515882,98
2024-09-20 12:41:48.690000,427.52283264100697,97
2024-09-20 12:41:48.702000,427.4941700978236,104
2024-09-20 12:41:48.725000,427.5401305076481,95
2024-09-20 12:41:48.736000,427.56119607873006,97
2024-09-20 12:41:48.744000,427.5196592229785,15
2024-09-20 12:41:48.756000,427.5236540432911,11
2024-09-20 12:41:48.855000,427.5171460245981,98
2024-09-20 12:41:48.883000,427.5643909856104,8
2024-09-20 12:41:48.973000,427.5213407145013,104
2024-09-20 12:41:49.153000,427.56065986536686,999
2024-09-20 12:41:49.212000,427.5399866414554,995
2024-09-20 12:41:49.300000,427.53777838238017,11
2024-09-20 12:41:49.342000,427.53981543579295,97
2024-09-20 12:41:49.377000,427.5563353825688,13
2024-09-20 12:41:49.523000,427.5326236137327,8
2024-09-20 12:41:49.679000,427.5507133875052,15
2024-09-20 12:41:49.798000,427.54190511611904,12
2024-09-20 12:41:49.858000,427.5462268011959,11
2024-09-20 12:41:49.870000,427.53100407162873,105
2024-09-20 12:41:49.921000,427.555216658209,6
2024-09-20 12:41:49.963000,427.5482575742895,105
2024-09-20 12:41:49.996000,427.5308416568915,101
2024-09-20 12:41:50.243000,427.5059181924794,13
2024-09-20 12:41:50.284000,427.5137504242122,12
2024-09-20 12:41:50.300000,427.5197828686583,101
2024-09-20 12:41:50.312000,427.5469471496477,995
2024-09-20 12:41:50.633000,427.54407710314433,12
2024-09-20 12:41:50.701000,427.5353328850287,1001
2024-09-20 12:41:50.755000,427.55382328401066,10
2024-09-20 12:41:50.783000,427.5403648204086,1003
2024-09-20 12:41:50.803000,427.5730230323222,1000
2024-09-20 12:41:50.933000,427.5323577339888,96
2024-09-20 12:41:50.953000,427.5264963116922,999
2024-09-20 12:41:51.546000,427.4756130237329,105
2024-09-20 12:41:51.553000,427.478793692775,6
2024-09-20 12:41:51.845000,427.4431766987923,102
2024-09-20 12:41:51.874000,427.4447760668912,1001
2024-09-20 12:41:52.133000,427.4399847823599,997
2024-09-20 12:41:52.163000,427.45421103400105,1005
2024-09-20 12:41:52.206000,427.4205411692097,11
2024-09-20 12:41:52.277000,427.4427699775873,98
2024-09-20 12:41:52.334000,427.4280421871516,998
2024-09-20 12:41:52.532000,427.409928491596,96
2024-09-20 12:41:52.704000,427.4327776129885,998
2024-09-20 12:41:52.709000,427.41806216781066,1003
2024-09-20 12:41:52.714000,427.45308605060393,103
2024-09-20 12:41:52.726000,427.4495764924234,11
2024-09-20 12:41:52.840000,427.4314412918342,6
2024-09-20 12:41:52.937000,427.4242131229981,15
2024-09-20 12:41:53.047000,427.4302766910067,6
2024-09-20 12:41:53.260000,427.4002716503828,1002
2024-09-20 12:41:53.399000,427.37163052435847,10
2024-09-20 12:41:53.587000,427.4070006649473,1004
2024-09-20 12:41:53.704000,427.3909847100038,102
2024-09-20 12:41:53.714000,427.40423760647394,1001
2024-09-20 12:41:53.733000,427.39627404564175,101
2024-09-20 12:41:53.740000,427.3962970968233,102
2024-09-20 12:41:53.745000,427.4349970218856,1003
2024-09-20 12:41:53.754000,427.39826435933526,100
2024-09-20 12:41:53.795000,427.38971078352034,12
2024-09-20 12:41:54.005000,427.3640983272267,1002
2024-09-20 12:41:54.056000,427.3673346738362,7
2024-09-20 12:41:54.128000,427.3553484688656,1004
2024-09-20 12:41:54.144000,427.385718540493,102
2024-09-20 12:41:54.230000,427.36923160580943,12
2024-09-20 12:41:54.246000,427.3627813976655,14
2024-09-20 12:41:54.443000,427.3415898388055,103
2024-09-20 12:41:54.471000,427.381865776963,103
2024-09-20 12:41:54.485000,427.38236965467337,995
2024-09-20 12:41:54.507000,427.379085502679,1002
2024-09-20 12:41:54.663000,427.3593555626033,1004
2024-09-20 12:41:54.679000,427.3483146012704,998
2024-09-20 12:41:54.693000,427.3620458072722,1004
2024-09-20 12:41:54.741000,427.3468186024334,98
2024-09-20 12:41:54.777000,427.360753417943,995
2024-09-20 12:41:54.785000,427.3467722587757,98
2024-09-20 12:41:54.880000,427.3655477389445,998
2024-09-20 12:41:54.926000,427.36377670087217,13
2024-09-20 12:41:54.935000,427.3423512032596,1004
2024-09-20 12:41:55.019000,427.3624985740172,9
2024-09-20 12:41:55.312000,427.371417702028,98
2024-09-20 12:41:55.487000,427.3628461878404,1003
2024-09-20 12:41:55.646000,427.3829750750966,105
2024-09-20 12:41:55.700000,427.37856698726847,101
2024-09-20 12:41:55.775000,427.3629409588804,998
2024-09-20 12:41:55.782000,427.3629240673093,14
2024-09-20 12:41:55.880000,427.38737074169256,15
2024-09-20 12:41:55.894000,427.3820992509587,1004
2024-09-20 12:41:55.971000,427.37011650455145,998
2024-09-20 12:41:56.053000,427.3501714103128,104
2024-09-20 12:41:56.105000,427.3475087309011,8
2024-09-20 12:41:56.113000,427.3493147639152,12
2024-09-20 12:41:56.197000,427.3570055807356,997
2024-09-20 12:41:56.296000,427.36561074215456,101
2024-09-20 12:41:56.304000,427.35231942642383,8
2024-09-20 12:41:56.309000,427.3765689386796,10
2024-09-20 12:41:56.338000,427.37385562606767,11
2024-09-20 12:41:56.341000,427.3475725255892,103
2024-09-20 12:41:56.360000,427.3576506150961,998
2024-09-20 12:41:56.381000,427.4085890738535,11
2024-09-20 12:41:56.397000,427.3536062877012,12
2024-09-20 12:41:56.422000,427.36351061751634,10
2024-09-20 12:41:56.475000,427.3827863210815,1005
2024-09-20 12:41:56.733000,427.3599746024401,96
2024-09-20 12:41:56.754000,427.36544756812833,13
2024-09-20 12:41:56.777000,427.3485690474656,7
2024-09-20 12:41:56.823000,427.3397486701721,6
2024-09-20 12:41:56.864000,427.3790063652166,1003
2024-09-20 12:41:56.875000,427.33781121078846,97
2024-09-20 12:41:56.974000,427.4112559281452,15
2024-09-20 12:41:57.039000,427.4449687690316,8
2024-09-20 12:41:57.052000,427.4160487277396,998
2024-09-20 12:41:57.071000,427.459957292378,997
2024-09-20 12:41:57.111000,427.428529652048,1002
2024-09-20 12:41:57.120000,427.43496925470026,96
2024-09-20 12:41:57.160000,427.4158920696117,996
2024-09-20 12:41:57.167000,427.4462089156771,998
2024-09-20 12:41:57.187000,427.4314444508604,7
2024-09-20 12:41:57.241000,427.46420535689856,999
2024-09-20 12:41:57.270000,427.40904941436014,999
2024-09-20 12:41:57.341000,427.4197573013609,10
2024-09-20 12:41:57.343000,427.4467710852807,13
2024-09-20 12:41:57.535000,427.41063773194,999
2024-09-20 12:41:57.591000,427.4480988087955,95
2024-09-20 12:41:57.610000,427.449942094478,6
2024-09-20 12:41:57.640000,427.4778548673172,996
2024-09-20 12:41:57.654000,427.441448686782,95
2024-09-20 12:41:57.703000,427.4154297645038,1004
2024-09-20 12:41:57.706000,427.4409560588092,105
2024-09-20 12:41:57.778000,427.4581000088316,105
2024-09-20 12:41:57.938000,427.47405734390486,9
2024-09-20 12:41:57.998000,427.4066048515325,103
2024-09-20 12:41:58.013000,427.4541850570182,997
2024-09-20 12:41:58.141000,427.448291204493,103
2024-09-20 12:41:58.397000,427.4444293591614,12
2024-09-20 12:41:58.463000,427.4606526161677,97
2024-09-20 12:41:58.500000,427.42508617815406,999
2024-09-20 12:41:58.538000,427.45366582031664,101
2024-09-20 12:41:58.551000,427.4562472248013,1003
2024-09-20 12:41:58.717000,427.452708516612,98
2024-09-20 12:41:58.792000,427.45857715919976,13
2024-09-20 12:41:58.898000,427.46091079728535,95
2024-09-20 12:41:58.968000,427.43622982508657,100
2024-09-20 12:41:58.974000,427.4587667021187,103
2024-09-20 12:41:59.155000,427.4205038177521,98
2024-09-20 12:41:59.339000,427.43310385673215,998
2024-09-20 12:41:59.339000,427.428365792402,999
2024-09-20 12:41:59.383000,427.44388390567,104
2024-09-20 12:41:59.487000,427.404896284294,999
2024-09-20 12:41:59.587000,427.43047595472416,996
2024-09-20 12:41:59.596000,427.4243351078519,5
2024-09-20 12:41:59.688000,427.4422540421716,999
2024-09-20 12:41:59.997000,427.4357493126083,11
