Timestamp,Price,Size
2024-09-20 15:48:00.017000,429.0334570600947,1003
2024-09-20 15:48:00.042000,429.0344369947322,1002
2024-09-20 15:48:00.057000,428.9999096105047,12
2024-09-20 15:48:00.108000,428.9812767891616,102
2024-09-20 15:48:00.115000,429.0146973974004,995
2024-09-20 15:48:00.157000,429.0272958722976,999
2024-09-20 15:48:00.237000,428.9996375760786,14
2024-09-20 15:48:00.263000,429.0498735249947,105
2024-09-20 15:48:00.316000,429.007233249015,11
2024-09-20 15:48:00.334000,429.0538096401323,10
2024-09-20 15:48:00.346000,428.9971386782058,8
2024-09-20 15:48:00.384000,428.9966815000285,8
2024-09-20 15:48:00.384000,428.99434746954273,11
2024-09-20 15:48:00.405000,429.0028018678676,8
2024-09-20 15:48:00.419000,428.9900725172607,1001
2024-09-20 15:48:00.508000,428.9907613768991,11
2024-09-20 15:48:00.527000,428.997447371952,105
2024-09-20 15:48:00.531000,429.0145156490704,13
2024-09-20 15:48:00.544000,429.02902217247953,9
2024-09-20 15:48:00.560000,428.99952060350455,96
2024-09-20 15:48:00.570000,429.005839669407,105
2024-09-20 15:48:00.588000,429.0061750829556,103
2024-09-20 15:48:00.647000,428.9847597030481,98
2024-09-20 15:48:00.668000,428.9951995305905,1005
2024-09-20 15:48:00.759000,429.010969787014,100
2024-09-20 15:48:00.776000,429.0453048391402,100
2024-09-20 15:48:01.154000,429.0235099168463,1005
2024-09-20 15:48:01.309000,429.0031943874452,5
2024-09-20 15:48:01.401000,428.99249800093503,96
2024-09-20 15:48:01.468000,429.0238051119936,1003
2024-09-20 15:48:01.499000,429.0038458212669,104
2024-09-20 15:48:01.665000,429.0209827986211,102
2024-09-20 15:48:01.715000,429.0322614674847,12
2024-09-20 15:48:01.774000,429.0087661655821,105
2024-09-20 15:48:01.849000,429.0062643600815,995
2024-09-20 15:48:01.859000,429.0064311265982,998
2024-09-20 15:48:01.915000,429.0034986163788,105
2024-09-20 15:48:01.985000,429.0150555512959,1004
2024-09-20 15:48:01.995000,429.0183435191975,1005
2024-09-20 15:48:02.192000,429.01789339529535,97
2024-09-20 15:48:02.349000,429.0018696206345,1002
2024-09-20 15:48:02.436000,429.0065519619416,99
2024-09-20 15:48:02.639000,428.9996518139066,96
2024-09-20 15:48:02.697000,429.01547898151193,13
2024-09-20 15:48:02.762000,429.0144155474749,11
2024-09-20 15:48:02.845000,428.9995644363941,105
2024-09-20 15:48:03.047000,429.0157792060309,1000
2024-09-20 15:48:03.077000,429.05237442996366,1003
2024-09-20 15:48:03.100000,428.976393382294,999
2024-09-20 15:48:03.146000,429.0685957049148,10
2024-09-20 15:48:03.282000,429.00648931221457,96
2024-09-20 15:48:03.294000,428.9920018827118,13
2024-09-20 15:48:03.295000,429.03086799322136,99
2024-09-20 15:48:03.315000,428.9980745952347,1003
2024-09-20 15:48:03.358000,429.0001635112501,1004
2024-09-20 15:48:03.384000,429.0306602155508,98
2024-09-20 15:48:03.449000,429.0419232248884,97
2024-09-20 15:48:03.489000,429.0075805758335,99
2024-09-20 15:48:03.581000,428.9948495671016,995
2024-09-20 15:48:03.601000,428.9859583014235,6
2024-09-20 15:48:03.613000,429.06012002831295,103
2024-09-20 15:48:03.620000,429.00786008658616,98
2024-09-20 15:48:03.640000,429.0234819701248,1000
2024-09-20 15:48:03.658000,429.0108363185012,996
2024-09-20 15:48:03.677000,429.0308959882179,7
2024-09-20 15:48:03.694000,428.9981791195053,1003
2024-09-20 15:48:03.801000,428.9993171416691,104
2024-09-20 15:48:03.817000,429.0278788660326,5
2024-09-20 15:48:03.819000,429.0118869785608,11
2024-09-20 15:48:03.972000,428.99768971726405,105
2024-09-20 15:48:04.093000,429.0023493022392,104
2024-09-20 15:48:04.576000,429.00781031851966,996
2024-09-20 15:48:04.602000,429.0037818647096,97
2024-09-20 15:48:05.072000,428.9932942519516,96
2024-09-20 15:48:05.336000,428.96581140929135,98
2024-09-20 15:48:05.370000,428.9600336909188,1004
2024-09-20 15:48:05.528000,428.95644586914017,997
2024-09-20 15:48:05.642000,428.9661995646943,1005
2024-09-20 15:48:05.660000,424.4538440363021,101
2024-09-20 15:48:05.706000,428.9892319292825,1002
2024-09-20 15:48:05.980000,429.0143436480402,995
2024-09-20 15:48:06.067000,428.9622597169862,104
2024-09-20 15:48:06.275000,428.9771509107872,104
2024-09-20 15:48:06.317000,428.9751274369941,99
2024-09-20 15:48:06.507000,428.9750318412809,12
2024-09-20 15:48:06.665000,428.9700341120541,14
2024-09-20 15:48:06.799000,428.9695261926536,999
2024-09-20 15:48:07.086000,428.9865739772079,100
2024-09-20 15:48:07.332000,428.97276044007015,96
2024-09-20 15:48:07.368000,428.9741552645109,101
2024-09-20 15:48:07.415000,428.9933179417529,996
2024-09-20 15:48:07.457000,428.9820859171575,97
2024-09-20 15:48:07.573000,428.9758147388105,98
2024-09-20 15:48:07.663000,428.987837657374,997
2024-09-20 15:48:07.936000,428.9779628401615,13
2024-09-20 15:48:07.944000,428.9962930228784,1004
2024-09-20 15:48:07.945000,428.9650311179517,15
2024-09-20 15:48:07.956000,428.9646354404347,1002
2024-09-20 15:48:07.993000,428.9754475807953,98
2024-09-20 15:48:08.208000,429.0030380487107,1005
2024-09-20 15:48:08.696000,429.008779599073,5
2024-09-20 15:48:08.803000,429.0044840503495,1000
2024-09-20 15:48:08.910000,429.0104363519125,997
2024-09-20 15:48:09.024000,424.55410893502346,1002
2024-09-20 15:48:09.148000,428.9899674483584,1002
2024-09-20 15:48:09.187000,428.9874348511361,7
2024-09-20 15:48:09.238000,428.9850270865061,103
2024-09-20 15:48:09.278000,429.03311274746665,8
2024-09-20 15:48:09.283000,429.0325068870371,1005
2024-09-20 15:48:09.310000,428.9870027858272,12
2024-09-20 15:48:09.331000,429.03682795517545,1004
2024-09-20 15:48:09.409000,429.0385564981072,998
2024-09-20 15:48:09.412000,429.02866544512017,5
2024-09-20 15:48:09.505000,429.03316891511935,99
2024-09-20 15:48:09.610000,429.0466390713835,996
2024-09-20 15:48:09.629000,429.057754077581,101
2024-09-20 15:48:09.797000,428.9962434146741,11
2024-09-20 15:48:09.821000,429.0521587164215,98
2024-09-20 15:48:09.825000,429.0366960553541,9
2024-09-20 15:48:09.900000,429.0050148528397,104
2024-09-20 15:48:09.932000,429.0338413476221,10
2024-09-20 15:48:09.967000,429.03744990074944,996
2024-09-20 15:48:09.982000,429.04018529630014,10
2024-09-20 15:48:10.005000,429.01226361539136,1000
2024-09-20 15:48:10.145000,429.0383150442864,99
2024-09-20 15:48:10.153000,429.0572109688073,1004
2024-09-20 15:48:10.235000,429.0111550951268,1002
2024-09-20 15:48:10.253000,429.02082077548096,999
2024-09-20 15:48:10.286000,429.0219439983068,102
2024-09-20 15:48:10.488000,429.017725088932,1002
2024-09-20 15:48:10.494000,429.031373610756,1003
2024-09-20 15:48:10.506000,429.0438775541687,997
2024-09-20 15:48:10.511000,429.0480294702596,11
2024-09-20 15:48:10.577000,429.020856250529,15
2024-09-20 15:48:10.618000,429.0129813363647,105
2024-09-20 15:48:10.624000,429.00742560807737,101
2024-09-20 15:48:10.642000,429.0179565767938,97
2024-09-20 15:48:10.687000,429.0205727392568,102
2024-09-20 15:48:10.790000,429.04890497639576,998
2024-09-20 15:48:10.866000,429.019236103858,13
2024-09-20 15:48:10.902000,429.0206188859247,102
2024-09-20 15:48:10.904000,429.01684868371007,99
2024-09-20 15:48:10.953000,429.00411872968425,104
2024-09-20 15:48:10.978000,429.027132468318,1004
2024-09-20 15:48:11.062000,429.00315818962815,103
2024-09-20 15:48:11.173000,428.9935841697138,1001
2024-09-20 15:48:11.221000,429.00110323535193,7
2024-09-20 15:48:11.241000,429.03100581282905,7
2024-09-20 15:48:11.283000,428.9867493473221,99
2024-09-20 15:48:11.348000,429.048151369438,1000
2024-09-20 15:48:11.352000,429.0728281658442,1002
2024-09-20 15:48:11.355000,429.0533454420005,13
2024-09-20 15:48:11.439000,429.0511340501775,103
2024-09-20 15:48:11.468000,428.9952506961856,96
2024-09-20 15:48:11.506000,429.00156208290144,10
2024-09-20 15:48:11.568000,429.0102526001942,102
2024-09-20 15:48:11.580000,429.0633395587461,997
2024-09-20 15:48:11.598000,429.0141162594453,10
2024-09-20 15:48:11.647000,429.0078632012195,99
2024-09-20 15:48:11.651000,429.0242470541747,103
2024-09-20 15:48:11.668000,429.0172765809616,11
2024-09-20 15:48:11.743000,429.0618264089007,105
2024-09-20 15:48:11.904000,429.0684729030978,1001
2024-09-20 15:48:11.944000,429.0281836630373,999
2024-09-20 15:48:11.999000,429.0716440041272,96
2024-09-20 15:48:12.083000,429.0472132419338,9
2024-09-20 15:48:12.083000,429.080227934257,6
2024-09-20 15:48:12.162000,429.0394261581525,99
2024-09-20 15:48:12.252000,429.0686922681423,997
2024-09-20 15:48:12.288000,429.0457418320386,999
2024-09-20 15:48:12.458000,429.0653968327236,15
2024-09-20 15:48:12.490000,429.0491185167856,6
2024-09-20 15:48:12.503000,429.0649673222492,999
2024-09-20 15:48:12.566000,429.0645110777118,100
2024-09-20 15:48:12.670000,424.6298595112744,1003
2024-09-20 15:48:12.688000,429.04777638936895,9
2024-09-20 15:48:12.740000,429.0927205914909,15
2024-09-20 15:48:12.880000,429.0520200289328,98
2024-09-20 15:48:12.936000,429.079624496635,998
2024-09-20 15:48:12.959000,429.0576726020611,103
2024-09-20 15:48:12.977000,429.0441724589526,13
2024-09-20 15:48:12.980000,429.05372462277023,1003
2024-09-20 15:48:13.209000,429.0352941344578,11
2024-09-20 15:48:13.319000,429.0123163861668,8
2024-09-20 15:48:13.330000,429.0859769834504,995
2024-09-20 15:48:13.401000,429.0274840429934,104
2024-09-20 15:48:13.433000,429.0197545459882,102
2024-09-20 15:48:13.470000,429.034359133847,105
2024-09-20 15:48:13.542000,429.0192638965448,1000
2024-09-20 15:48:13.570000,429.0866820224027,103
2024-09-20 15:48:13.580000,429.0569699789689,15
2024-09-20 15:48:13.614000,429.0283452612185,96
2024-09-20 15:48:13.614000,429.0263118072207,1005
2024-09-20 15:48:13.654000,429.02936508536834,99
2024-09-20 15:48:13.664000,429.0883375290773,10
2024-09-20 15:48:13.730000,429.0440141259259,1000
2024-09-20 15:48:13.736000,429.0100424159065,7
2024-09-20 15:48:13.793000,429.0711132979288,95
2024-09-20 15:48:13.850000,429.0367155669697,1000
2024-09-20 15:48:13.971000,429.0501960585377,95
2024-09-20 15:48:14.088000,429.1286716014603,1005
2024-09-20 15:48:14.111000,429.1085994596199,13
2024-09-20 15:48:14.162000,429.1175594472082,7
2024-09-20 15:48:14.167000,429.1177819100041,999
2024-09-20 15:48:14.387000,429.093954406319,1001
2024-09-20 15:48:14.404000,429.1235051990888,100
2024-09-20 15:48:14.479000,429.1407938205066,95
2024-09-20 15:48:14.528000,429.1182661869651,99
2024-09-20 15:48:14.742000,429.1329210655063,1001
2024-09-20 15:48:14.942000,429.1298724356578,997
2024-09-20 15:48:15.078000,429.1635865966893,5
2024-09-20 15:48:15.205000,429.145732078919,1000
2024-09-20 15:48:15.231000,429.17066389324367,8
2024-09-20 15:48:15.327000,429.1759493666201,14
2024-09-20 15:48:15.680000,429.1549458032527,104
2024-09-20 15:48:16.098000,429.1687180942221,11
2024-09-20 15:48:16.275000,429.1752025346237,1001
2024-09-20 15:48:16.461000,429.1827487275128,14
2024-09-20 15:48:17.207000,429.1553914349902,9
2024-09-20 15:48:17.938000,429.1777291761371,998
2024-09-20 15:48:18.023000,429.1684983987993,101
2024-09-20 15:48:18.051000,429.1243192184749,6
2024-09-20 15:48:18.134000,429.1808770711467,14
2024-09-20 15:48:18.152000,429.1642732547339,95
2024-09-20 15:48:18.172000,429.17938489744216,100
2024-09-20 15:48:18.177000,429.1418419011507,13
2024-09-20 15:48:18.182000,429.159524244746,8
2024-09-20 15:48:18.271000,429.1676566974613,14
2024-09-20 15:48:18.276000,429.1722436202206,8
2024-09-20 15:48:18.304000,429.16871014806577,14
2024-09-20 15:48:18.352000,429.1293542668242,14
2024-09-20 15:48:18.382000,429.1694100517104,6
2024-09-20 15:48:18.429000,429.1524569067784,1004
2024-09-20 15:48:18.432000,429.1236145863047,14
2024-09-20 15:48:18.464000,429.1785862821807,12
2024-09-20 15:48:18.488000,429.151395245912,97
2024-09-20 15:48:18.492000,429.1480310192273,8
2024-09-20 15:48:18.632000,429.1370111496115,12
2024-09-20 15:48:18.635000,429.1631449565075,96
2024-09-20 15:48:18.658000,429.1516041954457,103
2024-09-20 15:48:18.717000,429.1557920892922,13
2024-09-20 15:48:18.743000,429.1809843594768,1000
2024-09-20 15:48:18.766000,429.15756093933055,1003
2024-09-20 15:48:18.775000,429.1541269387438,99
2024-09-20 15:48:18.860000,429.1663320298657,996
2024-09-20 15:48:18.955000,429.1396689321456,1001
2024-09-20 15:48:18.999000,429.1465096578922,1005
2024-09-20 15:48:19.115000,429.1319623289833,998
2024-09-20 15:48:19.129000,429.1910493934876,7
2024-09-20 15:48:19.206000,429.0780364486241,95
2024-09-20 15:48:19.262000,429.1584960374643,996
2024-09-20 15:48:19.279000,429.0834802019698,1004
2024-09-20 15:48:19.590000,429.1809366799921,105
2024-09-20 15:48:19.611000,429.1378137803374,104
2024-09-20 15:48:19.623000,429.1631330368216,101
2024-09-20 15:48:19.656000,429.1791553315898,105
2024-09-20 15:48:19.708000,429.182859615294,5
2024-09-20 15:48:19.744000,429.176284549297,1005
2024-09-20 15:48:19.746000,429.1948836106646,96
2024-09-20 15:48:19.803000,429.2013643633184,999
2024-09-20 15:48:19.873000,429.10748209414106,103
2024-09-20 15:48:19.874000,429.1095402243157,101
2024-09-20 15:48:19.912000,429.1446926211125,11
2024-09-20 15:48:19.915000,429.1728963404398,14
2024-09-20 15:48:19.942000,429.1122571606716,97
2024-09-20 15:48:20.396000,429.211528204484,10
2024-09-20 15:48:20.658000,429.2205697297752,98
2024-09-20 15:48:20.781000,429.20688891016846,996
2024-09-20 15:48:20.875000,429.2224349890989,11
2024-09-20 15:48:20.933000,429.21303322378577,100
2024-09-20 15:48:21.009000,429.1548682613024,102
2024-09-20 15:48:21.054000,429.1406801350313,102
2024-09-20 15:48:21.144000,429.1677575109901,999
2024-09-20 15:48:21.218000,429.1190210944939,11
2024-09-20 15:48:21.304000,429.19751447576175,1001
2024-09-20 15:48:21.309000,429.19514330395367,6
2024-09-20 15:48:21.795000,429.2137381829584,100
2024-09-20 15:48:21.809000,429.1359119608889,12
2024-09-20 15:48:21.825000,429.1455841398591,995
2024-09-20 15:48:21.849000,429.2028386598308,6
2024-09-20 15:48:21.937000,429.20224323682817,99
2024-09-20 15:48:21.940000,429.1847256881396,12
2024-09-20 15:48:21.983000,429.1442393421064,996
2024-09-20 15:48:22.600000,429.08748701542623,997
2024-09-20 15:48:22.677000,429.0979068457253,6
2024-09-20 15:48:23.032000,429.0454416382581,13
2024-09-20 15:48:23.036000,429.040556662426,13
2024-09-20 15:48:23.158000,429.0283168923266,5
2024-09-20 15:48:23.203000,429.0128390366357,101
2024-09-20 15:48:23.216000,429.0596878023852,1001
2024-09-20 15:48:23.298000,429.0212489658314,98
2024-09-20 15:48:23.315000,429.0663965697763,15
2024-09-20 15:48:23.334000,429.0348241310464,99
2024-09-20 15:48:23.419000,429.0799275579348,7
2024-09-20 15:48:23.470000,429.0637284401266,15
2024-09-20 15:48:23.491000,429.01410285761614,97
2024-09-20 15:48:23.492000,429.01041324443815,13
2024-09-20 15:48:23.609000,429.0360290622801,1002
2024-09-20 15:48:23.636000,429.05614286066526,102
2024-09-20 15:48:23.822000,429.02226661614026,104
2024-09-20 15:48:23.956000,429.0484069872442,7
2024-09-20 15:48:24.032000,429.08153955088784,6
2024-09-20 15:48:24.054000,429.0811736943592,1005
2024-09-20 15:48:24.095000,429.0691660523918,1001
2024-09-20 15:48:24.224000,429.0786412731698,15
2024-09-20 15:48:24.252000,429.02268060334,104
2024-09-20 15:48:24.273000,429.03416880206896,15
2024-09-20 15:48:24.276000,429.04429172319794,1001
2024-09-20 15:48:24.277000,429.0997228864691,105
2024-09-20 15:48:24.286000,429.0835099643965,105
2024-09-20 15:48:24.330000,429.1016531470541,1004
2024-09-20 15:48:24.334000,429.0799384505533,9
2024-09-20 15:48:24.342000,429.0792646659162,11
2024-09-20 15:48:24.374000,429.0815735482404,100
2024-09-20 15:48:24.483000,429.0646881335263,996
2024-09-20 15:48:24.519000,429.0653150193119,7
2024-09-20 15:48:24.531000,429.0860799072643,1004
2024-09-20 15:48:24.548000,429.0777944330722,998
2024-09-20 15:48:24.574000,429.0250193655399,14
2024-09-20 15:48:24.694000,429.1147936254407,10
2024-09-20 15:48:24.722000,429.0808533420714,999
2024-09-20 15:48:24.822000,429.05036639500736,999
2024-09-20 15:48:24.880000,429.0556442230933,12
2024-09-20 15:48:24.897000,429.0727794248459,105
2024-09-20 15:48:24.919000,429.0457690677826,1001
2024-09-20 15:48:24.924000,429.0352579860357,997
2024-09-20 15:48:24.962000,429.0408230353312,996
2024-09-20 15:48:24.996000,429.072383074831,6
2024-09-20 15:48:25.058000,429.0389164972356,997
2024-09-20 15:48:25.108000,429.024576680984,14
2024-09-20 15:48:25.133000,429.0348414683788,98
2024-09-20 15:48:25.155000,429.0002331107375,103
2024-09-20 15:48:25.189000,429.0482175987847,999
2024-09-20 15:48:25.190000,429.0171196621623,99
2024-09-20 15:48:25.191000,429.0757044723444,102
2024-09-20 15:48:25.287000,429.0075682832127,6
2024-09-20 15:48:25.321000,429.0447198786339,105
2024-09-20 15:48:25.401000,429.0541409714661,97
2024-09-20 15:48:25.414000,429.0265214229563,99
2024-09-20 15:48:25.485000,429.0462465443423,1001
2024-09-20 15:48:25.511000,429.044047815322,12
2024-09-20 15:48:25.560000,429.0396960282369,997
2024-09-20 15:48:25.588000,429.0372125855128,96
2024-09-20 15:48:25.625000,429.0363196321719,10
2024-09-20 15:48:25.709000,429.0731639662304,7
2024-09-20 15:48:25.832000,429.02340408457854,95
2024-09-20 15:48:25.908000,429.02214629668265,97
2024-09-20 15:48:25.934000,429.0341565404001,1004
2024-09-20 15:48:26.028000,428.9345832477829,101
2024-09-20 15:48:26.045000,428.86095528221625,11
2024-09-20 15:48:26.058000,428.9762844570165,1002
2024-09-20 15:48:26.089000,428.8496262453889,5
2024-09-20 15:48:26.112000,428.8780710522338,7
2024-09-20 15:48:26.168000,428.8652915131808,14
2024-09-20 15:48:26.236000,428.9320641291213,13
2024-09-20 15:48:26.246000,428.8708022829348,14
2024-09-20 15:48:26.319000,428.8632446970828,103
2024-09-20 15:48:26.325000,428.8548453687697,95
2024-09-20 15:48:26.392000,428.90890962273977,102
2024-09-20 15:48:26.448000,428.8620829361719,995
2024-09-20 15:48:26.486000,428.9866831127274,1000
2024-09-20 15:48:26.489000,428.8718824957349,1001
2024-09-20 15:48:26.531000,428.9889723045442,1004
2024-09-20 15:48:26.614000,428.8640689644884,997
2024-09-20 15:48:26.623000,428.97424929239367,100
2024-09-20 15:48:26.625000,428.8740908240226,1000
2024-09-20 15:48:26.631000,428.8934817144715,101
2024-09-20 15:48:26.643000,428.8531713439193,995
2024-09-20 15:48:26.723000,428.96380006316906,998
2024-09-20 15:48:26.746000,428.987080816083,1000
2024-09-20 15:48:26.748000,428.9250828482505,15
2024-09-20 15:48:26.753000,428.8962982635208,5
2024-09-20 15:48:26.769000,428.95582276045866,11
2024-09-20 15:48:26.809000,428.956408961014,14
2024-09-20 15:48:26.814000,428.8721430764618,10
2024-09-20 15:48:26.935000,428.9143170311089,998
2024-09-20 15:48:26.983000,428.989497849923,14
2024-09-20 15:48:27.966000,428.8272125720272,104
2024-09-20 15:48:28.006000,428.8061246737733,1005
2024-09-20 15:48:28.038000,428.80556321696986,103
2024-09-20 15:48:28.042000,428.7450254603638,15
2024-09-20 15:48:28.043000,428.7826252185493,13
2024-09-20 15:48:28.046000,428.77448348782855,103
2024-09-20 15:48:28.127000,428.8232367077219,999
2024-09-20 15:48:28.139000,428.8312670057736,102
2024-09-20 15:48:28.154000,428.8151933498999,97
2024-09-20 15:48:28.174000,428.8079365740367,1002
2024-09-20 15:48:28.234000,428.7801701854192,95
2024-09-20 15:48:28.246000,428.7726000545872,1003
2024-09-20 15:48:28.320000,428.80375365996537,996
2024-09-20 15:48:28.356000,428.7568018035423,5
2024-09-20 15:48:28.531000,428.79149896693616,103
2024-09-20 15:48:28.555000,428.8042255168551,12
2024-09-20 15:48:28.611000,428.76426896574895,99
2024-09-20 15:48:28.638000,428.799553939834,11
2024-09-20 15:48:28.699000,428.818736255702,8
2024-09-20 15:48:28.728000,428.7685887349859,996
2024-09-20 15:48:28.734000,428.7411022714573,998
2024-09-20 15:48:28.759000,428.7425336679431,1003
2024-09-20 15:48:28.823000,428.8152746459476,995
2024-09-20 15:48:28.902000,428.8053482906802,15
2024-09-20 15:48:29.036000,428.7673112801877,101
2024-09-20 15:48:29.039000,428.73764053120544,1001
2024-09-20 15:48:29.159000,428.7607836683529,997
2024-09-20 15:48:29.183000,428.71063519217887,97
2024-09-20 15:48:29.222000,428.7391918611838,1002
2024-09-20 15:48:29.325000,428.6904321540685,8
2024-09-20 15:48:29.404000,428.73435117766905,98
2024-09-20 15:48:29.485000,428.74228662463867,999
2024-09-20 15:48:29.556000,428.7430006603345,11
2024-09-20 15:48:29.686000,428.7552639210713,998
2024-09-20 15:48:29.759000,428.7647919343131,995
2024-09-20 15:48:29.777000,428.6789385365517,95
2024-09-20 15:48:29.976000,428.7357147496674,1000
2024-09-20 15:48:30.010000,428.78592950323736,1004
2024-09-20 15:48:30.048000,428.7317520863382,1003
2024-09-20 15:48:30.049000,428.6919759773385,7
2024-09-20 15:48:30.062000,428.7070936105777,1002
2024-09-20 15:48:30.091000,428.6898709097602,96
2024-09-20 15:48:30.279000,428.7528858471948,97
2024-09-20 15:48:30.298000,428.7649904544898,95
2024-09-20 15:48:30.308000,428.6831112864987,97
2024-09-20 15:48:30.344000,428.7752208591136,11
2024-09-20 15:48:30.360000,428.7641268581987,102
2024-09-20 15:48:30.385000,428.7604301078664,995
2024-09-20 15:48:30.594000,428.7598198467907,1004
2024-09-20 15:48:30.633000,428.7561479023965,10
2024-09-20 15:48:30.736000,424.9037224450454,103
2024-09-20 15:48:30.746000,428.7575247619575,1003
2024-09-20 15:48:30.762000,428.6892105333928,11
2024-09-20 15:48:30.813000,428.7019729481058,5
2024-09-20 15:48:30.822000,428.7073004530608,5
2024-09-20 15:48:30.883000,428.7574694226242,9
2024-09-20 15:48:30.959000,428.71201103082177,998
2024-09-20 15:48:30.971000,428.7647602252232,100
2024-09-20 15:48:30.992000,428.7437012267949,6
2024-09-20 15:48:31.122000,428.7009809260205,8
2024-09-20 15:48:31.137000,428.7606756628076,998
2024-09-20 15:48:31.248000,428.6897310809209,1002
2024-09-20 15:48:31.321000,428.7020243413198,10
2024-09-20 15:48:31.422000,428.697818047407,11
2024-09-20 15:48:31.478000,428.71941105541225,996
2024-09-20 15:48:31.512000,428.6912799634605,5
2024-09-20 15:48:31.583000,428.7170676307365,8
2024-09-20 15:48:31.603000,428.7016121671095,996
2024-09-20 15:48:31.669000,428.7178206349055,998
2024-09-20 15:48:31.775000,428.719286966386,99
2024-09-20 15:48:31.858000,428.7542900534436,102
2024-09-20 15:48:31.872000,428.7020806212305,99
2024-09-20 15:48:31.936000,428.6890263234983,1002
2024-09-20 15:48:31.982000,428.7554632743453,1002
2024-09-20 15:48:32.025000,428.7281208862023,12
2024-09-20 15:48:32.058000,428.70445010105686,998
2024-09-20 15:48:32.111000,428.72283315782886,998
2024-09-20 15:48:32.331000,428.7488149808689,10
2024-09-20 15:48:32.553000,424.83752974874585,10
2024-09-20 15:48:32.556000,428.7541842915626,101
2024-09-20 15:48:32.731000,428.74641546336153,1003
2024-09-20 15:48:32.757000,428.7189843482646,999
2024-09-20 15:48:32.946000,428.7344400326031,997
2024-09-20 15:48:32.992000,428.73042973009177,8
2024-09-20 15:48:33.271000,428.7350822238028,1000
2024-09-20 15:48:33.345000,428.7159949027155,103
2024-09-20 15:48:33.628000,428.7255869946859,101
2024-09-20 15:48:34.024000,428.6667596122173,999
2024-09-20 15:48:34.040000,428.6905727325987,96
2024-09-20 15:48:34.055000,428.6632472499842,8
2024-09-20 15:48:34.128000,428.6564078051187,10
2024-09-20 15:48:34.131000,428.700063118954,5
2024-09-20 15:48:34.233000,428.6826351440917,99
2024-09-20 15:48:34.355000,428.66957355652806,105
2024-09-20 15:48:34.382000,428.6610463592813,12
2024-09-20 15:48:34.463000,428.67719231091405,97
2024-09-20 15:48:34.536000,428.702957813734,100
2024-09-20 15:48:34.551000,428.6762083937193,101
2024-09-20 15:48:34.605000,428.6800974923668,8
2024-09-20 15:48:34.649000,428.70720930627925,1004
2024-09-20 15:48:34.790000,428.6672159315582,13
2024-09-20 15:48:34.798000,428.6788116433723,95
2024-09-20 15:48:34.886000,428.6945475897341,999
2024-09-20 15:48:34.960000,428.66584211811465,15
2024-09-20 15:48:34.977000,428.71472284146176,8
2024-09-20 15:48:35.100000,428.659207102312,105
2024-09-20 15:48:35.147000,428.6910740197497,9
2024-09-20 15:48:35.230000,428.6754372672441,9
2024-09-20 15:48:35.238000,428.6642315636735,99
2024-09-20 15:48:35.259000,428.7082119280437,12
2024-09-20 15:48:35.319000,428.6806508011968,100
2024-09-20 15:48:35.567000,428.68172482606445,998
2024-09-20 15:48:35.796000,428.6695955317844,14
2024-09-20 15:48:35.805000,428.6771575464855,8
2024-09-20 15:48:35.890000,428.6693564576336,998
2024-09-20 15:48:36.224000,428.671834682124,97
2024-09-20 15:48:36.232000,428.68711967966925,1005
2024-09-20 15:48:36.347000,428.6722584094616,8
2024-09-20 15:48:36.382000,428.6796663166415,100
2024-09-20 15:48:36.413000,428.6802078832451,11
2024-09-20 15:48:36.713000,428.689832516608,14
2024-09-20 15:48:36.757000,428.6770529828127,995
2024-09-20 15:48:37.078000,428.6900037630829,1005
2024-09-20 15:48:37.171000,428.6900853548462,97
2024-09-20 15:48:37.570000,424.8538832370626,996
2024-09-20 15:48:38.206000,428.7296051703644,104
2024-09-20 15:48:38.226000,428.7329132027331,997
2024-09-20 15:48:38.402000,428.7012498417972,999
2024-09-20 15:48:38.585000,428.7036329114263,997
2024-09-20 15:48:38.626000,428.7069428502149,105
2024-09-20 15:48:38.756000,428.7041042401023,100
2024-09-20 15:48:38.784000,428.71668846395966,100
2024-09-20 15:48:38.810000,428.6999904671226,995
2024-09-20 15:48:38.821000,428.7294966725386,6
2024-09-20 15:48:38.952000,428.70740628881975,102
2024-09-20 15:48:39.033000,428.67760321047433,104
2024-09-20 15:48:39.056000,428.6969439832171,96
2024-09-20 15:48:39.095000,428.6430165441788,101
2024-09-20 15:48:39.113000,428.6790981497208,7
2024-09-20 15:48:39.178000,428.6629512025135,997
2024-09-20 15:48:39.342000,428.7313480283545,1000
2024-09-20 15:48:39.481000,428.7382288214444,9
2024-09-20 15:48:39.525000,428.6534619963807,15
2024-09-20 15:48:39.703000,428.6729177412488,96
2024-09-20 15:48:39.808000,428.7347039115616,999
2024-09-20 15:48:39.916000,428.6390237153889,100
2024-09-20 15:48:39.935000,428.66695621613866,96
2024-09-20 15:48:40.042000,428.6203432939562,105
2024-09-20 15:48:40.087000,428.6405284456855,15
2024-09-20 15:48:40.151000,428.63875153749984,101
2024-09-20 15:48:40.184000,428.5941068048622,98
2024-09-20 15:48:40.251000,428.6485917635589,995
2024-09-20 15:48:40.264000,428.6226273628018,98
2024-09-20 15:48:40.324000,428.6377480342457,97
2024-09-20 15:48:40.338000,428.5716142982668,1001
2024-09-20 15:48:40.345000,428.638137534115,1000
2024-09-20 15:48:40.390000,428.6239350826983,97
2024-09-20 15:48:40.508000,428.6218169216129,5
2024-09-20 15:48:40.581000,428.5816207401055,11
2024-09-20 15:48:40.667000,428.6491534743751,100
2024-09-20 15:48:40.672000,428.6275761023371,8
2024-09-20 15:48:40.679000,428.6216345493832,5
2024-09-20 15:48:40.697000,428.6217853015411,14
2024-09-20 15:48:40.765000,428.59565093791065,996
2024-09-20 15:48:40.832000,428.5681211570132,999
2024-09-20 15:48:40.908000,428.6430284349679,95
2024-09-20 15:48:40.932000,428.64277953755584,104
2024-09-20 15:48:40.995000,428.6317934749519,14
2024-09-20 15:48:41.419000,428.6102778493109,6
2024-09-20 15:48:41.479000,428.6032702146125,13
2024-09-20 15:48:41.575000,428.5995401807203,9
2024-09-20 15:48:41.622000,428.60097941185165,5
2024-09-20 15:48:41.660000,428.61974226188255,5
2024-09-20 15:48:41.702000,428.6027512378265,98
2024-09-20 15:48:41.915000,428.6268686080849,6
2024-09-20 15:48:41.985000,428.60954910489727,98
2024-09-20 15:48:42.146000,428.6265447324879,15
2024-09-20 15:48:42.185000,428.5820413812528,104
2024-09-20 15:48:42.187000,428.5893352350224,15
2024-09-20 15:48:42.441000,428.5922584547438,999
2024-09-20 15:48:42.462000,428.6159067739698,1005
2024-09-20 15:48:42.495000,428.5760863554277,995
2024-09-20 15:48:42.561000,428.5765238243636,14
2024-09-20 15:48:42.579000,428.5777134060869,11
2024-09-20 15:48:42.785000,428.6054331268355,9
2024-09-20 15:48:42.830000,428.6255169567026,14
2024-09-20 15:48:42.859000,428.6077753219887,101
2024-09-20 15:48:42.898000,428.6176397543918,8
2024-09-20 15:48:42.913000,428.5788667243428,1001
2024-09-20 15:48:43.082000,428.6346206556081,95
2024-09-20 15:48:43.215000,428.65892293478896,7
2024-09-20 15:48:43.264000,428.6648328034948,102
2024-09-20 15:48:43.462000,428.6451249711736,104
2024-09-20 15:48:43.486000,428.6629099284728,7
2024-09-20 15:48:43.580000,428.6424024579553,1000
2024-09-20 15:48:43.659000,428.6508947255537,104
2024-09-20 15:48:43.686000,428.6317495329705,104
2024-09-20 15:48:43.958000,428.6765053162418,105
2024-09-20 15:48:43.963000,428.6226351341001,11
2024-09-20 15:48:44.040000,428.6226821805647,999
2024-09-20 15:48:44.070000,428.64817249179856,1000
2024-09-20 15:48:44.077000,428.6201001238669,7
2024-09-20 15:48:44.176000,428.65866537084224,99
2024-09-20 15:48:44.201000,428.61247618375467,95
2024-09-20 15:48:44.351000,428.59775266528527,1003
2024-09-20 15:48:44.365000,428.67084374112267,997
2024-09-20 15:48:44.826000,428.6247776362007,5
2024-09-20 15:48:44.982000,428.6177809265321,10
2024-09-20 15:48:45.018000,428.5794319079731,1001
2024-09-20 15:48:45.031000,428.5764757031424,102
2024-09-20 15:48:45.116000,428.594015897992,11
2024-09-20 15:48:45.161000,428.5777678511559,99
2024-09-20 15:48:45.198000,428.5877355963108,95
2024-09-20 15:48:45.229000,428.5919756755761,13
2024-09-20 15:48:45.252000,428.57402329653047,1002
2024-09-20 15:48:45.264000,428.5759458670722,14
2024-09-20 15:48:45.266000,428.59271449333727,99
2024-09-20 15:48:45.335000,428.5666203725565,8
2024-09-20 15:48:45.355000,428.5814437570816,97
2024-09-20 15:48:45.367000,424.7416713211388,1001
2024-09-20 15:48:45.384000,428.5956529172678,995
2024-09-20 15:48:45.397000,428.569305269274,105
2024-09-20 15:48:45.409000,428.594390790832,1002
2024-09-20 15:48:45.459000,428.6065318216775,996
2024-09-20 15:48:45.470000,428.5876241511584,98
2024-09-20 15:48:45.504000,428.5969372612796,6
2024-09-20 15:48:45.617000,428.59008221191823,13
2024-09-20 15:48:45.635000,428.5858113877303,14
2024-09-20 15:48:45.643000,428.5702929063425,999
2024-09-20 15:48:45.681000,428.58636230394086,12
2024-09-20 15:48:45.769000,428.591985087934,1001
2024-09-20 15:48:45.809000,428.6026376349932,102
2024-09-20 15:48:45.923000,428.6042680317266,995
2024-09-20 15:48:45.961000,428.5703816761756,97
2024-09-20 15:48:45.987000,428.5731231160719,995
2024-09-20 15:48:46.088000,428.6100350233803,6
2024-09-20 15:48:46.101000,428.58788343073337,99
2024-09-20 15:48:46.165000,428.61581384436687,999
2024-09-20 15:48:46.179000,428.5982532082572,1005
2024-09-20 15:48:46.288000,428.6033855328892,6
2024-09-20 15:48:46.489000,428.617706961074,105
2024-09-20 15:48:46.494000,428.5855742651415,5
2024-09-20 15:48:46.575000,428.61090962275904,97
2024-09-20 15:48:46.608000,428.5715969278752,8
2024-09-20 15:48:46.681000,428.5942280218745,996
2024-09-20 15:48:46.688000,428.60888545143087,1004
2024-09-20 15:48:46.719000,428.6201438754762,995
2024-09-20 15:48:46.742000,428.60993779552354,14
2024-09-20 15:48:46.768000,428.5864187183624,98
2024-09-20 15:48:46.804000,428.5647593094816,13
2024-09-20 15:48:46.844000,428.5739267947897,1004
2024-09-20 15:48:46.864000,428.58822159549055,14
2024-09-20 15:48:46.872000,428.5652337519563,8
2024-09-20 15:48:46.952000,428.5768136031131,1005
2024-09-20 15:48:47.357000,428.6077076258636,1003
2024-09-20 15:48:47.517000,428.5772328404905,1001
2024-09-20 15:48:48.009000,428.594491393272,8
2024-09-20 15:48:48.105000,428.61495526789525,96
2024-09-20 15:48:48.109000,428.6021572632001,1001
2024-09-20 15:48:48.393000,428.63022777238655,1001
2024-09-20 15:48:48.594000,428.6079406520664,11
2024-09-20 15:48:48.849000,428.6557455953043,105
2024-09-20 15:48:49.018000,428.6873294264384,14
2024-09-20 15:48:49.054000,428.68426433531687,103
2024-09-20 15:48:49.057000,428.7049951528549,995
2024-09-20 15:48:49.067000,428.6361208250767,998
2024-09-20 15:48:49.070000,428.6597962096007,15
2024-09-20 15:48:49.143000,428.6828386587536,11
2024-09-20 15:48:49.150000,428.6686244034864,105
2024-09-20 15:48:49.159000,428.676864198879,9
2024-09-20 15:48:49.171000,428.6757420015694,999
2024-09-20 15:48:49.180000,428.69016975838025,13
2024-09-20 15:48:49.193000,428.6493119656705,6
2024-09-20 15:48:49.286000,428.6419465348279,103
2024-09-20 15:48:49.362000,428.6287137729609,103
2024-09-20 15:48:49.421000,428.6766074665168,96
2024-09-20 15:48:49.448000,428.7115043359125,103
2024-09-20 15:48:49.549000,428.6380471177856,1001
2024-09-20 15:48:49.554000,428.6668078912825,103
2024-09-20 15:48:49.581000,428.6645246611814,102
2024-09-20 15:48:49.602000,428.6203260496236,103
2024-09-20 15:48:49.604000,428.6865344980169,1005
2024-09-20 15:48:49.619000,428.6896037296276,98
2024-09-20 15:48:49.620000,428.6223603678309,8
2024-09-20 15:48:49.639000,428.6457946573341,14
2024-09-20 15:48:49.772000,428.6937378347712,12
2024-09-20 15:48:49.868000,428.6122861924616,95
2024-09-20 15:48:49.904000,428.6451450608253,1005
2024-09-20 15:48:49.949000,428.64582853139706,1001
2024-09-20 15:48:50.126000,428.5419382017277,97
2024-09-20 15:48:50.253000,428.6198871179468,1000
2024-09-20 15:48:50.421000,428.5751864052166,97
2024-09-20 15:48:50.438000,428.5890851950276,998
2024-09-20 15:48:50.683000,428.6176309876767,5
2024-09-20 15:48:50.740000,428.5935331801064,95
2024-09-20 15:48:50.835000,428.5883754117213,1000
2024-09-20 15:48:50.970000,428.5693811665994,103
2024-09-20 15:48:51.177000,428.59181476469,8
2024-09-20 15:48:51.372000,428.5931927539405,12
2024-09-20 15:48:51.639000,428.5934614674232,105
2024-09-20 15:48:51.853000,428.5962707254328,7
2024-09-20 15:48:51.855000,428.6025063239642,12
2024-09-20 15:48:52.356000,428.5949316332142,12
2024-09-20 15:48:52.711000,428.611147239301,1004
2024-09-20 15:48:52.770000,428.60052664736,995
2024-09-20 15:48:52.904000,428.6003004010755,999
2024-09-20 15:48:53.092000,428.66114985282616,15
2024-09-20 15:48:53.121000,428.630811885104,99
2024-09-20 15:48:53.185000,428.6422602021618,97
2024-09-20 15:48:53.216000,428.6229014724457,99
2024-09-20 15:48:53.262000,428.62407355021065,8
2024-09-20 15:48:53.304000,428.5700391249457,105
2024-09-20 15:48:53.327000,428.6290617189495,104
2024-09-20 15:48:53.343000,428.6432050436863,1002
2024-09-20 15:48:53.345000,428.63517912970616,12
2024-09-20 15:48:53.623000,428.6193517242345,999
2024-09-20 15:48:53.702000,428.60006157039226,8
2024-09-20 15:48:53.787000,428.56988926236687,999
2024-09-20 15:48:53.914000,428.6207319873224,996
2024-09-20 15:48:53.971000,428.6424033556666,102
2024-09-20 15:48:53.994000,428.6162386681745,998
2024-09-20 15:48:54.151000,428.58141674267,14
2024-09-20 15:48:54.278000,428.57620242974986,95
2024-09-20 15:48:54.587000,428.5906267326956,7
2024-09-20 15:48:55.109000,428.4811115249746,96
2024-09-20 15:48:55.250000,428.56934379089313,1004
2024-09-20 15:48:55.305000,428.4977958560044,104
2024-09-20 15:48:55.329000,428.56106060125103,998
2024-09-20 15:48:55.349000,428.581269949706,1005
2024-09-20 15:48:55.349000,428.5236890501188,101
2024-09-20 15:48:55.374000,428.5523049465812,1001
2024-09-20 15:48:55.414000,428.5328224573449,99
2024-09-20 15:48:55.415000,428.5061411707188,9
2024-09-20 15:48:55.415000,428.5155827209315,13
2024-09-20 15:48:55.433000,428.5429110167544,11
2024-09-20 15:48:55.474000,428.548991525782,97
2024-09-20 15:48:55.528000,428.5410038669624,97
2024-09-20 15:48:55.546000,428.565378747274,10
2024-09-20 15:48:55.580000,428.5833002205493,102
2024-09-20 15:48:55.584000,428.5472344232096,999
2024-09-20 15:48:55.605000,428.5170713107597,997
2024-09-20 15:48:55.647000,428.5303976249133,105
2024-09-20 15:48:55.654000,428.5694328085797,105
2024-09-20 15:48:55.723000,428.5333889028539,995
2024-09-20 15:48:55.739000,428.5720204902552,1002
2024-09-20 15:48:55.742000,428.54799248079786,101
2024-09-20 15:48:55.745000,428.5238699816565,5
2024-09-20 15:48:55.799000,428.53267185633007,1002
2024-09-20 15:48:55.806000,428.5255275170568,11
2024-09-20 15:48:55.834000,428.5605088060781,1003
2024-09-20 15:48:55.899000,428.5111825053533,100
2024-09-20 15:48:55.947000,428.5747824531181,998
2024-09-20 15:48:56.280000,428.5348036758412,9
2024-09-20 15:48:57.031000,428.5202086946324,1001
2024-09-20 15:48:57.051000,428.50627561289775,1004
2024-09-20 15:48:57.147000,428.5101804565512,1001
2024-09-20 15:48:57.190000,428.5325129581988,1004
2024-09-20 15:48:57.281000,428.5143198860101,13
2024-09-20 15:48:57.378000,428.5144421057503,102
2024-09-20 15:48:57.417000,428.5156105044869,105
2024-09-20 15:48:57.440000,428.4913876567029,6
2024-09-20 15:48:57.510000,428.5290799803022,8
2024-09-20 15:48:57.557000,428.5138258053618,1000
2024-09-20 15:48:57.584000,428.5258878961987,1005
2024-09-20 15:48:57.609000,428.5066044327022,14
2024-09-20 15:48:57.640000,428.5114385090366,1001
2024-09-20 15:48:57.742000,428.4922051832861,99
2024-09-20 15:48:57.855000,428.52112771625485,997
2024-09-20 15:48:57.925000,428.5148476557159,998
2024-09-20 15:48:58.020000,428.533844958623,99
2024-09-20 15:48:58.029000,428.521264851506,99
2024-09-20 15:48:58.044000,428.4966581983471,98
2024-09-20 15:48:58.072000,428.5279800558717,7
2024-09-20 15:48:58.149000,428.52843578244494,14
2024-09-20 15:48:58.156000,428.5203463906525,9
2024-09-20 15:48:58.183000,428.49751923919314,5
2024-09-20 15:48:58.209000,428.5179579003727,101
2024-09-20 15:48:58.215000,428.53426815677534,7
2024-09-20 15:48:58.235000,428.5258564315535,5
2024-09-20 15:48:58.345000,428.5402140260058,995
2024-09-20 15:48:58.438000,428.5284995227384,996
2024-09-20 15:48:58.456000,428.5258722576098,997
2024-09-20 15:48:58.458000,428.5230372988922,105
2024-09-20 15:48:58.473000,428.5000261546275,1004
2024-09-20 15:48:58.480000,428.5595659347263,1002
2024-09-20 15:48:58.505000,428.5804261627976,100
2024-09-20 15:48:58.541000,428.567202899711,6
2024-09-20 15:48:58.603000,428.4951645176346,5
2024-09-20 15:48:58.613000,428.57985301760255,1000
2024-09-20 15:48:58.649000,428.5166090405298,998
2024-09-20 15:48:58.673000,428.4817854769529,12
2024-09-20 15:48:58.743000,424.60845843063146,1000
2024-09-20 15:48:58.753000,428.49186644193503,11
2024-09-20 15:48:58.755000,428.5161794715412,7
2024-09-20 15:48:58.770000,428.5575310132634,10
2024-09-20 15:48:58.774000,428.508058990644,995
2024-09-20 15:48:58.816000,428.49792727492,99
2024-09-20 15:48:58.888000,428.4830914920647,1004
2024-09-20 15:48:59.022000,428.54588114072754,1001
2024-09-20 15:48:59.031000,428.5406393948037,100
2024-09-20 15:48:59.155000,428.5461013547147,6
2024-09-20 15:48:59.161000,428.5417924337685,5
2024-09-20 15:48:59.195000,428.537867572408,1000
2024-09-20 15:48:59.294000,428.50339231952927,96
2024-09-20 15:48:59.315000,428.55230807416297,1001
2024-09-20 15:48:59.318000,428.56587567406,102
2024-09-20 15:48:59.337000,428.5469153216628,7
2024-09-20 15:48:59.349000,428.5487534544957,10
2024-09-20 15:48:59.355000,428.5578866503385,99
2024-09-20 15:48:59.367000,428.5489404494688,1003
2024-09-20 15:48:59.380000,428.4924490929768,96
2024-09-20 15:48:59.391000,428.5515814051447,995
2024-09-20 15:48:59.461000,428.5338910848254,8
2024-09-20 15:48:59.473000,428.5332501870438,1005
2024-09-20 15:48:59.544000,428.5210737998162,5
2024-09-20 15:48:59.633000,428.5353561552519,102
2024-09-20 15:48:59.665000,428.5391408287848,101
2024-09-20 15:48:59.711000,428.50918840637553,1000
2024-09-20 15:48:59.816000,428.5353916269016,1001
2024-09-20 15:48:59.898000,428.5006600659748,6
2024-09-20 15:48:59.906000,428.54261133976047,995
2024-09-20 15:48:59.929000,428.5315672769612,1000
