Timestamp,Price,Size
2024-09-17 10:01:00.044000,415.1561781069682,6
2024-09-17 10:01:00.113000,415.17624767633777,9
2024-09-17 10:01:00.130000,415.1989424915486,8
2024-09-17 10:01:00.138000,415.21717383825865,5
2024-09-17 10:01:00.340000,415.2227390927984,9
2024-09-17 10:01:00.446000,415.1588377013018,1002
2024-09-17 10:01:00.550000,415.18967332962205,1002
2024-09-17 10:01:00.732000,415.2175615175666,8
2024-09-17 10:01:00.917000,415.1756766250721,105
2024-09-17 10:01:01.048000,415.2277231856908,99
2024-09-17 10:01:01.060000,415.182651024324,10
2024-09-17 10:01:01.125000,415.183706097543,96
2024-09-17 10:01:01.188000,415.14431200345496,9
2024-09-17 10:01:01.214000,415.1831983206173,97
2024-09-17 10:01:01.221000,415.1797886608333,104
2024-09-17 10:01:01.231000,415.2048444977529,97
2024-09-17 10:01:01.327000,415.19597183473854,999
2024-09-17 10:01:01.368000,415.1625368545798,105
2024-09-17 10:01:01.380000,415.1510385445493,96
2024-09-17 10:01:01.440000,415.2048561378793,10
2024-09-17 10:01:01.459000,415.2127899627936,104
2024-09-17 10:01:01.531000,415.19724123967495,100
2024-09-17 10:01:01.549000,415.2178497588749,98
2024-09-17 10:01:01.610000,415.2001114991903,97
2024-09-17 10:01:01.751000,415.2075783110653,100
2024-09-17 10:01:01.861000,415.1734932830111,1004
2024-09-17 10:01:01.977000,415.19883765958286,996
2024-09-17 10:01:01.983000,415.17479064702826,9
2024-09-17 10:01:01.996000,415.1847112596059,12
2024-09-17 10:01:03.419000,415.1321569424694,1000
2024-09-17 10:01:03.432000,415.1489626365673,998
2024-09-17 10:01:03.602000,415.1369648313437,103
2024-09-17 10:01:03.735000,415.12704279401567,13
2024-09-17 10:01:03.828000,415.1346618208799,1002
2024-09-17 10:01:04.066000,415.13071567865376,103
2024-09-17 10:01:04.159000,415.13394449136257,97
2024-09-17 10:01:04.241000,415.13613100975016,1003
2024-09-17 10:01:04.309000,415.1295405916101,105
2024-09-17 10:01:04.481000,415.1406861645579,996
2024-09-17 10:01:04.961000,415.13428778822015,14
2024-09-17 10:01:05.029000,415.1564904000352,99
2024-09-17 10:01:05.117000,415.12429153893976,96
2024-09-17 10:01:05.120000,415.1194531618701,95
2024-09-17 10:01:05.195000,415.0992737851946,15
2024-09-17 10:01:05.201000,415.0986026407673,104
2024-09-17 10:01:05.252000,415.0885750779994,7
2024-09-17 10:01:05.273000,415.0958874481884,6
2024-09-17 10:01:05.303000,415.1228588617342,101
2024-09-17 10:01:05.593000,415.12760519343146,14
2024-09-17 10:01:05.646000,415.1078912516712,1001
2024-09-17 10:01:05.699000,415.1072870729234,95
2024-09-17 10:01:05.805000,415.1534425504933,1002
2024-09-17 10:01:05.884000,415.1294186510622,96
2024-09-17 10:01:05.939000,415.1136269011507,1003
2024-09-17 10:01:05.954000,415.122964603187,1003
2024-09-17 10:01:06.105000,415.1090101219904,13
2024-09-17 10:01:06.325000,415.11657202424607,8
2024-09-17 10:01:06.418000,415.1199292648906,1001
2024-09-17 10:01:06.568000,415.1286297253764,997
2024-09-17 10:01:06.755000,415.106090638314,999
2024-09-17 10:01:06.766000,415.1197357852289,999
2024-09-17 10:01:06.840000,415.1132165869616,1000
2024-09-17 10:01:06.927000,415.1329276742901,8
2024-09-17 10:01:07.091000,415.2036600295388,95
2024-09-17 10:01:07.154000,415.1754684225567,99
2024-09-17 10:01:07.229000,415.2046450677381,8
2024-09-17 10:01:07.233000,415.2219146965669,999
2024-09-17 10:01:07.236000,415.24234104985015,103
2024-09-17 10:01:07.242000,415.1711018239979,1000
2024-09-17 10:01:07.256000,415.201152872959,98
2024-09-17 10:01:07.328000,415.1869500622864,997
2024-09-17 10:01:07.336000,415.2328971913323,5
2024-09-17 10:01:07.370000,415.2098898821129,101
2024-09-17 10:01:07.384000,415.195414920379,105
2024-09-17 10:01:07.384000,415.2026415943743,97
2024-09-17 10:01:07.473000,415.1667145635511,8
2024-09-17 10:01:07.476000,415.2170390620016,6
2024-09-17 10:01:07.503000,415.2351844206849,999
2024-09-17 10:01:07.518000,415.2287926202668,8
2024-09-17 10:01:07.518000,415.1643832297256,997
2024-09-17 10:01:07.570000,415.1814194413216,102
2024-09-17 10:01:07.637000,415.2118143259222,1000
2024-09-17 10:01:07.647000,415.18195526185065,9
2024-09-17 10:01:07.798000,415.1930090302513,101
2024-09-17 10:01:07.844000,415.15487672719865,99
2024-09-17 10:01:07.893000,415.1826227041067,97
2024-09-17 10:01:07.909000,415.2384886479369,15
2024-09-17 10:01:07.928000,415.19825199294775,999
2024-09-17 10:01:07.946000,415.2360516712847,6
2024-09-17 10:01:07.960000,415.14884543989376,14
2024-09-17 10:01:07.991000,415.2126543430616,99
2024-09-17 10:01:07.999000,415.1761575640249,99
2024-09-17 10:01:08.212000,415.26242790930746,8
2024-09-17 10:01:08.553000,415.2525761680422,97
2024-09-17 10:01:08.699000,415.24535623658056,10
2024-09-17 10:01:08.930000,415.2423556128945,95
2024-09-17 10:01:08.958000,415.2552700241172,9
2024-09-17 10:01:08.985000,415.2579187332262,1002
2024-09-17 10:01:09.023000,415.2881435203454,997
2024-09-17 10:01:09.038000,415.28435561646,104
2024-09-17 10:01:09.095000,415.2678294430469,12
2024-09-17 10:01:09.127000,415.2879074478283,1002
2024-09-17 10:01:09.141000,415.2518032399609,996
2024-09-17 10:01:09.182000,415.24264537780255,996
2024-09-17 10:01:09.263000,415.2071695186123,99
2024-09-17 10:01:09.268000,415.24700476354855,105
2024-09-17 10:01:09.306000,415.2740212722734,104
2024-09-17 10:01:09.312000,415.2823984533911,1005
2024-09-17 10:01:09.314000,415.2903138821625,98
2024-09-17 10:01:09.321000,415.21544510703495,998
2024-09-17 10:01:09.381000,415.2936107592266,1000
2024-09-17 10:01:09.522000,415.2283469904642,1001
2024-09-17 10:01:09.712000,415.2789486822048,101
2024-09-17 10:01:10.847000,415.1946349927906,1004
2024-09-17 10:01:10.848000,415.1883174792193,8
2024-09-17 10:01:11.188000,415.15370123920536,105
2024-09-17 10:01:11.252000,415.16652153228114,6
2024-09-17 10:01:11.335000,415.187848614403,6
2024-09-17 10:01:11.437000,415.1547057948063,99
2024-09-17 10:01:11.451000,415.1481236565067,1000
2024-09-17 10:01:11.480000,415.1741917544558,1005
2024-09-17 10:01:11.565000,415.165875432632,1000
2024-09-17 10:01:11.592000,415.17342177281176,995
2024-09-17 10:01:11.665000,415.15270263796975,999
2024-09-17 10:01:11.670000,415.1511176157111,1002
2024-09-17 10:01:11.756000,415.1240736883916,13
2024-09-17 10:01:11.842000,415.181717481232,95
2024-09-17 10:01:11.872000,415.1879263471495,14
2024-09-17 10:01:11.908000,415.1976217091975,995
2024-09-17 10:01:12.534000,415.1455557013774,997
2024-09-17 10:01:12.623000,415.1600227098514,97
2024-09-17 10:01:12.999000,415.12432032802553,1001
2024-09-17 10:01:13.008000,415.1761405282816,995
2024-09-17 10:01:13.026000,415.1307325622343,995
2024-09-17 10:01:13.066000,415.18576618396,1000
2024-09-17 10:01:13.294000,415.1769935364071,11
2024-09-17 10:01:13.314000,415.18071453540136,1001
2024-09-17 10:01:13.340000,415.1533655236496,100
2024-09-17 10:01:13.361000,415.11799730449,13
2024-09-17 10:01:13.374000,415.1780574731199,997
2024-09-17 10:01:13.446000,415.1726413574322,996
2024-09-17 10:01:13.635000,415.1664898764012,1001
2024-09-17 10:01:13.672000,415.1859284111031,103
2024-09-17 10:01:13.687000,415.162025398048,998
2024-09-17 10:01:13.788000,415.149252367728,96
2024-09-17 10:01:13.803000,415.1487538796795,5
2024-09-17 10:01:13.810000,415.1807765538464,98
2024-09-17 10:01:13.986000,415.1277963700852,998
2024-09-17 10:01:13.995000,415.16681534676366,96
2024-09-17 10:01:14.008000,415.0645427543064,15
2024-09-17 10:01:14.102000,415.1054965161243,12
2024-09-17 10:01:14.134000,415.116561390707,12
2024-09-17 10:01:14.196000,415.1210463904497,6
2024-09-17 10:01:14.255000,415.1086642912401,8
2024-09-17 10:01:14.256000,415.12230476515344,1002
2024-09-17 10:01:14.311000,415.09274946585424,998
2024-09-17 10:01:14.397000,415.0820891027348,999
2024-09-17 10:01:14.399000,415.08257656450303,95
2024-09-17 10:01:14.433000,415.064041528748,995
2024-09-17 10:01:14.466000,415.1009426506853,998
2024-09-17 10:01:14.470000,415.07263195484006,995
2024-09-17 10:01:14.700000,415.1229426516239,104
2024-09-17 10:01:14.759000,415.13209476247056,997
2024-09-17 10:01:14.803000,415.0882024913127,10
2024-09-17 10:01:14.851000,415.0566394343211,1003
2024-09-17 10:01:15.001000,415.1537502135123,12
2024-09-17 10:01:15.020000,415.1244329265961,995
2024-09-17 10:01:15.036000,415.1215168073893,9
2024-09-17 10:01:15.061000,415.14211459485193,105
2024-09-17 10:01:15.062000,415.0921078510865,103
2024-09-17 10:01:15.173000,415.1445594885448,1000
2024-09-17 10:01:15.185000,415.1246712771402,9
2024-09-17 10:01:15.268000,415.1350038950328,1005
2024-09-17 10:01:15.291000,415.1341138586791,101
2024-09-17 10:01:15.302000,415.1170154311502,12
2024-09-17 10:01:15.305000,415.13269520544526,104
2024-09-17 10:01:15.317000,415.137587862168,999
2024-09-17 10:01:15.346000,415.1169334246416,104
2024-09-17 10:01:15.396000,415.1386581879012,7
2024-09-17 10:01:15.431000,415.116556834152,7
2024-09-17 10:01:15.577000,415.122613955271,14
2024-09-17 10:01:15.585000,415.131101433076,95
2024-09-17 10:01:15.631000,415.1273386780732,5
2024-09-17 10:01:15.656000,415.1448682700221,100
2024-09-17 10:01:15.668000,415.1163897828437,105
2024-09-17 10:01:15.684000,415.1585920652985,1000
2024-09-17 10:01:15.690000,415.14554212827926,11
2024-09-17 10:01:15.718000,415.1271829656752,5
2024-09-17 10:01:15.725000,415.1351349556628,999
2024-09-17 10:01:15.772000,415.1396893675901,95
2024-09-17 10:01:15.824000,415.11148856361376,7
2024-09-17 10:01:15.827000,415.1405688188741,98
2024-09-17 10:01:15.846000,415.1300767701172,999
2024-09-17 10:01:15.852000,415.14596361042896,10
2024-09-17 10:01:15.857000,415.133119663752,96
2024-09-17 10:01:17.021000,415.13164415185975,97
2024-09-17 10:01:17.401000,415.1596358474529,13
2024-09-17 10:01:17.663000,415.1372588584064,104
2024-09-17 10:01:18.003000,415.1864280203824,6
2024-09-17 10:01:18.011000,415.16805147957706,6
2024-09-17 10:01:18.044000,415.1942774311344,14
2024-09-17 10:01:18.151000,415.15769035766175,999
2024-09-17 10:01:18.166000,415.19442161212055,105
2024-09-17 10:01:18.184000,415.17585645468085,6
2024-09-17 10:01:18.189000,415.1620942573819,1005
2024-09-17 10:01:18.229000,415.15239724552015,95
2024-09-17 10:01:18.271000,415.15241171538895,1000
2024-09-17 10:01:18.291000,415.17710779650463,6
2024-09-17 10:01:18.319000,415.1524407691904,105
2024-09-17 10:01:18.347000,415.19157933577816,1002
2024-09-17 10:01:18.368000,415.17286491982486,105
2024-09-17 10:01:18.373000,415.1365517593079,8
2024-09-17 10:01:18.543000,415.1619944102327,9
2024-09-17 10:01:18.698000,415.1469827740596,1005
2024-09-17 10:01:18.718000,415.14622078009927,13
2024-09-17 10:01:18.743000,415.1539548795324,1001
2024-09-17 10:01:18.810000,415.1893890764762,105
2024-09-17 10:01:18.891000,415.1636070120777,5
2024-09-17 10:01:18.951000,415.13101369460855,104
2024-09-17 10:01:18.971000,415.1660194216048,999
2024-09-17 10:01:19.139000,415.185529901549,98
2024-09-17 10:01:19.401000,415.1952901303933,996
2024-09-17 10:01:19.424000,415.19015731508233,13
2024-09-17 10:01:19.516000,415.1851793516962,9
2024-09-17 10:01:19.525000,415.19174497411433,104
2024-09-17 10:01:19.536000,415.1875424154393,997
2024-09-17 10:01:19.599000,415.2059725242044,7
2024-09-17 10:01:19.663000,415.18172536118567,101
2024-09-17 10:01:19.752000,415.1977734230289,11
2024-09-17 10:01:19.770000,415.1964179734192,6
2024-09-17 10:01:20.203000,415.1816825845351,103
2024-09-17 10:01:20.216000,415.1784469395689,1000
2024-09-17 10:01:20.225000,415.1633154774211,13
2024-09-17 10:01:20.239000,415.1563667993712,9
2024-09-17 10:01:20.254000,415.1717839714905,1000
2024-09-17 10:01:20.340000,415.13163983083945,104
2024-09-17 10:01:20.481000,415.1823970559944,102
2024-09-17 10:01:20.589000,415.13802114526186,102
2024-09-17 10:01:20.590000,415.1364026834979,15
2024-09-17 10:01:20.661000,415.1705640239556,96
2024-09-17 10:01:20.681000,415.13401648973206,100
2024-09-17 10:01:20.722000,415.16416320036046,995
2024-09-17 10:01:20.727000,415.1705731395489,1004
2024-09-17 10:01:20.800000,415.1896349475818,102
2024-09-17 10:01:20.820000,415.1497743326357,1002
2024-09-17 10:01:20.846000,415.1931233138082,10
2024-09-17 10:01:20.933000,415.16575360581135,14
2024-09-17 10:01:20.959000,415.1654015153218,99
2024-09-17 10:01:21.208000,415.1202541324286,1000
2024-09-17 10:01:21.220000,415.1219301548386,98
2024-09-17 10:01:21.259000,415.1170025078158,1003
2024-09-17 10:01:21.299000,415.1441429251263,100
2024-09-17 10:01:21.412000,415.1321119386015,998
2024-09-17 10:01:21.689000,415.14098410066,1005
2024-09-17 10:01:21.773000,415.1009235742718,997
2024-09-17 10:01:22.008000,415.0759383440275,102
2024-09-17 10:01:22.021000,415.0473394331483,15
2024-09-17 10:01:22.050000,415.1158824833969,996
2024-09-17 10:01:22.052000,415.07731815737696,12
2024-09-17 10:01:22.070000,415.0701343460481,10
2024-09-17 10:01:22.101000,415.0738305090651,12
2024-09-17 10:01:22.167000,415.13663567340336,101
2024-09-17 10:01:22.178000,415.0713002757465,11
2024-09-17 10:01:22.233000,415.0762355726338,95
2024-09-17 10:01:22.369000,415.0431497815266,1005
2024-09-17 10:01:22.385000,415.0753631774891,1005
2024-09-17 10:01:22.414000,415.10182414261146,6
2024-09-17 10:01:22.434000,415.1013852800037,1004
2024-09-17 10:01:22.460000,415.0569530437523,995
2024-09-17 10:01:22.601000,415.1185749565694,11
2024-09-17 10:01:22.632000,415.075858755252,1001
2024-09-17 10:01:22.641000,415.118129483814,13
2024-09-17 10:01:22.643000,415.0817120331514,9
2024-09-17 10:01:22.677000,415.1211757037668,15
2024-09-17 10:01:22.686000,415.0704849933139,103
2024-09-17 10:01:22.698000,415.07885009623374,103
2024-09-17 10:01:22.708000,415.10265201904247,1001
2024-09-17 10:01:22.720000,415.0923356888261,8
2024-09-17 10:01:22.732000,415.0572368188067,8
2024-09-17 10:01:22.838000,415.0561800159089,14
2024-09-17 10:01:22.908000,415.11292039939167,8
2024-09-17 10:01:22.920000,415.0947124205907,98
2024-09-17 10:01:22.931000,415.134603919417,1005
2024-09-17 10:01:23.061000,415.0132690605333,97
2024-09-17 10:01:23.106000,415.030920987835,104
2024-09-17 10:01:23.409000,415.05825206853694,15
2024-09-17 10:01:23.431000,415.0675816859164,1004
2024-09-17 10:01:23.576000,415.0772406025728,11
2024-09-17 10:01:23.773000,415.0277463872093,995
2024-09-17 10:01:23.866000,415.0490953355719,1001
2024-09-17 10:01:24.009000,415.0336908603672,103
2024-09-17 10:01:24.193000,415.008879723206,104
2024-09-17 10:01:24.200000,415.01999762329183,98
2024-09-17 10:01:24.523000,415.01887158252055,997
2024-09-17 10:01:24.756000,415.065099845932,1005
2024-09-17 10:01:24.810000,415.03864019887584,10
2024-09-17 10:01:24.859000,415.007589544059,13
2024-09-17 10:01:25.251000,415.0946753366396,12
2024-09-17 10:01:25.255000,415.1153358941469,96
2024-09-17 10:01:25.770000,415.0811981788343,14
2024-09-17 10:01:25.952000,415.0921434825874,101
2024-09-17 10:01:26.051000,415.12410628645057,1001
2024-09-17 10:01:26.112000,415.1319026838535,7
2024-09-17 10:01:26.143000,415.1355565479894,999
2024-09-17 10:01:26.146000,415.1251191546002,998
2024-09-17 10:01:26.299000,415.1343222457672,15
2024-09-17 10:01:26.311000,415.119387945648,8
2024-09-17 10:01:26.378000,415.1293646641668,97
2024-09-17 10:01:26.469000,415.1039533916733,104
2024-09-17 10:01:26.494000,415.1334794237172,96
2024-09-17 10:01:26.968000,415.125415025488,1004
2024-09-17 10:01:26.994000,415.1319370955598,998
2024-09-17 10:01:27.036000,415.1179052100867,102
2024-09-17 10:01:27.045000,415.1467098234801,95
2024-09-17 10:01:27.052000,415.14953131746887,1003
2024-09-17 10:01:27.067000,415.1446484334029,98
2024-09-17 10:01:27.167000,415.1213669336993,12
2024-09-17 10:01:27.215000,415.1534697333954,1001
2024-09-17 10:01:27.285000,415.15683221229926,1001
2024-09-17 10:01:27.314000,415.1507549888757,98
2024-09-17 10:01:27.335000,415.1658372345527,97
2024-09-17 10:01:27.337000,415.1348732796468,1000
2024-09-17 10:01:27.383000,415.15092922163205,104
2024-09-17 10:01:27.445000,415.15726832497705,102
2024-09-17 10:01:27.446000,415.1432291088728,9
2024-09-17 10:01:27.455000,415.1187583773289,1001
2024-09-17 10:01:27.525000,415.15795391923575,98
2024-09-17 10:01:27.644000,415.1433005566132,5
2024-09-17 10:01:27.661000,415.140250994191,998
2024-09-17 10:01:27.670000,415.1575749309492,103
2024-09-17 10:01:27.703000,415.1462664123029,10
2024-09-17 10:01:27.768000,415.13749681179627,97
2024-09-17 10:01:27.818000,415.13763381577206,11
2024-09-17 10:01:27.826000,415.1391040714865,1000
2024-09-17 10:01:27.849000,415.14637983398967,1005
2024-09-17 10:01:27.861000,415.1727027378133,99
2024-09-17 10:01:27.865000,415.1758302545497,96
2024-09-17 10:01:27.896000,415.1664672135006,104
2024-09-17 10:01:27.927000,415.1254231069326,14
2024-09-17 10:01:27.953000,415.1639836426126,996
2024-09-17 10:01:27.959000,415.1293015079587,998
2024-09-17 10:01:27.998000,415.1597641177645,105
2024-09-17 10:01:29.039000,415.1590165447522,5
2024-09-17 10:01:29.059000,415.1433295840168,8
2024-09-17 10:01:29.147000,415.131208639532,105
2024-09-17 10:01:29.264000,415.1453462017549,105
2024-09-17 10:01:29.386000,415.127581477786,9
2024-09-17 10:01:29.406000,415.1543292610261,12
2024-09-17 10:01:29.414000,415.1352828692196,102
2024-09-17 10:01:29.473000,415.1296496777079,998
2024-09-17 10:01:29.591000,415.1378852839584,14
2024-09-17 10:01:29.676000,415.16675755950894,7
2024-09-17 10:01:29.738000,415.1627734824638,999
2024-09-17 10:01:29.825000,415.137212076495,12
2024-09-17 10:01:29.933000,415.1490786470857,100
2024-09-17 10:01:29.984000,415.1395379291836,995
2024-09-17 10:01:30.024000,415.1492396169455,8
2024-09-17 10:01:30.223000,415.16987313711417,105
2024-09-17 10:01:30.268000,415.1374610237127,996
2024-09-17 10:01:30.278000,415.1793156751679,102
2024-09-17 10:01:30.383000,415.135081255904,99
2024-09-17 10:01:30.421000,415.1467413396558,7
2024-09-17 10:01:30.457000,415.1528728704634,998
2024-09-17 10:01:30.459000,415.1661080178465,102
2024-09-17 10:01:30.528000,415.14412559861165,97
2024-09-17 10:01:30.542000,415.1536192920995,101
2024-09-17 10:01:30.562000,415.171635665367,100
2024-09-17 10:01:30.578000,415.1615435712682,9
2024-09-17 10:01:30.600000,415.1611165280408,14
2024-09-17 10:01:30.634000,415.1779474009995,999
2024-09-17 10:01:30.667000,415.18393554083593,996
2024-09-17 10:01:30.672000,415.1841423176747,98
2024-09-17 10:01:30.680000,415.1384273549903,1002
2024-09-17 10:01:30.788000,415.1546649015974,104
2024-09-17 10:01:30.828000,415.1474867803378,999
2024-09-17 10:01:30.838000,415.17532205030005,1003
2024-09-17 10:01:30.876000,415.1815534061749,99
2024-09-17 10:01:30.907000,415.1568387210925,104
2024-09-17 10:01:30.946000,415.1492711450369,15
2024-09-17 10:01:31.102000,415.120591863733,100
2024-09-17 10:01:31.107000,415.10932575800007,100
2024-09-17 10:01:31.123000,415.0853807496556,7
2024-09-17 10:01:31.130000,415.10294382496176,98
2024-09-17 10:01:31.134000,415.1731820056437,998
2024-09-17 10:01:31.162000,415.1838639495519,5
2024-09-17 10:01:31.217000,415.1863424238015,12
2024-09-17 10:01:31.345000,415.14159077655023,98
2024-09-17 10:01:31.386000,415.17177861254186,10
2024-09-17 10:01:31.409000,415.1272926148967,105
2024-09-17 10:01:31.694000,415.1613474726449,7
2024-09-17 10:01:31.747000,415.11517486777575,98
2024-09-17 10:01:31.781000,415.1859880297249,99
2024-09-17 10:01:31.785000,415.18865561475445,6
2024-09-17 10:01:31.837000,415.1403937474759,105
2024-09-17 10:01:31.985000,415.1953120589546,95
2024-09-17 10:01:31.998000,415.16013634279216,14
2024-09-17 10:01:32.303000,415.1097375151295,9
2024-09-17 10:01:32.402000,415.1097146002508,996
2024-09-17 10:01:32.633000,415.0986251273409,10
2024-09-17 10:01:32.663000,415.1076656330504,9
2024-09-17 10:01:32.994000,415.08615140760185,999
2024-09-17 10:01:33.014000,415.10499314661297,997
2024-09-17 10:01:33.119000,415.0963920019245,103
2024-09-17 10:01:33.231000,415.1288325720921,99
2024-09-17 10:01:33.498000,415.12293147252046,99
2024-09-17 10:01:33.611000,415.1217286682862,11
2024-09-17 10:01:33.718000,415.1174257086288,96
2024-09-17 10:01:33.727000,415.1285117368807,998
2024-09-17 10:01:33.745000,415.1372262388275,996
2024-09-17 10:01:33.745000,415.11547427319215,11
2024-09-17 10:01:34.061000,415.1109491472989,995
2024-09-17 10:01:34.097000,415.1102529883656,997
2024-09-17 10:01:34.143000,415.1440727084451,1001
2024-09-17 10:01:34.221000,415.1089276793207,103
2024-09-17 10:01:34.278000,415.1036835382595,105
2024-09-17 10:01:34.349000,415.1528306093822,100
2024-09-17 10:01:34.517000,415.1134995335756,996
2024-09-17 10:01:34.575000,415.1192032270168,999
2024-09-17 10:01:34.577000,415.1067881301032,7
2024-09-17 10:01:34.660000,415.1301253229635,999
2024-09-17 10:01:34.756000,415.12794873005134,101
2024-09-17 10:01:34.833000,415.1095716918637,12
2024-09-17 10:01:34.885000,415.1367712429857,1002
2024-09-17 10:01:35.001000,415.1116231306756,996
2024-09-17 10:01:35.123000,415.1435858918537,103
2024-09-17 10:01:35.191000,415.12406011952913,1003
2024-09-17 10:01:35.205000,415.1344135998403,96
2024-09-17 10:01:35.220000,415.1337472205146,11
2024-09-17 10:01:35.302000,415.1061904088812,101
2024-09-17 10:01:35.318000,415.12187742220254,15
2024-09-17 10:01:35.352000,415.14305174680817,95
2024-09-17 10:01:35.385000,415.12623227791903,996
2024-09-17 10:01:35.438000,415.134656211804,1001
2024-09-17 10:01:35.467000,415.1208485377669,11
2024-09-17 10:01:35.472000,415.1444748776392,1005
2024-09-17 10:01:35.510000,415.0968262496236,995
2024-09-17 10:01:35.558000,415.1301400033728,95
2024-09-17 10:01:35.695000,415.1307154729156,7
2024-09-17 10:01:35.757000,415.10375305054674,105
2024-09-17 10:01:35.831000,415.1122021751731,14
2024-09-17 10:01:35.863000,415.10929170479096,1001
2024-09-17 10:01:35.953000,415.100826053213,10
2024-09-17 10:01:35.993000,415.1052479300955,995
2024-09-17 10:01:36.052000,415.1225286094185,98
2024-09-17 10:01:36.157000,415.13347317668064,97
2024-09-17 10:01:36.177000,415.13965240328247,101
2024-09-17 10:01:36.211000,415.1399428395337,10
2024-09-17 10:01:36.240000,415.1254575597278,15
2024-09-17 10:01:36.265000,415.1293429610176,997
2024-09-17 10:01:36.300000,415.12332624597326,100
2024-09-17 10:01:36.349000,415.1214605600008,101
2024-09-17 10:01:36.374000,415.1654456894058,11
2024-09-17 10:01:36.471000,415.1205792072657,96
2024-09-17 10:01:36.484000,415.13609136176177,6
2024-09-17 10:01:36.542000,415.1224174662204,98
2024-09-17 10:01:36.619000,415.1642012859285,12
2024-09-17 10:01:36.646000,415.1649816471708,10
2024-09-17 10:01:36.707000,415.1291257454384,10
2024-09-17 10:01:36.743000,415.12724351198017,100
2024-09-17 10:01:36.766000,415.14948339442105,996
2024-09-17 10:01:36.769000,415.1317010021402,999
2024-09-17 10:01:36.799000,415.1203794416401,7
2024-09-17 10:01:36.847000,415.1494867103324,10
2024-09-17 10:01:36.877000,415.1440445690209,100
2024-09-17 10:01:36.894000,415.1239206087424,6
2024-09-17 10:01:36.991000,415.15478248370886,995
2024-09-17 10:01:37.058000,415.12826684641584,995
2024-09-17 10:01:37.079000,415.02535041755687,104
2024-09-17 10:01:37.110000,415.1240785677902,96
2024-09-17 10:01:37.124000,415.0819821681733,1001
2024-09-17 10:01:37.133000,415.0391179208294,997
2024-09-17 10:01:37.190000,415.1243825338768,97
2024-09-17 10:01:37.232000,415.0146325189455,5
2024-09-17 10:01:37.263000,415.1009685452596,96
2024-09-17 10:01:37.304000,415.05801699840094,5
2024-09-17 10:01:37.552000,415.02816780542696,13
2024-09-17 10:01:37.557000,415.1252024850057,105
2024-09-17 10:01:37.623000,415.067070752182,1002
2024-09-17 10:01:37.675000,415.01003131160513,96
2024-09-17 10:01:37.683000,415.1116258319523,8
2024-09-17 10:01:37.684000,415.0342814661252,12
2024-09-17 10:01:37.685000,415.0206841605356,998
2024-09-17 10:01:37.716000,415.0557634385431,15
2024-09-17 10:01:37.717000,415.0629450690654,11
2024-09-17 10:01:37.728000,415.0512430201098,1000
2024-09-17 10:01:37.761000,415.0263282771796,96
2024-09-17 10:01:37.778000,415.06279466909854,998
2024-09-17 10:01:37.807000,415.1194573809197,998
2024-09-17 10:01:37.854000,415.0804987221079,13
2024-09-17 10:01:37.871000,415.1012864318268,1004
2024-09-17 10:01:37.876000,415.0315743176853,995
2024-09-17 10:01:37.943000,415.0384109759495,995
2024-09-17 10:01:37.976000,415.1200389053288,98
2024-09-17 10:01:37.985000,415.0629690720529,101
2024-09-17 10:01:38.060000,415.0789721271508,7
2024-09-17 10:01:38.185000,415.0660121046965,1000
2024-09-17 10:01:38.282000,415.089745293294,997
2024-09-17 10:01:38.294000,415.05610911107294,9
2024-09-17 10:01:38.338000,414.9967245856572,99
2024-09-17 10:01:38.364000,415.0373226286899,12
2024-09-17 10:01:38.453000,415.05095485847687,101
2024-09-17 10:01:38.458000,415.0567802861921,1005
2024-09-17 10:01:38.489000,414.9900511972874,997
2024-09-17 10:01:38.509000,415.0626151259112,15
2024-09-17 10:01:38.534000,415.073947750962,98
2024-09-17 10:01:38.551000,415.06842630606,1000
2024-09-17 10:01:38.566000,415.0600509118783,998
2024-09-17 10:01:38.580000,415.0543265007823,100
2024-09-17 10:01:38.584000,415.0815387812772,7
2024-09-17 10:01:38.591000,415.0237473798196,1005
2024-09-17 10:01:38.592000,415.07586386228655,12
2024-09-17 10:01:38.604000,415.0520206423307,999
2024-09-17 10:01:38.662000,415.0469073673411,100
2024-09-17 10:01:38.666000,415.0542797975342,1003
2024-09-17 10:01:38.698000,415.08235363922273,96
2024-09-17 10:01:38.754000,415.0906197665628,14
2024-09-17 10:01:38.860000,415.0509597996816,995
2024-09-17 10:01:38.868000,415.0638489456426,1000
2024-09-17 10:01:38.879000,415.0436083609563,97
2024-09-17 10:01:38.933000,415.0390381273319,103
2024-09-17 10:01:38.938000,415.06359223333465,998
2024-09-17 10:01:38.948000,415.0643598564925,5
2024-09-17 10:01:38.951000,415.05458992419,101
2024-09-17 10:01:39,415.00714657680186,105
2024-09-17 10:01:39.043000,414.97168456485775,97
2024-09-17 10:01:39.286000,414.9753529909681,101
2024-09-17 10:01:39.288000,414.97992637871215,98
2024-09-17 10:01:39.332000,414.9626928966616,95
2024-09-17 10:01:39.337000,414.991650276517,104
2024-09-17 10:01:39.729000,414.9917881506107,14
2024-09-17 10:01:40.020000,414.970177026454,996
2024-09-17 10:01:40.087000,415.0077375420429,102
2024-09-17 10:01:40.135000,414.9855644991744,99
2024-09-17 10:01:40.209000,414.9552263405533,1004
2024-09-17 10:01:40.220000,415.0005726417869,1002
2024-09-17 10:01:40.220000,414.9359589897709,11
2024-09-17 10:01:40.223000,414.9440940796069,105
2024-09-17 10:01:40.224000,414.9419604738684,99
2024-09-17 10:01:40.287000,414.9813492995596,996
2024-09-17 10:01:40.341000,414.9742914000863,6
2024-09-17 10:01:40.403000,415.0146978656516,15
2024-09-17 10:01:40.408000,414.96264318230624,101
2024-09-17 10:01:40.411000,415.0035403289608,10
2024-09-17 10:01:40.415000,414.9824270238908,8
2024-09-17 10:01:40.422000,414.9837686429549,8
2024-09-17 10:01:40.611000,414.9583218527643,998
2024-09-17 10:01:40.658000,414.9978991857773,13
2024-09-17 10:01:40.788000,414.9458538614186,12
2024-09-17 10:01:40.803000,414.9856972812628,5
2024-09-17 10:01:40.814000,414.99068770397554,9
2024-09-17 10:01:40.849000,414.9936839581264,12
2024-09-17 10:01:40.925000,414.9635073747282,995
2024-09-17 10:01:40.946000,414.9793596743447,102
2024-09-17 10:01:40.962000,414.9843799013963,105
2024-09-17 10:01:40.976000,414.97630421011655,12
2024-09-17 10:01:41.637000,414.9132250090756,96
2024-09-17 10:01:41.878000,414.9204367936756,10
2024-09-17 10:01:42,414.9537528720114,15
2024-09-17 10:01:42.081000,414.93987475219416,105
2024-09-17 10:01:42.102000,414.9647851007832,1004
2024-09-17 10:01:42.102000,414.9434848403225,997
2024-09-17 10:01:42.104000,414.9393031051696,8
2024-09-17 10:01:42.249000,414.915806164121,997
2024-09-17 10:01:42.313000,414.930148184848,8
2024-09-17 10:01:42.399000,414.9308287249594,8
2024-09-17 10:01:42.401000,414.93761278446686,99
2024-09-17 10:01:42.445000,414.9805287298878,10
2024-09-17 10:01:42.544000,414.95432884002736,1001
2024-09-17 10:01:42.556000,414.90326359102113,104
2024-09-17 10:01:42.577000,414.9319374617358,1002
2024-09-17 10:01:42.577000,414.9118112226543,6
2024-09-17 10:01:42.643000,414.93736384710047,995
2024-09-17 10:01:42.643000,414.919759293483,1005
2024-09-17 10:01:42.657000,414.93427208764416,5
2024-09-17 10:01:42.815000,414.9227297385361,96
2024-09-17 10:01:42.892000,414.943589394453,8
2024-09-17 10:01:42.900000,414.9223244459865,8
2024-09-17 10:01:42.978000,414.9243052424147,1003
2024-09-17 10:01:43.013000,414.9000129046648,10
2024-09-17 10:01:43.075000,414.9606355718097,995
2024-09-17 10:01:43.133000,414.9479025466723,996
2024-09-17 10:01:43.298000,414.9503290621634,1002
2024-09-17 10:01:43.310000,414.9544288828933,98
2024-09-17 10:01:43.405000,414.96450582260246,103
2024-09-17 10:01:43.536000,414.9463088489719,10
2024-09-17 10:01:43.539000,414.9047783652208,98
2024-09-17 10:01:43.548000,414.9417544153558,1002
2024-09-17 10:01:43.577000,414.94959741666406,1005
2024-09-17 10:01:43.645000,414.9205423371393,6
2024-09-17 10:01:43.645000,414.965766850572,98
2024-09-17 10:01:43.761000,414.9347341380338,996
2024-09-17 10:01:43.808000,414.9543761068497,98
2024-09-17 10:01:43.875000,414.9465018797417,1004
2024-09-17 10:01:43.925000,414.924642125604,9
2024-09-17 10:01:43.931000,414.96104818192987,5
2024-09-17 10:01:43.950000,414.9305573054694,12
2024-09-17 10:01:44.016000,414.9854227720418,1005
2024-09-17 10:01:44.089000,415.0026369803039,7
2024-09-17 10:01:44.113000,414.9751556324652,96
2024-09-17 10:01:44.143000,415.02106600582607,998
2024-09-17 10:01:44.176000,415.0221006722984,1002
2024-09-17 10:01:44.254000,415.0231985393221,96
2024-09-17 10:01:44.300000,414.9905455882492,1003
2024-09-17 10:01:44.320000,415.0099735124067,15
2024-09-17 10:01:44.357000,415.0329537344457,104
2024-09-17 10:01:44.441000,415.0278852519583,14
2024-09-17 10:01:44.444000,414.9945499368519,6
2024-09-17 10:01:44.457000,415.0250200387663,102
2024-09-17 10:01:44.458000,414.951294341106,98
2024-09-17 10:01:44.523000,415.0148726731396,15
2024-09-17 10:01:44.552000,414.9553541979669,1003
2024-09-17 10:01:44.589000,414.9952074702423,103
2024-09-17 10:01:44.612000,415.0290181312876,95
2024-09-17 10:01:44.622000,414.9677541061666,8
2024-09-17 10:01:44.707000,414.9892072946075,104
2024-09-17 10:01:44.714000,415.0027315245936,97
2024-09-17 10:01:44.742000,414.9547931395512,98
2024-09-17 10:01:44.748000,415.0056440549236,5
2024-09-17 10:01:44.814000,415.0106712565659,103
2024-09-17 10:01:44.874000,415.0028957538874,6
2024-09-17 10:01:44.925000,414.9492236548328,13
2024-09-17 10:01:45.011000,415.0087474667791,96
2024-09-17 10:01:45.018000,415.0164037180372,14
2024-09-17 10:01:45.082000,415.0299930508552,13
2024-09-17 10:01:45.124000,415.0097313697984,102
2024-09-17 10:01:45.301000,415.0134893675241,104
2024-09-17 10:01:45.333000,415.0253152863023,99
2024-09-17 10:01:45.378000,415.0306516825622,95
2024-09-17 10:01:45.413000,414.989670292274,8
2024-09-17 10:01:45.451000,415.0211911911964,99
2024-09-17 10:01:45.552000,415.03071878699615,1002
2024-09-17 10:01:45.602000,415.0236935570785,1005
2024-09-17 10:01:45.679000,415.030240185029,1003
2024-09-17 10:01:45.692000,415.0213751319024,5
2024-09-17 10:01:45.704000,414.991366088985,7
2024-09-17 10:01:45.767000,415.0293025347244,100
2024-09-17 10:01:45.789000,415.0083453467623,1000
2024-09-17 10:01:45.851000,415.01963810057936,7
2024-09-17 10:01:45.990000,415.0285595820002,14
2024-09-17 10:01:46.001000,415.002773533999,995
2024-09-17 10:01:46.062000,414.9890923183157,102
2024-09-17 10:01:46.080000,415.01351287907937,98
2024-09-17 10:01:46.201000,415.0194544024498,95
2024-09-17 10:01:46.351000,415.0125860568205,103
2024-09-17 10:01:46.403000,415.0154091875676,998
2024-09-17 10:01:46.731000,415.0237915489113,995
2024-09-17 10:01:46.763000,415.0369007323507,996
2024-09-17 10:01:46.876000,415.0300652569103,97
2024-09-17 10:01:46.909000,415.02829013780735,11
2024-09-17 10:01:46.973000,415.03193376395,11
2024-09-17 10:01:47.103000,415.0169927156051,100
2024-09-17 10:01:47.139000,414.99415583644696,1001
2024-09-17 10:01:47.357000,415.0144448282381,1003
2024-09-17 10:01:47.358000,415.00306309048966,12
2024-09-17 10:01:47.520000,415.0118526339186,6
2024-09-17 10:01:47.592000,414.9930264026025,98
2024-09-17 10:01:47.611000,415.0009487973605,11
2024-09-17 10:01:47.623000,415.0173378888883,8
2024-09-17 10:01:47.682000,415.0026376295364,995
2024-09-17 10:01:47.772000,415.00886807783127,6
2024-09-17 10:01:47.844000,415.0099149098586,96
2024-09-17 10:01:48.022000,415.0323573478748,997
2024-09-17 10:01:48.097000,415.0065677028844,1001
2024-09-17 10:01:48.124000,415.0260360258496,1003
2024-09-17 10:01:48.137000,415.0402299891061,7
2024-09-17 10:01:48.143000,415.0432473622158,5
2024-09-17 10:01:48.170000,415.01572813624927,1000
2024-09-17 10:01:48.174000,415.0086897781623,104
2024-09-17 10:01:48.221000,415.0196715847251,11
2024-09-17 10:01:48.232000,415.0260804065062,95
2024-09-17 10:01:48.245000,415.0243890640973,105
2024-09-17 10:01:48.262000,415.0331757222695,5
2024-09-17 10:01:48.344000,415.0302057577286,96
2024-09-17 10:01:48.413000,415.0077292715397,13
2024-09-17 10:01:48.461000,415.0372271669104,999
2024-09-17 10:01:49.034000,415.0743059043202,12
2024-09-17 10:01:49.113000,415.055634659449,995
2024-09-17 10:01:49.130000,415.0702324270204,102
2024-09-17 10:01:49.173000,415.0617854865847,12
2024-09-17 10:01:49.180000,415.07570548857296,97
2024-09-17 10:01:49.218000,415.0438658911888,98
2024-09-17 10:01:49.268000,415.06860868217785,996
2024-09-17 10:01:49.299000,415.0827304474064,102
2024-09-17 10:01:49.394000,415.0697245229134,11
2024-09-17 10:01:49.534000,415.058239140496,105
2024-09-17 10:01:49.582000,415.06712652253424,1005
2024-09-17 10:01:49.608000,415.04991236083936,1005
2024-09-17 10:01:49.609000,415.0724104643045,1005
2024-09-17 10:01:49.615000,415.09815199817496,1001
2024-09-17 10:01:49.666000,415.062740149984,13
2024-09-17 10:01:49.666000,415.0936060889246,7
2024-09-17 10:01:49.697000,415.064056045446,1005
2024-09-17 10:01:49.763000,415.0649659297041,997
2024-09-17 10:01:49.801000,415.0653682811568,1000
2024-09-17 10:01:49.815000,415.0662234142942,103
2024-09-17 10:01:49.840000,415.0574213962864,996
2024-09-17 10:01:49.851000,415.0716478870589,8
2024-09-17 10:01:49.904000,415.0636912148792,12
2024-09-17 10:01:49.917000,415.0573024157914,14
2024-09-17 10:01:49.926000,415.0614048190641,6
2024-09-17 10:01:49.943000,415.0776600651165,8
2024-09-17 10:01:49.959000,415.0535491635551,997
2024-09-17 10:01:50.078000,415.0952925554855,102
2024-09-17 10:01:50.136000,415.09567740000807,102
2024-09-17 10:01:50.590000,415.1108249913912,104
2024-09-17 10:01:50.594000,415.09204965015,103
2024-09-17 10:01:50.830000,415.07042419270334,99
2024-09-17 10:01:50.965000,415.0860000403311,100
2024-09-17 10:01:51.066000,415.0973785984421,104
2024-09-17 10:01:51.095000,415.05559622922686,1002
2024-09-17 10:01:51.145000,415.0685996901317,97
2024-09-17 10:01:51.233000,415.0439407627014,1004
2024-09-17 10:01:51.253000,415.0731937018414,9
2024-09-17 10:01:51.254000,415.0476279927032,103
2024-09-17 10:01:51.281000,415.0798451648532,102
2024-09-17 10:01:51.300000,415.061149485763,9
2024-09-17 10:01:51.333000,415.075666815516,8
2024-09-17 10:01:51.367000,415.09643164127806,7
2024-09-17 10:01:51.420000,415.0829917111217,13
2024-09-17 10:01:51.482000,415.1175315260526,995
2024-09-17 10:01:51.492000,415.0639716284048,95
2024-09-17 10:01:51.506000,415.0613170304866,97
2024-09-17 10:01:51.556000,415.0559812809954,101
2024-09-17 10:01:51.682000,415.1068870735392,5
2024-09-17 10:01:51.683000,415.0466657089231,7
2024-09-17 10:01:51.702000,415.0476030385023,10
2024-09-17 10:01:51.786000,415.0630093908298,5
2024-09-17 10:01:51.793000,415.0488625081652,998
2024-09-17 10:01:51.823000,415.0789425784918,15
2024-09-17 10:01:51.886000,415.1062458230545,5
2024-09-17 10:01:51.972000,415.0685876714009,7
2024-09-17 10:01:51.998000,415.079232207226,105
2024-09-17 10:01:52.250000,415.0531750216747,104
2024-09-17 10:01:52.301000,415.026701873227,101
2024-09-17 10:01:52.551000,415.0487011023861,998
2024-09-17 10:01:53.001000,415.0339325096501,100
2024-09-17 10:01:53.105000,414.975128623257,10
2024-09-17 10:01:53.250000,415.0695556240156,998
2024-09-17 10:01:53.316000,415.0369015403504,99
2024-09-17 10:01:53.361000,415.0124386587033,103
2024-09-17 10:01:53.384000,415.05432614721707,12
2024-09-17 10:01:53.397000,415.0211249508072,13
2024-09-17 10:01:53.404000,415.03103024446347,8
2024-09-17 10:01:53.443000,415.0384148201587,999
2024-09-17 10:01:53.444000,415.0246546311496,103
2024-09-17 10:01:53.484000,415.01009550619415,99
2024-09-17 10:01:53.554000,414.9914353816732,995
2024-09-17 10:01:53.579000,415.0577279797592,100
2024-09-17 10:01:53.679000,415.0142821583473,104
2024-09-17 10:01:53.710000,415.01156030680585,104
2024-09-17 10:01:53.760000,415.07639756363096,7
2024-09-17 10:01:53.795000,415.064150289392,1001
2024-09-17 10:01:53.807000,415.01818925025634,95
2024-09-17 10:01:53.939000,415.0063461704345,12
2024-09-17 10:01:54.237000,415.11771573892673,1002
2024-09-17 10:01:54.424000,415.096825571115,1005
2024-09-17 10:01:54.436000,415.1027296762939,10
2024-09-17 10:01:54.494000,415.09608805151606,104
2024-09-17 10:01:54.692000,415.0860390524908,997
2024-09-17 10:01:54.739000,415.0903407594311,996
2024-09-17 10:01:54.942000,415.1028452774564,1005
2024-09-17 10:01:54.974000,415.0919472015992,96
2024-09-17 10:01:55.016000,415.1165362821504,95
2024-09-17 10:01:55.083000,415.0818842322838,999
2024-09-17 10:01:55.134000,415.0888726126676,999
2024-09-17 10:01:55.232000,415.0885962133016,9
2024-09-17 10:01:55.259000,415.1027770734908,98
2024-09-17 10:01:55.272000,415.1067018687147,98
2024-09-17 10:01:55.378000,415.0753916968168,12
2024-09-17 10:01:55.417000,415.0725313236078,96
2024-09-17 10:01:55.441000,415.08078126687553,104
2024-09-17 10:01:55.450000,415.0733784456543,1002
2024-09-17 10:01:55.497000,415.0955443512837,1005
2024-09-17 10:01:55.525000,415.0761572295171,12
2024-09-17 10:01:55.586000,415.0676778963032,12
2024-09-17 10:01:55.656000,415.124999708888,1000
2024-09-17 10:01:55.692000,415.1350044125239,104
2024-09-17 10:01:55.756000,415.0919959672125,996
2024-09-17 10:01:55.792000,415.1092418535455,1005
2024-09-17 10:01:55.821000,415.06568961530286,1000
2024-09-17 10:01:55.884000,415.0724130960204,5
2024-09-17 10:01:55.924000,415.1023301621946,8
2024-09-17 10:01:55.928000,415.10053966347925,98
2024-09-17 10:01:56.014000,415.07839964157625,999
2024-09-17 10:01:56.321000,415.114988657748,8
2024-09-17 10:01:56.325000,415.1326781683671,13
2024-09-17 10:01:56.386000,415.0815045060469,102
2024-09-17 10:01:56.468000,415.0780139829735,97
2024-09-17 10:01:56.490000,415.15804102251127,13
2024-09-17 10:01:56.536000,415.0855981958747,101
2024-09-17 10:01:56.606000,415.1031606882336,101
2024-09-17 10:01:56.637000,415.1061721076586,14
2024-09-17 10:01:56.778000,415.09842016887967,997
2024-09-17 10:01:56.823000,415.0948148579562,11
2024-09-17 10:01:56.840000,415.1408293373409,5
2024-09-17 10:01:56.888000,415.1513485857043,1004
2024-09-17 10:01:56.913000,415.10163888849496,995
2024-09-17 10:01:56.950000,415.1398559966355,96
2024-09-17 10:01:57.042000,415.0674353008153,103
2024-09-17 10:01:57.053000,415.0733733835535,5
2024-09-17 10:01:57.069000,415.0479547560537,1001
2024-09-17 10:01:57.092000,415.1136427475354,103
2024-09-17 10:01:57.108000,415.1025035051587,1003
2024-09-17 10:01:57.188000,415.0637167869892,1004
2024-09-17 10:01:57.252000,415.0411706029741,997
2024-09-17 10:01:57.358000,415.05314180357993,7
2024-09-17 10:01:57.423000,415.0475619430189,12
2024-09-17 10:01:57.456000,415.0734954707656,104
2024-09-17 10:01:57.472000,415.0274646159094,97
2024-09-17 10:01:57.475000,415.0881905141082,5
2024-09-17 10:01:57.562000,415.0987663537907,14
2024-09-17 10:01:57.593000,415.06079857049775,95
2024-09-17 10:01:57.595000,415.0386830173324,1001
2024-09-17 10:01:57.598000,415.0974786383805,1004
2024-09-17 10:01:57.649000,415.0838545172327,1004
2024-09-17 10:01:57.686000,415.13167877687135,1005
2024-09-17 10:01:57.701000,415.0375283105264,1001
2024-09-17 10:01:57.787000,415.0525964234199,1003
2024-09-17 10:01:57.834000,415.0267093445145,1003
2024-09-17 10:01:57.846000,415.0495702046597,102
2024-09-17 10:01:57.889000,415.10640065910286,13
2024-09-17 10:01:57.924000,415.0531076302685,12
2024-09-17 10:01:57.961000,415.1129572793506,10
2024-09-17 10:01:58.001000,415.0201802183695,15
2024-09-17 10:01:58.010000,415.0082602222906,5
2024-09-17 10:01:58.094000,415.032362313731,10
2024-09-17 10:01:58.241000,415.03742925380607,995
2024-09-17 10:01:58.258000,415.02273446538806,6
2024-09-17 10:01:58.258000,415.0263682951765,9
2024-09-17 10:01:58.369000,415.0957294680565,105
2024-09-17 10:01:58.408000,415.0465517169198,998
2024-09-17 10:01:58.462000,415.0355246927274,95
2024-09-17 10:01:58.483000,415.02838522339687,10
2024-09-17 10:01:58.485000,415.069221680144,997
2024-09-17 10:01:58.500000,415.0417092880252,1001
2024-09-17 10:01:58.512000,415.0127173059336,1005
2024-09-17 10:01:58.569000,415.0670056756893,97
2024-09-17 10:01:58.582000,415.0345466309701,99
2024-09-17 10:01:58.583000,415.0183123895645,98
2024-09-17 10:01:58.605000,415.0034421704133,15
2024-09-17 10:01:58.623000,415.01414284372174,999
2024-09-17 10:01:58.630000,415.0385067447824,10
2024-09-17 10:01:58.658000,415.0976874405195,998
2024-09-17 10:01:58.729000,415.0440688247357,7
2024-09-17 10:01:58.766000,415.0469087786009,998
2024-09-17 10:01:58.802000,415.010701587774,13
2024-09-17 10:01:58.805000,415.0190332015483,11
2024-09-17 10:01:58.814000,415.0258407461863,15
2024-09-17 10:01:58.849000,415.0123111500348,100
2024-09-17 10:01:58.903000,415.08237605474017,1002
2024-09-17 10:01:58.971000,415.0256077317149,13
2024-09-17 10:01:58.972000,415.0615869798194,5
2024-09-17 10:01:59.040000,415.1121140369651,1002
2024-09-17 10:01:59.074000,415.0866808936842,1001
2024-09-17 10:01:59.216000,415.1242450754199,101
2024-09-17 10:01:59.307000,415.0962431042372,11
2024-09-17 10:01:59.321000,415.0493202253817,1000
2024-09-17 10:01:59.383000,415.06018622513295,11
2024-09-17 10:01:59.391000,415.1019655704297,96
2024-09-17 10:01:59.471000,415.1239379710486,95
2024-09-17 10:01:59.582000,415.03838497563993,7
2024-09-17 10:01:59.683000,415.10478008632566,998
2024-09-17 10:01:59.688000,415.0314261346826,1004
2024-09-17 10:01:59.984000,415.0355977474323,98
