Timestamp,Price,Size
2024-09-17 09:48:00.032000,416.2284395425135,13
2024-09-17 09:48:00.116000,416.2369320177439,105
2024-09-17 09:48:00.221000,416.2605758495063,14
2024-09-17 09:48:00.399000,416.2576978040163,99
2024-09-17 09:48:00.474000,416.2229930358806,1005
2024-09-17 09:48:00.671000,416.2087719826324,96
2024-09-17 09:48:00.950000,416.2242464500003,100
2024-09-17 09:48:00.981000,416.2483510106949,8
2024-09-17 09:48:01.060000,416.2525196816819,1001
2024-09-17 09:48:01.130000,416.2266020575654,14
2024-09-17 09:48:01.640000,416.2433140116346,8
2024-09-17 09:48:01.662000,416.2473480356443,995
2024-09-17 09:48:02.017000,416.25160402787697,95
2024-09-17 09:48:02.027000,416.228663593513,100
2024-09-17 09:48:02.333000,416.2166172778777,1001
2024-09-17 09:48:02.374000,416.25254644575296,10
2024-09-17 09:48:02.519000,416.2169233640826,8
2024-09-17 09:48:03.173000,416.3476434305874,97
2024-09-17 09:48:03.187000,416.25171227590187,14
2024-09-17 09:48:03.219000,416.3241361310144,1005
2024-09-17 09:48:03.259000,416.3061533044367,6
2024-09-17 09:48:03.299000,416.3164685139878,995
2024-09-17 09:48:03.330000,416.3197694723708,13
2024-09-17 09:48:03.367000,416.2666624930479,14
2024-09-17 09:48:03.504000,416.3152385912412,13
2024-09-17 09:48:03.511000,416.3184378213333,12
2024-09-17 09:48:03.522000,416.3384556629347,999
2024-09-17 09:48:03.692000,416.3178290790455,1001
2024-09-17 09:48:03.700000,416.2662044955899,995
2024-09-17 09:48:03.820000,416.2666536124592,5
2024-09-17 09:48:03.821000,416.3214855598266,102
2024-09-17 09:48:03.822000,416.25914849641896,102
2024-09-17 09:48:03.827000,416.25988682047625,6
2024-09-17 09:48:03.828000,416.3182966108632,10
2024-09-17 09:48:03.996000,416.3613630628181,12
2024-09-17 09:48:04.084000,416.3328613784831,97
2024-09-17 09:48:04.136000,416.334018411624,14
2024-09-17 09:48:04.226000,416.37107885465775,5
2024-09-17 09:48:04.476000,416.33369932065307,103
2024-09-17 09:48:04.492000,416.34854436778846,13
2024-09-17 09:48:04.802000,416.3293721513671,99
2024-09-17 09:48:04.950000,416.3413216131045,11
2024-09-17 09:48:05.130000,416.354531892584,5
2024-09-17 09:48:05.294000,416.3736001650359,995
2024-09-17 09:48:05.325000,416.3578503791903,1003
2024-09-17 09:48:05.332000,416.3663233238211,8
2024-09-17 09:48:05.373000,416.361965131278,99
2024-09-17 09:48:05.382000,416.3445661576053,1003
2024-09-17 09:48:05.553000,416.3744847731765,1002
2024-09-17 09:48:05.787000,416.3538498470524,100
2024-09-17 09:48:05.834000,416.3481096965793,15
2024-09-17 09:48:06.198000,416.3714581471236,9
2024-09-17 09:48:06.287000,416.3806034999392,6
2024-09-17 09:48:06.403000,416.36595316613455,11
2024-09-17 09:48:06.492000,416.36896772760696,995
2024-09-17 09:48:06.536000,416.3607054756368,102
2024-09-17 09:48:06.602000,416.3839346822641,999
2024-09-17 09:48:06.612000,416.3601663215164,1000
2024-09-17 09:48:06.627000,416.3783195130292,998
2024-09-17 09:48:06.870000,416.3837087706137,13
2024-09-17 09:48:07.183000,416.4144361721977,97
2024-09-17 09:48:07.201000,416.4129035880009,998
2024-09-17 09:48:07.242000,416.40946040498585,5
2024-09-17 09:48:07.346000,416.3911646487306,9
2024-09-17 09:48:07.387000,416.37857928173815,98
2024-09-17 09:48:07.491000,416.3958383615737,98
2024-09-17 09:48:07.649000,416.4295850556047,1005
2024-09-17 09:48:07.664000,416.40030677853537,7
2024-09-17 09:48:07.752000,416.36945639942513,1002
2024-09-17 09:48:07.758000,416.4263077087263,996
2024-09-17 09:48:07.999000,416.4262427778774,96
2024-09-17 09:48:08.035000,416.42889708387264,11
2024-09-17 09:48:08.057000,416.4335969836719,6
2024-09-17 09:48:08.089000,416.42393251236285,998
2024-09-17 09:48:08.169000,416.48282755980426,95
2024-09-17 09:48:08.225000,416.4492928459015,997
2024-09-17 09:48:08.237000,416.5034906897365,11
2024-09-17 09:48:08.307000,416.4451884569745,996
2024-09-17 09:48:08.315000,416.4455601862451,14
2024-09-17 09:48:08.387000,416.4837778190999,1000
2024-09-17 09:48:08.397000,416.419444303283,12
2024-09-17 09:48:08.482000,416.4979638064197,9
2024-09-17 09:48:08.514000,416.4793584096033,997
2024-09-17 09:48:08.578000,416.5050650620673,101
2024-09-17 09:48:08.600000,416.4298191095366,101
2024-09-17 09:48:08.734000,416.4420184779568,1003
2024-09-17 09:48:08.827000,416.5076854906313,1001
2024-09-17 09:48:08.868000,416.4477414018787,996
2024-09-17 09:48:08.980000,416.4802191654767,1005
2024-09-17 09:48:08.997000,416.42725711414977,103
2024-09-17 09:48:09.070000,416.4193590188833,103
2024-09-17 09:48:09.123000,416.41088085248686,5
2024-09-17 09:48:09.699000,416.416173777938,13
2024-09-17 09:48:10.067000,416.3589739611506,10
2024-09-17 09:48:10.185000,416.3678854641812,96
2024-09-17 09:48:10.240000,416.366607821704,98
2024-09-17 09:48:10.262000,416.3321947178324,99
2024-09-17 09:48:10.312000,416.405780495315,95
2024-09-17 09:48:10.336000,416.36700765520726,95
2024-09-17 09:48:10.608000,416.3563138594833,14
2024-09-17 09:48:10.856000,416.3799478350286,14
2024-09-17 09:48:10.939000,416.34525948322977,10
2024-09-17 09:48:11.070000,416.3668632170514,1005
2024-09-17 09:48:11.199000,416.3683775539875,1001
2024-09-17 09:48:11.403000,416.3772786413342,12
2024-09-17 09:48:11.404000,416.3655171729476,14
2024-09-17 09:48:11.582000,416.3762476009847,997
2024-09-17 09:48:11.711000,416.3528433223437,96
2024-09-17 09:48:11.759000,416.3745099056866,1005
2024-09-17 09:48:11.874000,416.3630300232032,96
2024-09-17 09:48:11.945000,416.3730133684583,8
2024-09-17 09:48:11.978000,416.3794355720385,98
2024-09-17 09:48:12.223000,416.3691526483704,12
2024-09-17 09:48:12.313000,416.3737877490337,1002
2024-09-17 09:48:12.361000,416.3649101823374,996
2024-09-17 09:48:12.821000,416.36070621570735,101
2024-09-17 09:48:13.021000,416.4042144101346,1001
2024-09-17 09:48:13.069000,416.36631116069935,11
2024-09-17 09:48:13.137000,416.34314514381686,10
2024-09-17 09:48:13.160000,416.3871477288476,999
2024-09-17 09:48:13.198000,416.3532747563741,102
2024-09-17 09:48:13.243000,416.390877904196,999
2024-09-17 09:48:13.248000,416.3576418473672,95
2024-09-17 09:48:13.288000,416.36010568061806,6
2024-09-17 09:48:13.333000,416.3606290415335,13
2024-09-17 09:48:13.359000,416.37078295598855,104
2024-09-17 09:48:13.484000,416.39099459337865,14
2024-09-17 09:48:13.504000,416.3711592863186,100
2024-09-17 09:48:13.536000,416.3503123107728,5
2024-09-17 09:48:13.582000,416.3574949531381,1002
2024-09-17 09:48:13.632000,416.379385540468,1003
2024-09-17 09:48:13.640000,416.38711488342926,998
2024-09-17 09:48:13.691000,416.3870385522037,13
2024-09-17 09:48:13.701000,416.3608646421227,1003
2024-09-17 09:48:13.706000,416.36855196414206,1004
2024-09-17 09:48:13.718000,416.364146543588,7
2024-09-17 09:48:13.740000,416.3459506402437,105
2024-09-17 09:48:13.757000,416.3796201865743,8
2024-09-17 09:48:13.774000,416.3403700878102,1000
2024-09-17 09:48:13.782000,416.3526455745471,1005
2024-09-17 09:48:13.815000,416.3576094437606,13
2024-09-17 09:48:13.855000,416.38370772488514,1004
2024-09-17 09:48:13.875000,416.38637332053486,11
2024-09-17 09:48:13.967000,416.3614017239945,1001
2024-09-17 09:48:13.993000,416.3482269359413,103
2024-09-17 09:48:14.276000,416.32518796711634,1004
2024-09-17 09:48:14.342000,416.3615422469202,1002
2024-09-17 09:48:14.356000,416.35272026973655,96
2024-09-17 09:48:14.404000,416.3558932681701,5
2024-09-17 09:48:14.524000,416.3437751758692,100
2024-09-17 09:48:14.627000,416.3611421089997,12
2024-09-17 09:48:14.631000,416.3268169603409,9
2024-09-17 09:48:14.867000,416.3397521534438,1002
2024-09-17 09:48:14.917000,416.3095960386171,996
2024-09-17 09:48:15.195000,416.2763567043749,104
2024-09-17 09:48:15.239000,416.2576590137192,95
2024-09-17 09:48:15.261000,416.340995027456,99
2024-09-17 09:48:15.346000,416.2642714193193,103
2024-09-17 09:48:15.351000,416.2981121208791,97
2024-09-17 09:48:15.388000,416.29229379316286,1005
2024-09-17 09:48:15.405000,416.3319591407919,99
2024-09-17 09:48:15.428000,416.3315335316044,5
2024-09-17 09:48:15.464000,416.3323001270719,1001
2024-09-17 09:48:15.547000,416.2661571480243,96
2024-09-17 09:48:15.561000,416.2552827459018,1004
2024-09-17 09:48:15.597000,416.27244087015015,1004
2024-09-17 09:48:15.622000,416.2581240630864,15
2024-09-17 09:48:15.643000,416.3410245543708,102
2024-09-17 09:48:15.653000,416.3371071148485,1000
2024-09-17 09:48:15.697000,416.2443531435576,103
2024-09-17 09:48:15.698000,416.25530258488607,95
2024-09-17 09:48:15.717000,416.2938930139207,1002
2024-09-17 09:48:15.750000,416.2615273526861,103
2024-09-17 09:48:15.820000,416.25822922938937,99
2024-09-17 09:48:15.827000,416.3238461931612,14
2024-09-17 09:48:15.917000,416.3166473761294,1004
2024-09-17 09:48:15.924000,416.29198613838565,98
2024-09-17 09:48:15.928000,416.2568536410103,998
2024-09-17 09:48:15.933000,416.2933856388297,998
2024-09-17 09:48:15.938000,416.2463770073873,11
2024-09-17 09:48:15.951000,416.3306449610988,14
2024-09-17 09:48:15.963000,416.3216931621172,996
2024-09-17 09:48:15.997000,416.3349258626473,5
2024-09-17 09:48:16.016000,416.2786726989279,995
2024-09-17 09:48:16.063000,416.265641430544,1004
2024-09-17 09:48:16.188000,416.33726334021264,12
2024-09-17 09:48:16.195000,416.3307677046848,995
2024-09-17 09:48:16.244000,416.2765765502468,996
2024-09-17 09:48:16.273000,416.3360643909151,105
2024-09-17 09:48:16.310000,416.33869467400746,105
2024-09-17 09:48:16.327000,416.2693026389469,996
2024-09-17 09:48:16.390000,416.3157128311803,5
2024-09-17 09:48:16.441000,416.2926688775814,996
2024-09-17 09:48:16.482000,416.26662191899294,95
2024-09-17 09:48:16.519000,416.2714073866096,102
2024-09-17 09:48:16.586000,416.3536137632759,10
2024-09-17 09:48:16.615000,416.319162483232,1000
2024-09-17 09:48:16.636000,416.3438675932504,1005
2024-09-17 09:48:16.662000,416.284429507505,11
2024-09-17 09:48:16.750000,416.3043386588018,95
2024-09-17 09:48:16.773000,416.2901688701417,1005
2024-09-17 09:48:16.802000,416.27519260295486,99
2024-09-17 09:48:16.816000,416.27685099917727,11
2024-09-17 09:48:16.863000,416.27044518011314,10
2024-09-17 09:48:16.871000,416.29266795694014,13
2024-09-17 09:48:16.947000,416.28876744498,97
2024-09-17 09:48:17.007000,416.2684260094039,96
2024-09-17 09:48:17.040000,416.2697196092386,5
2024-09-17 09:48:17.043000,416.25983030323687,5
2024-09-17 09:48:17.085000,416.2729445880459,97
2024-09-17 09:48:17.102000,416.2506732296597,1001
2024-09-17 09:48:17.119000,416.2715400522407,996
2024-09-17 09:48:17.163000,416.27111276479417,1004
2024-09-17 09:48:17.218000,416.28866715222046,1002
2024-09-17 09:48:17.225000,416.2878530810708,95
2024-09-17 09:48:17.299000,416.2527476973068,1004
2024-09-17 09:48:17.362000,416.24971098301006,7
2024-09-17 09:48:17.445000,416.2482057762842,14
2024-09-17 09:48:17.491000,416.2664826444106,12
2024-09-17 09:48:17.502000,416.23953331536376,1001
2024-09-17 09:48:17.515000,416.2779237909625,102
2024-09-17 09:48:17.610000,416.232299752797,95
2024-09-17 09:48:17.612000,416.2603153994168,995
2024-09-17 09:48:17.614000,416.2484663842896,12
2024-09-17 09:48:17.688000,416.2717065629395,13
2024-09-17 09:48:17.697000,416.25923184498185,996
2024-09-17 09:48:17.758000,416.2812987831555,1004
2024-09-17 09:48:17.849000,416.2743781164705,14
2024-09-17 09:48:17.864000,416.2712651052874,101
2024-09-17 09:48:17.891000,416.2553829758506,10
2024-09-17 09:48:17.893000,416.2517516688498,1001
2024-09-17 09:48:17.920000,416.2539220131213,9
2024-09-17 09:48:18.021000,416.3009982069266,96
2024-09-17 09:48:18.042000,416.28063272557256,104
2024-09-17 09:48:18.050000,416.314523959849,105
2024-09-17 09:48:18.263000,416.283090710732,98
2024-09-17 09:48:18.270000,416.3025348630604,1000
2024-09-17 09:48:18.278000,416.3025879224099,13
2024-09-17 09:48:18.365000,416.3320752349605,996
2024-09-17 09:48:18.410000,416.3179622922196,100
2024-09-17 09:48:18.459000,416.3115957444589,1003
2024-09-17 09:48:18.473000,416.3126993379024,13
2024-09-17 09:48:18.519000,416.3055300021948,100
2024-09-17 09:48:18.528000,416.3111396622073,99
2024-09-17 09:48:18.569000,416.3272889932495,11
2024-09-17 09:48:18.573000,416.3200281232683,103
2024-09-17 09:48:18.615000,416.32366550997546,1001
2024-09-17 09:48:18.651000,416.2792377037048,1000
2024-09-17 09:48:18.832000,416.32735423122784,96
2024-09-17 09:48:18.856000,416.2721342950049,99
2024-09-17 09:48:18.931000,416.3298207936711,996
2024-09-17 09:48:18.953000,416.326699737527,105
2024-09-17 09:48:18.960000,416.3195960987127,99
2024-09-17 09:48:18.967000,416.29106964332993,14
2024-09-17 09:48:19.229000,416.3768168468084,101
2024-09-17 09:48:19.303000,416.3712815134009,13
2024-09-17 09:48:19.529000,416.3390873675178,7
2024-09-17 09:48:19.551000,416.31518786517057,103
2024-09-17 09:48:19.954000,416.37345657959554,1004
2024-09-17 09:48:19.963000,416.31925288830905,1002
2024-09-17 09:48:20.037000,416.3164183610602,1003
2024-09-17 09:48:20.064000,416.30617596844456,100
2024-09-17 09:48:20.127000,416.3536344514384,13
2024-09-17 09:48:20.155000,416.314986459916,96
2024-09-17 09:48:20.221000,416.3093116072537,999
2024-09-17 09:48:20.237000,416.299917554581,96
2024-09-17 09:48:20.248000,416.3034373491865,14
2024-09-17 09:48:20.258000,416.35981367372887,11
2024-09-17 09:48:20.442000,416.35035283935525,103
2024-09-17 09:48:20.464000,416.3481312416491,95
2024-09-17 09:48:20.516000,416.3681522656624,6
2024-09-17 09:48:20.630000,416.3592395136117,100
2024-09-17 09:48:20.660000,416.37069388036247,100
2024-09-17 09:48:20.676000,416.3071200747611,1003
2024-09-17 09:48:20.729000,416.3558336892871,1000
2024-09-17 09:48:20.754000,416.3616897540926,10
2024-09-17 09:48:20.762000,416.2921325353448,14
2024-09-17 09:48:20.797000,416.3087994472748,995
2024-09-17 09:48:20.967000,416.32602245926194,101
2024-09-17 09:48:20.998000,416.300103006037,1005
2024-09-17 09:48:21.070000,416.32106990923177,15
2024-09-17 09:48:21.290000,416.3281407445462,998
2024-09-17 09:48:21.293000,416.3244526918765,9
2024-09-17 09:48:21.416000,416.2925510733549,1005
2024-09-17 09:48:21.720000,416.29927667124485,105
2024-09-17 09:48:21.723000,416.3368541481276,1003
2024-09-17 09:48:21.963000,416.326371887728,1003
2024-09-17 09:48:21.976000,416.2979960950288,1004
2024-09-17 09:48:22.125000,416.3373852342621,105
2024-09-17 09:48:22.174000,416.3572942708957,1004
2024-09-17 09:48:22.227000,416.3420159751949,15
2024-09-17 09:48:22.397000,416.3418335623224,995
2024-09-17 09:48:22.494000,416.3475777357416,1001
2024-09-17 09:48:22.609000,416.3430926567222,1001
2024-09-17 09:48:22.786000,416.3379029453092,1005
2024-09-17 09:48:22.950000,416.3433193917989,998
2024-09-17 09:48:23.155000,416.309792637696,97
2024-09-17 09:48:23.186000,416.3320648899103,1001
2024-09-17 09:48:23.320000,416.274535952433,1002
2024-09-17 09:48:23.324000,416.32315307759,999
2024-09-17 09:48:23.437000,416.2646104395029,999
2024-09-17 09:48:23.551000,416.3094591184537,995
2024-09-17 09:48:23.628000,416.3442849252595,10
2024-09-17 09:48:23.813000,416.3181179507276,13
2024-09-17 09:48:23.881000,416.2869381294767,13
2024-09-17 09:48:24.019000,416.25049134355714,1004
2024-09-17 09:48:24.149000,416.2340139280127,10
2024-09-17 09:48:24.240000,416.2475915068175,102
2024-09-17 09:48:24.478000,416.2691413477755,10
2024-09-17 09:48:24.585000,416.2410854556498,1005
2024-09-17 09:48:24.643000,416.2351839378978,103
2024-09-17 09:48:24.788000,416.2617238447837,98
2024-09-17 09:48:24.858000,416.2423875786087,13
2024-09-17 09:48:24.885000,416.2530831914595,103
2024-09-17 09:48:25.147000,416.2358154777641,100
2024-09-17 09:48:26.283000,416.2151420169932,10
2024-09-17 09:48:26.760000,416.2149159211149,103
2024-09-17 09:48:26.866000,416.2316995270974,7
2024-09-17 09:48:27.209000,416.1924555493019,104
2024-09-17 09:48:27.392000,416.1784650793408,98
2024-09-17 09:48:27.394000,416.17611707798414,8
2024-09-17 09:48:27.394000,416.18086041221153,12
2024-09-17 09:48:27.592000,416.16285095468095,98
2024-09-17 09:48:27.640000,416.18514704032026,997
2024-09-17 09:48:27.932000,416.1827666226708,9
2024-09-17 09:48:28.003000,416.1945142598431,1001
2024-09-17 09:48:28.036000,416.1975066541712,7
2024-09-17 09:48:28.165000,416.1920878968773,103
2024-09-17 09:48:28.181000,416.1595980624359,96
2024-09-17 09:48:28.196000,416.14054467430566,1005
2024-09-17 09:48:28.201000,416.162932427221,14
2024-09-17 09:48:28.260000,416.1277696440733,1002
2024-09-17 09:48:28.274000,416.149258027198,9
2024-09-17 09:48:28.306000,416.1792147851932,99
2024-09-17 09:48:28.316000,416.1864637070225,15
2024-09-17 09:48:28.326000,416.14364688897456,8
2024-09-17 09:48:28.335000,416.1619246800376,102
2024-09-17 09:48:28.344000,416.19010188347545,97
2024-09-17 09:48:28.359000,416.1502587032535,103
2024-09-17 09:48:28.415000,416.1902182794897,15
2024-09-17 09:48:28.435000,416.1811524661684,100
2024-09-17 09:48:28.444000,416.18531021790005,103
2024-09-17 09:48:28.456000,416.1162463020385,11
2024-09-17 09:48:28.472000,416.13657500233984,103
2024-09-17 09:48:28.485000,416.18309929816303,996
2024-09-17 09:48:28.488000,416.1285172965757,100
2024-09-17 09:48:28.595000,416.1820566380902,11
2024-09-17 09:48:28.725000,416.1730164548384,9
2024-09-17 09:48:28.807000,416.1929397576167,1005
2024-09-17 09:48:28.813000,416.1682648318608,11
2024-09-17 09:48:28.844000,416.1159626828562,5
2024-09-17 09:48:29.029000,416.137999062716,104
2024-09-17 09:48:29.063000,416.1502877614833,1001
2024-09-17 09:48:29.087000,416.1867417132293,9
2024-09-17 09:48:29.166000,416.20523398943226,1000
2024-09-17 09:48:29.220000,416.1488803041305,1003
2024-09-17 09:48:29.265000,416.14236317917886,104
2024-09-17 09:48:29.396000,416.1465037001987,1002
2024-09-17 09:48:29.418000,416.1830301252468,1002
2024-09-17 09:48:29.512000,416.1754376246389,100
2024-09-17 09:48:29.531000,416.16268352878296,1004
2024-09-17 09:48:29.700000,416.1884749420655,14
2024-09-17 09:48:29.863000,416.1982516499409,999
2024-09-17 09:48:29.959000,416.17432474963846,1001
2024-09-17 09:48:30.038000,416.1453675920013,5
2024-09-17 09:48:30.096000,416.147871379266,9
2024-09-17 09:48:30.175000,416.1571249684858,97
2024-09-17 09:48:30.214000,416.1188634607794,99
2024-09-17 09:48:30.240000,416.1169588490266,1001
2024-09-17 09:48:30.319000,416.1550054117111,97
2024-09-17 09:48:30.428000,416.12979771106353,1005
2024-09-17 09:48:30.512000,416.1424308453062,1005
2024-09-17 09:48:30.588000,416.1296861324225,97
2024-09-17 09:48:30.610000,416.1530972901181,11
2024-09-17 09:48:30.717000,416.12188920726607,999
2024-09-17 09:48:30.777000,416.15518067461744,1002
2024-09-17 09:48:30.908000,416.1412593169837,6
2024-09-17 09:48:30.927000,416.1161210739977,6
2024-09-17 09:48:30.967000,416.14769103699547,104
2024-09-17 09:48:30.976000,416.1272164725147,99
2024-09-17 09:48:31.105000,416.12552910777686,12
2024-09-17 09:48:31.124000,416.12455384827297,102
2024-09-17 09:48:31.270000,416.1468857459057,1000
2024-09-17 09:48:31.347000,416.14477250129073,995
2024-09-17 09:48:31.523000,416.1433120958629,95
2024-09-17 09:48:31.581000,416.1299520964497,99
2024-09-17 09:48:31.649000,416.1341753355248,998
2024-09-17 09:48:31.665000,416.1399553567246,1002
2024-09-17 09:48:31.765000,416.1511283795994,1005
2024-09-17 09:48:31.839000,416.1426798257637,105
2024-09-17 09:48:31.844000,416.152692335718,1004
2024-09-17 09:48:31.894000,416.1468295210318,11
2024-09-17 09:48:32.005000,416.0368521208627,997
2024-09-17 09:48:32.048000,416.1012079331709,1003
2024-09-17 09:48:32.066000,416.09467378510254,102
2024-09-17 09:48:32.133000,416.1052655928356,10
2024-09-17 09:48:32.133000,416.0486278797247,5
2024-09-17 09:48:32.140000,416.1130303565016,995
2024-09-17 09:48:32.172000,416.0443149023251,14
2024-09-17 09:48:32.207000,416.07383729993,8
2024-09-17 09:48:32.248000,416.1223777631768,103
2024-09-17 09:48:32.275000,416.1088773869683,105
2024-09-17 09:48:32.282000,416.0252424126752,1005
2024-09-17 09:48:32.314000,416.06371201624415,104
2024-09-17 09:48:32.337000,416.0326699585991,103
2024-09-17 09:48:32.362000,416.1287334907628,999
2024-09-17 09:48:32.555000,416.0353048134682,98
2024-09-17 09:48:32.556000,416.1460237197248,100
2024-09-17 09:48:32.565000,416.1190651509001,7
2024-09-17 09:48:32.597000,416.0990804964153,15
2024-09-17 09:48:32.621000,416.0717999036101,6
2024-09-17 09:48:32.649000,416.1205261362497,11
2024-09-17 09:48:32.683000,416.13847242536025,1003
2024-09-17 09:48:32.717000,416.0491769944336,999
2024-09-17 09:48:32.723000,416.13645790762206,10
2024-09-17 09:48:32.758000,416.11818697989565,103
2024-09-17 09:48:32.759000,416.1222702652451,99
2024-09-17 09:48:32.812000,416.1189860650663,996
2024-09-17 09:48:32.861000,416.0628084668864,11
2024-09-17 09:48:32.890000,416.1566598158056,12
2024-09-17 09:48:32.900000,416.12271801382906,14
2024-09-17 09:48:32.963000,416.07829780235807,102
2024-09-17 09:48:33.043000,416.0509786376483,104
2024-09-17 09:48:33.097000,416.0256038519859,12
2024-09-17 09:48:33.144000,416.0742367534895,14
2024-09-17 09:48:33.219000,416.0560045758712,1003
2024-09-17 09:48:33.267000,416.0666918735598,8
2024-09-17 09:48:33.295000,416.0282425239055,7
2024-09-17 09:48:33.341000,416.0430817703426,98
2024-09-17 09:48:33.368000,416.0688272571478,7
2024-09-17 09:48:33.391000,416.06851615751737,97
2024-09-17 09:48:33.428000,416.0471711521436,13
2024-09-17 09:48:33.503000,416.03162532458543,5
2024-09-17 09:48:33.503000,416.025474905725,5
2024-09-17 09:48:33.590000,416.05397106764326,101
2024-09-17 09:48:33.620000,416.0188301431815,6
2024-09-17 09:48:33.642000,416.0656402357575,105
2024-09-17 09:48:33.676000,416.0623335228195,95
2024-09-17 09:48:33.766000,416.0303887814744,1000
2024-09-17 09:48:33.863000,416.0597452974964,14
2024-09-17 09:48:33.933000,416.04897888774815,7
2024-09-17 09:48:33.998000,416.0381232768781,103
2024-09-17 09:48:34.059000,416.0349885483427,6
2024-09-17 09:48:34.083000,416.0078075531554,1003
2024-09-17 09:48:34.146000,416.04945230939967,11
2024-09-17 09:48:34.162000,415.9810034666509,5
2024-09-17 09:48:34.271000,416.00716176909896,14
2024-09-17 09:48:34.275000,415.9963177807037,1005
2024-09-17 09:48:34.305000,416.0474861406498,7
2024-09-17 09:48:34.319000,416.0203287567122,1003
2024-09-17 09:48:34.324000,416.00433867071513,995
2024-09-17 09:48:34.383000,416.0032421368766,1004
2024-09-17 09:48:34.528000,416.0324430719815,14
2024-09-17 09:48:34.541000,416.0488254675103,1003
2024-09-17 09:48:34.562000,416.0268685398563,14
2024-09-17 09:48:34.631000,416.0248551770776,8
2024-09-17 09:48:34.647000,416.0136949128839,103
2024-09-17 09:48:34.808000,416.0176801182533,15
2024-09-17 09:48:34.843000,416.0068851518728,1000
2024-09-17 09:48:34.862000,416.0183513452316,101
2024-09-17 09:48:34.882000,416.0363242963628,1003
2024-09-17 09:48:34.904000,415.9912202727932,1005
2024-09-17 09:48:34.924000,415.9732848432628,997
2024-09-17 09:48:34.936000,416.0132444989586,99
2024-09-17 09:48:34.940000,415.9770480247473,104
2024-09-17 09:48:35.050000,415.9640585227645,997
2024-09-17 09:48:35.057000,415.9714101985162,101
2024-09-17 09:48:35.074000,415.962101662541,998
2024-09-17 09:48:35.113000,415.96784181560497,9
2024-09-17 09:48:35.291000,415.9845109126394,7
2024-09-17 09:48:35.315000,415.9659956197792,96
2024-09-17 09:48:35.423000,416.0220534587455,997
2024-09-17 09:48:35.481000,415.951990555722,11
2024-09-17 09:48:35.517000,415.94095062439686,95
2024-09-17 09:48:35.648000,415.963030273393,999
2024-09-17 09:48:35.677000,415.98480171941605,996
2024-09-17 09:48:35.710000,415.9790624042371,998
2024-09-17 09:48:35.815000,415.9681732339489,97
2024-09-17 09:48:35.853000,416.00532162913055,8
2024-09-17 09:48:35.931000,415.9776854032019,997
2024-09-17 09:48:35.938000,416.0202356938972,13
2024-09-17 09:48:35.986000,415.9537847835667,102
2024-09-17 09:48:36.041000,416.0164589718856,998
2024-09-17 09:48:36.051000,416.0120472765765,99
2024-09-17 09:48:36.075000,416.0145321709858,14
2024-09-17 09:48:36.157000,416.0002228505539,6
2024-09-17 09:48:36.172000,416.0203420483532,995
2024-09-17 09:48:36.246000,416.0211125603916,998
2024-09-17 09:48:36.277000,416.0129293528002,95
2024-09-17 09:48:36.397000,415.9951675600917,105
2024-09-17 09:48:36.465000,416.0164655225078,8
2024-09-17 09:48:36.504000,416.0089450805468,15
2024-09-17 09:48:36.546000,416.0060789967071,99
2024-09-17 09:48:36.630000,416.0166408169053,997
2024-09-17 09:48:36.645000,415.9906452361473,11
2024-09-17 09:48:36.681000,416.0188829618587,1001
2024-09-17 09:48:36.777000,415.99732538374747,96
2024-09-17 09:48:36.864000,416.0104012140312,102
2024-09-17 09:48:37.163000,415.9859505043581,95
2024-09-17 09:48:37.221000,415.9653557706656,103
2024-09-17 09:48:37.318000,415.990329801271,8
2024-09-17 09:48:37.549000,415.9538714556404,15
2024-09-17 09:48:37.573000,415.9822173589233,103
2024-09-17 09:48:37.585000,415.98942989299866,9
2024-09-17 09:48:37.610000,415.9713484102804,102
2024-09-17 09:48:37.625000,415.9649378052359,105
2024-09-17 09:48:37.697000,415.97409481484704,96
2024-09-17 09:48:37.745000,415.9470691594935,14
2024-09-17 09:48:37.891000,415.95937183010096,1004
2024-09-17 09:48:37.906000,415.9690196715412,14
2024-09-17 09:48:38.191000,415.9424671363901,95
2024-09-17 09:48:38.359000,415.9617065326819,997
2024-09-17 09:48:38.413000,415.9673332808605,9
2024-09-17 09:48:38.729000,415.9536526568791,10
2024-09-17 09:48:38.794000,415.9309986828905,1000
2024-09-17 09:48:38.891000,415.9294525527969,104
2024-09-17 09:48:39.063000,415.9353052789601,1003
2024-09-17 09:48:39.078000,415.922480803594,101
2024-09-17 09:48:39.109000,415.891183809366,103
2024-09-17 09:48:39.116000,415.89887880073456,1002
2024-09-17 09:48:39.128000,415.9134123038993,98
2024-09-17 09:48:39.132000,415.9091647728271,101
2024-09-17 09:48:39.184000,415.9023164066795,996
2024-09-17 09:48:39.186000,415.87636416048827,5
2024-09-17 09:48:39.220000,415.9026434533058,1001
2024-09-17 09:48:39.318000,415.9287894600666,996
2024-09-17 09:48:39.340000,415.9156702473123,11
2024-09-17 09:48:39.418000,415.89686596229,100
2024-09-17 09:48:39.498000,415.8897503254359,96
2024-09-17 09:48:39.607000,415.93349560107896,10
2024-09-17 09:48:39.710000,415.9087283697476,12
2024-09-17 09:48:39.721000,415.8926753411057,13
2024-09-17 09:48:39.786000,415.9158491284599,1004
2024-09-17 09:48:39.800000,415.92638405920894,14
2024-09-17 09:48:39.812000,415.9195122120023,9
2024-09-17 09:48:39.832000,415.9232164971133,105
2024-09-17 09:48:39.879000,415.895820723477,1005
2024-09-17 09:48:39.897000,415.9134244024772,998
2024-09-17 09:48:39.903000,415.9259850413401,1004
2024-09-17 09:48:39.941000,415.9102891312027,105
2024-09-17 09:48:40.098000,415.9070028943624,8
2024-09-17 09:48:40.115000,415.9196606093543,1002
2024-09-17 09:48:40.276000,415.9118513737512,12
2024-09-17 09:48:40.469000,415.8924908781908,1001
2024-09-17 09:48:40.625000,415.901479437034,7
2024-09-17 09:48:40.681000,415.9069409668237,15
2024-09-17 09:48:40.727000,415.91005678505024,1000
2024-09-17 09:48:40.832000,415.89171385322624,1004
2024-09-17 09:48:40.876000,415.9178666712649,5
2024-09-17 09:48:40.927000,415.9076098591764,98
2024-09-17 09:48:40.950000,415.8959162802704,105
2024-09-17 09:48:41.007000,415.8760746038177,104
2024-09-17 09:48:41.047000,415.8930558378843,99
2024-09-17 09:48:41.065000,415.8725408679778,95
2024-09-17 09:48:41.074000,415.8756530385807,1005
2024-09-17 09:48:41.114000,415.8875610940798,104
2024-09-17 09:48:41.128000,415.885641521434,95
2024-09-17 09:48:41.158000,415.8803674792746,1004
2024-09-17 09:48:41.196000,415.8763344315857,97
2024-09-17 09:48:41.275000,415.8946327977338,998
2024-09-17 09:48:41.331000,415.8583569835818,101
2024-09-17 09:48:41.344000,415.86685878060905,999
2024-09-17 09:48:41.355000,415.8719841440837,102
2024-09-17 09:48:41.365000,415.87625129872856,1004
2024-09-17 09:48:41.404000,415.8499202887897,95
2024-09-17 09:48:41.426000,415.91886023798025,995
2024-09-17 09:48:41.526000,415.89490836458987,100
2024-09-17 09:48:41.538000,415.8797978447367,7
2024-09-17 09:48:41.607000,415.87007959180426,998
2024-09-17 09:48:41.620000,415.9161418642564,999
2024-09-17 09:48:41.622000,415.8521033964177,104
2024-09-17 09:48:41.651000,415.8623233048476,995
2024-09-17 09:48:41.676000,415.8900827837048,8
2024-09-17 09:48:41.724000,415.866421659428,104
2024-09-17 09:48:41.985000,415.8678619374071,95
2024-09-17 09:48:42.039000,415.86250726384367,11
2024-09-17 09:48:42.131000,415.8300093240416,104
2024-09-17 09:48:42.179000,415.86173113573415,8
2024-09-17 09:48:42.220000,415.8253334500516,5
2024-09-17 09:48:42.245000,415.8203478811639,100
2024-09-17 09:48:42.265000,415.8227484480556,95
2024-09-17 09:48:42.297000,415.8552671276811,7
2024-09-17 09:48:42.324000,415.8309294496065,999
2024-09-17 09:48:42.329000,415.87965321930255,103
2024-09-17 09:48:42.368000,415.8380593656487,7
2024-09-17 09:48:42.525000,415.8386150357475,5
2024-09-17 09:48:42.564000,415.84335143302377,12
2024-09-17 09:48:42.590000,415.856588996847,15
2024-09-17 09:48:42.642000,415.85781531235256,1000
2024-09-17 09:48:42.692000,415.8389487701082,13
2024-09-17 09:48:42.916000,415.8232773925213,997
2024-09-17 09:48:42.937000,415.8302787056895,14
2024-09-17 09:48:42.941000,415.85684902387607,97
2024-09-17 09:48:42.941000,415.8602101205343,95
2024-09-17 09:48:42.949000,415.8605310833906,1004
2024-09-17 09:48:42.994000,415.82332157613,996
2024-09-17 09:48:43.001000,415.83499314792056,6
2024-09-17 09:48:43.005000,415.8384396985237,103
2024-09-17 09:48:43.017000,415.84125613337136,8
2024-09-17 09:48:43.074000,415.8423478215655,99
2024-09-17 09:48:43.092000,415.822537973518,96
2024-09-17 09:48:43.119000,415.82830610045,998
2024-09-17 09:48:43.162000,415.764405392676,100
2024-09-17 09:48:43.247000,415.7911534880309,95
2024-09-17 09:48:43.314000,415.8108040668153,7
2024-09-17 09:48:43.371000,415.78948922373695,99
2024-09-17 09:48:43.406000,415.8052765434721,997
2024-09-17 09:48:43.492000,415.8100330452698,10
2024-09-17 09:48:43.610000,415.821270379462,998
2024-09-17 09:48:43.660000,415.78764994248553,100
2024-09-17 09:48:43.678000,415.8355089895339,1001
2024-09-17 09:48:43.737000,415.8251775492108,12
2024-09-17 09:48:43.760000,415.8044235312127,8
2024-09-17 09:48:43.791000,415.7936862973514,1002
2024-09-17 09:48:43.813000,415.82401521482217,99
2024-09-17 09:48:43.855000,415.85191692724834,995
2024-09-17 09:48:43.863000,415.799337559009,10
2024-09-17 09:48:43.924000,415.83085562246,10
2024-09-17 09:48:43.988000,415.76841331900886,5
2024-09-17 09:48:44.034000,415.8118084146623,5
2024-09-17 09:48:44.072000,415.83388636500496,995
2024-09-17 09:48:44.110000,415.816324986169,101
2024-09-17 09:48:44.124000,415.7902627371824,15
2024-09-17 09:48:44.167000,415.8309511832821,96
2024-09-17 09:48:44.177000,415.82620925477255,1001
2024-09-17 09:48:44.189000,415.806270743649,100
2024-09-17 09:48:44.234000,415.78368255625537,14
2024-09-17 09:48:44.268000,415.83459487855646,14
2024-09-17 09:48:44.348000,415.7994003418313,96
2024-09-17 09:48:44.367000,415.7997276139324,998
2024-09-17 09:48:44.596000,415.82845903432167,1005
2024-09-17 09:48:44.662000,415.8096781241032,1001
2024-09-17 09:48:44.675000,415.8244729787558,8
2024-09-17 09:48:44.727000,415.7941461507712,999
2024-09-17 09:48:44.839000,415.81236526489306,9
2024-09-17 09:48:44.890000,415.7947452297975,997
2024-09-17 09:48:44.936000,415.8201221273988,101
2024-09-17 09:48:44.969000,415.817328478752,104
2024-09-17 09:48:46.009000,415.8294360420323,12
2024-09-17 09:48:46.026000,415.8354525063032,999
2024-09-17 09:48:46.110000,415.820191995607,1002
2024-09-17 09:48:46.130000,415.8320723992427,1000
2024-09-17 09:48:46.188000,415.8399023498996,1000
2024-09-17 09:48:46.208000,415.8384427788481,7
2024-09-17 09:48:46.241000,415.8311212458741,15
2024-09-17 09:48:46.263000,415.8167900840046,97
2024-09-17 09:48:46.271000,415.84360098096585,996
2024-09-17 09:48:46.287000,415.8197167677391,100
2024-09-17 09:48:46.383000,415.8398482029011,11
2024-09-17 09:48:46.454000,415.8503071111505,1001
2024-09-17 09:48:46.528000,415.8400004219142,7
2024-09-17 09:48:46.596000,415.82584341702574,11
2024-09-17 09:48:46.705000,415.8503904168248,15
2024-09-17 09:48:46.729000,415.8472797979289,1001
2024-09-17 09:48:46.879000,415.8379846021968,15
2024-09-17 09:48:46.907000,415.83912182813503,102
2024-09-17 09:48:46.980000,415.8445425226568,9
2024-09-17 09:48:47.001000,415.8124593652688,97
2024-09-17 09:48:47.008000,415.86348858157913,998
2024-09-17 09:48:47.020000,415.8247957449464,102
2024-09-17 09:48:47.021000,415.8333470600985,11
2024-09-17 09:48:47.085000,415.8431376342147,1000
2024-09-17 09:48:47.167000,415.86864786459,12
2024-09-17 09:48:47.197000,415.8452008795171,12
2024-09-17 09:48:47.206000,415.845326200626,96
2024-09-17 09:48:47.233000,415.84586100154553,96
2024-09-17 09:48:47.257000,415.8491171138807,98
2024-09-17 09:48:47.267000,415.8788134996415,101
2024-09-17 09:48:47.277000,415.883630528359,14
2024-09-17 09:48:47.281000,415.8734352384755,104
2024-09-17 09:48:47.296000,415.8552472633162,1004
2024-09-17 09:48:47.346000,415.85286925606,10
2024-09-17 09:48:47.356000,415.84758828043306,14
2024-09-17 09:48:47.416000,415.82912852084576,10
2024-09-17 09:48:47.468000,415.8646621726878,15
2024-09-17 09:48:47.514000,415.8030632696149,995
2024-09-17 09:48:47.559000,415.85810762953366,15
2024-09-17 09:48:47.576000,415.8375552716058,101
2024-09-17 09:48:47.638000,415.7926721911613,998
2024-09-17 09:48:47.673000,415.8609034424597,5
2024-09-17 09:48:47.679000,415.85993195748847,1004
2024-09-17 09:48:47.680000,415.8697862399053,96
2024-09-17 09:48:47.729000,415.82635358256977,101
2024-09-17 09:48:47.757000,415.87617077314445,5
2024-09-17 09:48:47.773000,415.8671007672659,6
2024-09-17 09:48:47.816000,415.8217435978705,7
2024-09-17 09:48:48.016000,415.7773350735958,104
2024-09-17 09:48:48.105000,415.7538434503929,14
2024-09-17 09:48:48.217000,415.74732350279976,97
2024-09-17 09:48:48.314000,415.7357456306861,98
2024-09-17 09:48:48.350000,415.7706426153012,100
2024-09-17 09:48:48.544000,415.7555038975147,102
2024-09-17 09:48:48.585000,415.77732089801896,1002
2024-09-17 09:48:48.598000,415.7520906504393,105
2024-09-17 09:48:48.628000,415.7523265318565,1003
2024-09-17 09:48:48.661000,415.74771939597895,96
2024-09-17 09:48:48.766000,415.7774159121317,6
2024-09-17 09:48:48.784000,415.71268974381184,7
2024-09-17 09:48:48.860000,415.7566480492439,15
2024-09-17 09:48:48.882000,415.7572198083096,9
2024-09-17 09:48:48.950000,415.7426883138929,1000
2024-09-17 09:48:48.963000,415.7596414593513,1003
2024-09-17 09:48:48.994000,415.74501033918347,100
2024-09-17 09:48:49.235000,415.7080996920213,1003
2024-09-17 09:48:49.985000,415.73642466352857,10
2024-09-17 09:48:50.160000,415.71996252626576,5
2024-09-17 09:48:50.212000,415.7093989458161,12
2024-09-17 09:48:50.326000,415.7354340641068,1000
2024-09-17 09:48:50.382000,415.7520083309725,15
2024-09-17 09:48:50.454000,415.72442644141887,12
2024-09-17 09:48:50.591000,415.7726943457114,101
2024-09-17 09:48:50.731000,415.7137935255514,102
2024-09-17 09:48:50.747000,415.7337324874455,100
2024-09-17 09:48:50.766000,415.7310490639587,102
2024-09-17 09:48:50.864000,415.7125894159912,99
2024-09-17 09:48:50.936000,415.7251249495532,995
2024-09-17 09:48:51.047000,415.7769909239996,99
2024-09-17 09:48:51.102000,415.7510768012506,14
2024-09-17 09:48:51.136000,415.75753200553953,97
2024-09-17 09:48:51.178000,415.747954512724,99
2024-09-17 09:48:51.210000,415.7451306268389,101
2024-09-17 09:48:51.243000,415.7740258730843,998
2024-09-17 09:48:51.257000,415.74256291735605,97
2024-09-17 09:48:51.262000,415.774352170794,999
2024-09-17 09:48:51.390000,415.7530034458904,100
2024-09-17 09:48:51.511000,415.7430481120732,996
2024-09-17 09:48:51.679000,415.7426588647572,95
2024-09-17 09:48:51.695000,415.7425508706853,1003
2024-09-17 09:48:51.697000,415.7838756607192,1002
2024-09-17 09:48:51.762000,415.73834973374784,7
2024-09-17 09:48:51.794000,415.7605734704835,95
2024-09-17 09:48:51.944000,415.7268697557605,105
2024-09-17 09:48:51.976000,415.7358059759595,104
2024-09-17 09:48:52.060000,415.7306511770968,5
2024-09-17 09:48:52.071000,415.73731475876616,1003
2024-09-17 09:48:52.081000,415.73833584430105,5
2024-09-17 09:48:52.082000,415.7385012479044,101
2024-09-17 09:48:52.138000,415.754323978128,1001
2024-09-17 09:48:52.191000,415.7328558421264,10
2024-09-17 09:48:52.242000,415.74967849906847,101
2024-09-17 09:48:52.249000,415.7353466545552,105
2024-09-17 09:48:52.329000,415.7163516922999,104
2024-09-17 09:48:52.363000,415.72956687027727,8
2024-09-17 09:48:52.487000,415.72569574464,13
2024-09-17 09:48:52.496000,415.7385884089754,97
2024-09-17 09:48:52.501000,415.7338512403512,995
2024-09-17 09:48:52.524000,415.7263223770497,101
2024-09-17 09:48:52.599000,415.7291771817041,997
2024-09-17 09:48:52.687000,415.7403785255159,995
2024-09-17 09:48:52.697000,415.7518989131379,9
2024-09-17 09:48:52.708000,415.70982173792527,999
2024-09-17 09:48:52.747000,415.7473034323293,996
2024-09-17 09:48:52.752000,415.7283958681785,997
2024-09-17 09:48:52.775000,415.7294175140204,13
2024-09-17 09:48:52.872000,415.7687983244148,102
2024-09-17 09:48:52.892000,415.74627180954207,9
2024-09-17 09:48:52.978000,415.7320801593802,8
2024-09-17 09:48:53.155000,415.7224169062775,996
2024-09-17 09:48:53.184000,415.7626226522499,105
2024-09-17 09:48:53.249000,415.7377173469459,5
2024-09-17 09:48:53.256000,415.7322259141799,1005
2024-09-17 09:48:53.525000,415.7596047292644,6
2024-09-17 09:48:53.614000,415.7676060387497,1004
2024-09-17 09:48:53.691000,415.77877522985625,99
2024-09-17 09:48:53.717000,415.7515257435771,95
2024-09-17 09:48:53.821000,415.75481196923806,11
2024-09-17 09:48:53.826000,415.7569372380481,12
2024-09-17 09:48:53.948000,415.7502312887527,1004
2024-09-17 09:48:53.956000,415.7640663686313,8
2024-09-17 09:48:54.012000,415.7764725059333,12
2024-09-17 09:48:54.042000,415.66379701729227,10
2024-09-17 09:48:54.061000,415.66152001589376,7
2024-09-17 09:48:54.062000,415.72630312279455,9
2024-09-17 09:48:54.112000,415.64892996334754,105
2024-09-17 09:48:54.162000,415.6527172509465,96
2024-09-17 09:48:54.168000,415.6620925648921,14
2024-09-17 09:48:54.217000,415.6741617250877,95
2024-09-17 09:48:54.224000,415.72310383806814,6
2024-09-17 09:48:54.241000,415.6630195525202,1004
2024-09-17 09:48:54.326000,415.66802158838624,6
2024-09-17 09:48:54.388000,415.68054360644953,999
2024-09-17 09:48:54.389000,415.67264576530897,97
2024-09-17 09:48:54.466000,415.6597551461484,9
2024-09-17 09:48:54.469000,415.6668917788555,10
2024-09-17 09:48:54.534000,415.7639371364685,12
2024-09-17 09:48:54.551000,415.6922643438402,998
2024-09-17 09:48:54.585000,415.74930443578415,7
2024-09-17 09:48:54.590000,415.6609434085573,1004
2024-09-17 09:48:54.661000,415.65682508690895,99
2024-09-17 09:48:54.735000,415.6819991977361,9
2024-09-17 09:48:54.810000,415.6919052602439,15
2024-09-17 09:48:54.834000,415.6794664701568,6
2024-09-17 09:48:54.859000,415.72838363384494,96
2024-09-17 09:48:54.941000,415.741316374484,100
2024-09-17 09:48:54.967000,415.6823665351269,6
2024-09-17 09:48:54.978000,415.66624391530337,1002
2024-09-17 09:48:55.007000,415.6398223378265,1000
2024-09-17 09:48:55.099000,415.6266870317074,101
2024-09-17 09:48:55.272000,415.64831395475903,13
2024-09-17 09:48:55.295000,415.68822568796367,98
2024-09-17 09:48:55.439000,415.6325356896365,11
2024-09-17 09:48:55.512000,415.63797534523707,10
2024-09-17 09:48:55.719000,415.6613655377768,9
2024-09-17 09:48:55.917000,415.63918963761,1002
2024-09-17 09:48:55.996000,415.7039972746818,995
2024-09-17 09:48:56.119000,415.56228710187474,102
2024-09-17 09:48:56.156000,415.5883136690664,98
2024-09-17 09:48:56.269000,415.5429185711083,10
2024-09-17 09:48:56.428000,415.5487882624041,103
2024-09-17 09:48:56.442000,415.6088518370727,96
2024-09-17 09:48:56.508000,415.5489065645627,995
2024-09-17 09:48:56.560000,415.5509520793548,101
2024-09-17 09:48:56.633000,415.6082021864455,996
2024-09-17 09:48:56.722000,415.5544556960842,103
2024-09-17 09:48:56.770000,415.5404972519987,1004
2024-09-17 09:48:56.852000,415.6294144521423,96
2024-09-17 09:48:56.863000,415.5821430745386,95
2024-09-17 09:48:56.916000,415.6399963958351,15
2024-09-17 09:48:56.917000,415.5426466459001,10
2024-09-17 09:48:57.028000,415.65125105399727,6
2024-09-17 09:48:57.030000,415.6306282446297,1001
2024-09-17 09:48:57.037000,415.5871885475506,997
2024-09-17 09:48:57.056000,415.60820867446,1004
2024-09-17 09:48:57.098000,415.589565416165,996
2024-09-17 09:48:57.135000,415.59964544592185,11
2024-09-17 09:48:57.177000,415.58440712459526,997
2024-09-17 09:48:57.276000,415.6147606667536,996
2024-09-17 09:48:57.324000,415.633991319108,103
2024-09-17 09:48:57.345000,415.6394111107737,103
2024-09-17 09:48:57.411000,415.6089298080782,1004
2024-09-17 09:48:57.425000,415.627142814209,6
2024-09-17 09:48:57.468000,415.65501696736544,12
2024-09-17 09:48:57.532000,415.6479047077565,100
2024-09-17 09:48:57.739000,415.6236852241945,998
2024-09-17 09:48:57.790000,415.625224915531,105
2024-09-17 09:48:57.824000,415.6448955001214,104
2024-09-17 09:48:57.904000,415.58266370859496,1000
2024-09-17 09:48:57.975000,415.6629389617474,98
2024-09-17 09:48:58.657000,415.5753779335544,995
2024-09-17 09:48:59.029000,415.5765927768381,97
2024-09-17 09:48:59.074000,415.58936713294446,14
2024-09-17 09:48:59.196000,415.5666670855576,1002
2024-09-17 09:48:59.216000,415.5994791018428,15
2024-09-17 09:48:59.312000,415.5669360603777,96
2024-09-17 09:48:59.360000,415.6010525123357,1002
2024-09-17 09:48:59.390000,415.5682697220787,10
2024-09-17 09:48:59.405000,415.5792840894182,1003
2024-09-17 09:48:59.423000,415.565327442278,104
2024-09-17 09:48:59.549000,415.5991945676972,998
2024-09-17 09:48:59.561000,415.5608010899175,999
2024-09-17 09:48:59.562000,415.57027887799023,1002
2024-09-17 09:48:59.637000,415.5456410071688,7
2024-09-17 09:48:59.765000,415.5532992158221,95
2024-09-17 09:48:59.783000,415.5734864716555,1005
2024-09-17 09:48:59.845000,415.595783638641,998
2024-09-17 09:48:59.850000,415.5751359556581,101
2024-09-17 09:48:59.906000,415.5537368830052,101
