Timestamp,Price,Size
2024-09-20 15:05:00.064000,431.5068808154186,997
2024-09-20 15:05:00.146000,431.4535849327962,101
2024-09-20 15:05:00.241000,431.42116237407583,1004
2024-09-20 15:05:00.352000,431.44587549521407,103
2024-09-20 15:05:00.360000,431.4751719879708,100
2024-09-20 15:05:00.387000,431.4609067232521,15
2024-09-20 15:05:00.436000,431.45941848352777,103
2024-09-20 15:05:00.464000,431.52447897157913,7
2024-09-20 15:05:00.586000,431.4766817323728,102
2024-09-20 15:05:00.609000,431.49475970430177,99
2024-09-20 15:05:00.631000,431.47434452127857,1001
2024-09-20 15:05:00.664000,431.4376697388561,1004
2024-09-20 15:05:00.715000,431.4495980817409,1001
2024-09-20 15:05:00.995000,431.4324146322866,103
2024-09-20 15:05:01.127000,423.5604884886993,95
2024-09-20 15:05:01.764000,431.43327617529775,1005
2024-09-20 15:05:02.073000,431.4304486428594,13
2024-09-20 15:05:02.078000,431.4228374603927,100
2024-09-20 15:05:02.079000,431.4422450431903,97
2024-09-20 15:05:02.100000,431.35282221818375,98
2024-09-20 15:05:02.329000,431.46004418609385,102
2024-09-20 15:05:02.353000,431.39006885780026,99
2024-09-20 15:05:02.371000,431.45929235945954,100
2024-09-20 15:05:02.376000,431.4807760123077,1002
2024-09-20 15:05:02.501000,431.4586750146877,998
2024-09-20 15:05:02.540000,431.4739368562463,9
2024-09-20 15:05:02.593000,431.4147434945935,98
2024-09-20 15:05:02.615000,431.343577672413,103
2024-09-20 15:05:02.648000,431.3855987309028,100
2024-09-20 15:05:02.706000,431.46727338780346,103
2024-09-20 15:05:02.726000,431.4618050151665,5
2024-09-20 15:05:02.833000,431.4442394186656,10
2024-09-20 15:05:02.866000,431.43384672473775,95
2024-09-20 15:05:02.924000,423.6132667908203,1003
2024-09-20 15:05:02.927000,431.4487531896653,997
2024-09-20 15:05:02.995000,431.4727702090384,6
2024-09-20 15:05:02.998000,431.36779610397184,104
2024-09-20 15:05:03.035000,431.3221272209952,1001
2024-09-20 15:05:03.380000,431.30371241526353,997
2024-09-20 15:05:03.538000,431.299261867291,95
2024-09-20 15:05:03.609000,431.3147904299752,95
2024-09-20 15:05:03.635000,431.33396976805216,10
2024-09-20 15:05:03.635000,431.34765618272434,97
2024-09-20 15:05:03.644000,431.3471538116186,96
2024-09-20 15:05:03.780000,431.330625322792,12
2024-09-20 15:05:03.902000,431.3221497018395,99
2024-09-20 15:05:03.910000,431.3134601804343,104
2024-09-20 15:05:04.026000,431.36554342010345,14
2024-09-20 15:05:04.134000,431.3622958425752,7
2024-09-20 15:05:04.145000,431.3212846149488,999
2024-09-20 15:05:04.320000,431.3320921349729,105
2024-09-20 15:05:04.594000,431.3610039517145,1004
2024-09-20 15:05:04.720000,431.3230463482727,95
2024-09-20 15:05:04.822000,431.3441934914486,1001
2024-09-20 15:05:04.853000,431.3538750934704,7
2024-09-20 15:05:05.004000,431.2980106755296,11
2024-09-20 15:05:05.023000,431.30032840543583,102
2024-09-20 15:05:05.173000,431.310013744632,995
2024-09-20 15:05:05.180000,431.2800957647746,12
2024-09-20 15:05:05.180000,431.3418143095576,5
2024-09-20 15:05:05.234000,431.2851880361876,100
2024-09-20 15:05:05.332000,431.34448834485016,95
2024-09-20 15:05:05.434000,431.36122411694873,102
2024-09-20 15:05:05.441000,431.3022093872162,998
2024-09-20 15:05:05.506000,431.3009493055159,1000
2024-09-20 15:05:05.508000,431.3557340165844,10
2024-09-20 15:05:05.524000,431.3019538926002,1004
2024-09-20 15:05:05.548000,431.3012600909515,1005
2024-09-20 15:05:05.553000,431.2877146152066,95
2024-09-20 15:05:05.559000,431.3394974079296,95
2024-09-20 15:05:05.575000,431.28775822463217,14
2024-09-20 15:05:05.624000,431.29040360441854,12
2024-09-20 15:05:05.649000,431.3011773029959,1002
2024-09-20 15:05:05.660000,431.2804270374712,11
2024-09-20 15:05:05.711000,431.3004548532074,10
2024-09-20 15:05:05.721000,431.312806315268,98
2024-09-20 15:05:05.775000,431.3078387890538,15
2024-09-20 15:05:05.824000,431.2936437336337,9
2024-09-20 15:05:05.872000,431.2927571532157,102
2024-09-20 15:05:05.883000,431.2669247538889,9
2024-09-20 15:05:05.962000,431.2691553821277,97
2024-09-20 15:05:06.001000,431.373304167522,11
2024-09-20 15:05:06.005000,431.31235235004334,95
2024-09-20 15:05:06.007000,431.30858485683154,14
2024-09-20 15:05:06.007000,431.3416027159213,1001
2024-09-20 15:05:06.039000,431.3619676656372,13
2024-09-20 15:05:06.086000,431.3578503087518,15
2024-09-20 15:05:06.089000,431.3469315262735,1005
2024-09-20 15:05:06.105000,431.3246162263093,105
2024-09-20 15:05:06.121000,431.37428097829246,96
2024-09-20 15:05:06.143000,431.3342364358803,8
2024-09-20 15:05:06.166000,431.349447762374,5
2024-09-20 15:05:06.269000,431.37076085885786,996
2024-09-20 15:05:06.318000,431.347491243682,10
2024-09-20 15:05:06.644000,431.3256907707302,1005
2024-09-20 15:05:06.669000,431.3666637726837,5
2024-09-20 15:05:06.704000,431.3517877431578,10
2024-09-20 15:05:06.731000,431.3755952869,1005
2024-09-20 15:05:06.735000,431.29992169908695,103
2024-09-20 15:05:06.793000,431.33874741937495,13
2024-09-20 15:05:06.864000,431.33275735427134,999
2024-09-20 15:05:06.883000,431.3394789358792,10
2024-09-20 15:05:06.903000,431.34239915090296,10
2024-09-20 15:05:06.981000,431.363579829246,998
2024-09-20 15:05:07.007000,431.35164906304135,998
2024-09-20 15:05:07.053000,431.3518527883431,995
2024-09-20 15:05:07.091000,431.3365567995083,95
2024-09-20 15:05:07.139000,431.2999744409989,11
2024-09-20 15:05:07.228000,431.3596682975113,95
2024-09-20 15:05:07.268000,431.3502632130995,1001
2024-09-20 15:05:07.279000,431.34042335041806,97
2024-09-20 15:05:07.285000,431.336360918881,15
2024-09-20 15:05:07.365000,431.3060500946487,997
2024-09-20 15:05:07.377000,431.3616507901397,14
2024-09-20 15:05:07.439000,431.36327530491417,1004
2024-09-20 15:05:07.463000,431.3405310546986,13
2024-09-20 15:05:07.520000,431.34756036547975,1003
2024-09-20 15:05:07.596000,431.3388439856776,100
2024-09-20 15:05:07.662000,431.3111943975176,998
2024-09-20 15:05:07.668000,431.3143524316544,100
2024-09-20 15:05:07.699000,431.3372512957537,10
2024-09-20 15:05:07.737000,431.3450547330886,1003
2024-09-20 15:05:07.915000,431.3498137136176,6
2024-09-20 15:05:07.920000,431.3150284344695,5
2024-09-20 15:05:07.946000,431.3437332172505,1002
2024-09-20 15:05:07.974000,431.32781102275015,98
2024-09-20 15:05:07.976000,431.319092086575,997
2024-09-20 15:05:08.265000,431.3768170610318,13
2024-09-20 15:05:08.293000,423.958015782077,996
2024-09-20 15:05:08.298000,431.3756124531537,95
2024-09-20 15:05:08.426000,431.39258644213055,101
2024-09-20 15:05:08.537000,431.3834351778577,99
2024-09-20 15:05:09.166000,431.3666547138984,7
2024-09-20 15:05:09.287000,431.38019031293805,11
2024-09-20 15:05:10.012000,431.3366795104024,99
2024-09-20 15:05:10.182000,431.3777703485776,998
2024-09-20 15:05:10.235000,431.3559495633315,11
2024-09-20 15:05:10.239000,431.39149094793424,999
2024-09-20 15:05:10.295000,431.3484318326476,997
2024-09-20 15:05:10.395000,431.38263948413055,15
2024-09-20 15:05:10.433000,431.3674674509112,105
2024-09-20 15:05:10.434000,431.3616757523833,999
2024-09-20 15:05:10.514000,431.3790434689912,998
2024-09-20 15:05:10.524000,431.3441988100113,1003
2024-09-20 15:05:10.582000,431.3206658387047,1003
2024-09-20 15:05:10.653000,431.3818818868484,6
2024-09-20 15:05:10.713000,431.36922798782217,98
2024-09-20 15:05:10.726000,431.3842805414752,102
2024-09-20 15:05:10.727000,431.4193488754984,6
2024-09-20 15:05:10.789000,431.3594626515824,998
2024-09-20 15:05:10.829000,431.380933181105,10
2024-09-20 15:05:10.924000,431.3633985167392,5
2024-09-20 15:05:10.939000,431.3631736534893,97
2024-09-20 15:05:10.961000,431.392633718818,102
2024-09-20 15:05:10.980000,431.433853757979,97
2024-09-20 15:05:11.163000,431.40417729650153,1004
2024-09-20 15:05:11.174000,431.4002703605595,12
2024-09-20 15:05:11.233000,431.3995802129685,1004
2024-09-20 15:05:11.534000,431.4080699037676,105
2024-09-20 15:05:11.545000,431.3973943626203,96
2024-09-20 15:05:11.709000,423.9622165510851,6
2024-09-20 15:05:11.774000,431.3937139926841,997
2024-09-20 15:05:11.917000,431.3880962112758,103
2024-09-20 15:05:12.585000,431.39085583299845,97
2024-09-20 15:05:12.663000,431.4055460075407,1003
2024-09-20 15:05:12.891000,431.43765178240034,14
2024-09-20 15:05:12.953000,431.4102778014238,9
2024-09-20 15:05:13.243000,431.4242114132035,105
2024-09-20 15:05:13.294000,431.4248879413937,1005
2024-09-20 15:05:13.347000,431.418754974024,7
2024-09-20 15:05:13.405000,431.4387623707981,1000
2024-09-20 15:05:13.448000,431.4277694639943,100
2024-09-20 15:05:13.797000,431.43734536176856,103
2024-09-20 15:05:14.149000,431.423859148766,999
2024-09-20 15:05:14.167000,431.4369425609428,98
2024-09-20 15:05:14.207000,431.41554499252055,105
2024-09-20 15:05:14.284000,431.4474088503039,5
2024-09-20 15:05:14.301000,431.4117383880017,9
2024-09-20 15:05:14.435000,431.4404842775293,7
2024-09-20 15:05:14.506000,431.43050316248303,15
2024-09-20 15:05:14.509000,431.4280480298442,995
2024-09-20 15:05:14.620000,431.4259239930449,102
2024-09-20 15:05:14.785000,431.41434247844745,103
2024-09-20 15:05:14.790000,431.4092084839509,96
2024-09-20 15:05:15.031000,431.5072181415779,105
2024-09-20 15:05:15.099000,431.4829391690787,101
2024-09-20 15:05:15.115000,431.4703395461103,104
2024-09-20 15:05:15.119000,431.4871496681249,7
2024-09-20 15:05:15.168000,431.5296744866512,102
2024-09-20 15:05:15.225000,431.4846896705132,996
2024-09-20 15:05:15.241000,431.48037296912776,1001
2024-09-20 15:05:15.241000,431.4575558843532,97
2024-09-20 15:05:15.303000,431.4850618671151,12
2024-09-20 15:05:15.328000,431.4295902191516,8
2024-09-20 15:05:15.351000,431.4846126341496,1002
2024-09-20 15:05:15.354000,431.4732741275126,995
2024-09-20 15:05:15.369000,431.5206774527642,10
2024-09-20 15:05:15.399000,431.4715918847957,10
2024-09-20 15:05:15.504000,431.4581946284009,10
2024-09-20 15:05:15.508000,431.49804733638143,5
2024-09-20 15:05:15.529000,431.4501850634815,104
2024-09-20 15:05:15.565000,431.4294144920141,13
2024-09-20 15:05:15.687000,431.5191616450569,95
2024-09-20 15:05:15.694000,431.4340578816193,103
2024-09-20 15:05:15.710000,431.46807846997774,999
2024-09-20 15:05:15.744000,431.4723098623131,12
2024-09-20 15:05:15.750000,431.46729028454246,15
2024-09-20 15:05:15.832000,431.4647068098933,101
2024-09-20 15:05:15.832000,431.4752181213539,999
2024-09-20 15:05:15.851000,431.4555599513946,97
2024-09-20 15:05:15.867000,431.455649831467,101
2024-09-20 15:05:15.876000,431.4396033495882,12
2024-09-20 15:05:15.916000,431.4655038850688,995
2024-09-20 15:05:16.019000,431.40368375407786,99
2024-09-20 15:05:16.022000,431.3946271436094,1003
2024-09-20 15:05:16.025000,431.41592108223625,998
2024-09-20 15:05:16.037000,431.4631649904239,8
2024-09-20 15:05:16.092000,431.4456831581598,100
2024-09-20 15:05:16.125000,431.45116595639183,1001
2024-09-20 15:05:16.129000,431.464843295036,7
2024-09-20 15:05:16.296000,431.3672521800621,99
2024-09-20 15:05:16.335000,431.40081644914034,105
2024-09-20 15:05:16.423000,431.43384507170566,1001
2024-09-20 15:05:16.491000,431.4156351730051,1000
2024-09-20 15:05:16.542000,431.3991342314519,102
2024-09-20 15:05:16.588000,431.4063807167856,998
2024-09-20 15:05:16.613000,431.4613993167183,5
2024-09-20 15:05:16.636000,431.4050395533857,13
2024-09-20 15:05:16.691000,431.3817209325601,1003
2024-09-20 15:05:16.734000,431.4575294431064,1000
2024-09-20 15:05:16.734000,431.45713935399374,12
2024-09-20 15:05:16.788000,431.45897473792405,1005
2024-09-20 15:05:16.802000,431.4739580482405,1002
2024-09-20 15:05:16.812000,431.4108782504039,103
2024-09-20 15:05:16.824000,431.404009755922,1004
2024-09-20 15:05:16.897000,431.4335379171963,11
2024-09-20 15:05:16.933000,431.3963350077383,8
2024-09-20 15:05:16.996000,431.4013191315117,103
2024-09-20 15:05:17.027000,431.2986649348385,103
2024-09-20 15:05:17.031000,431.3140152350581,97
2024-09-20 15:05:17.040000,431.3006462922896,11
2024-09-20 15:05:17.090000,431.36070768340994,11
2024-09-20 15:05:17.102000,431.2747050095845,1004
2024-09-20 15:05:17.139000,431.286509878004,999
2024-09-20 15:05:17.144000,431.2689975004031,103
2024-09-20 15:05:17.161000,431.375593654007,97
2024-09-20 15:05:17.174000,431.28866536628993,105
2024-09-20 15:05:17.223000,431.31358208878527,1001
2024-09-20 15:05:17.226000,431.3110800967984,12
2024-09-20 15:05:17.259000,431.2911409917459,10
2024-09-20 15:05:17.295000,431.27085909975,13
2024-09-20 15:05:17.299000,431.2594926937313,15
2024-09-20 15:05:17.319000,431.27471310588544,104
2024-09-20 15:05:17.473000,431.38184342215226,1000
2024-09-20 15:05:17.494000,431.2713151497919,996
2024-09-20 15:05:17.605000,431.28859506440114,11
2024-09-20 15:05:17.659000,431.29367635645485,105
2024-09-20 15:05:17.701000,431.2844916693284,13
2024-09-20 15:05:17.772000,431.2935297679327,101
2024-09-20 15:05:17.818000,431.2728277257068,102
2024-09-20 15:05:17.865000,431.2830637971648,7
2024-09-20 15:05:17.872000,431.2704024812032,1003
2024-09-20 15:05:17.915000,431.2874002350134,12
2024-09-20 15:05:17.949000,431.3760672550965,98
2024-09-20 15:05:17.958000,431.3340216946672,98
2024-09-20 15:05:17.975000,431.3107024951846,1001
2024-09-20 15:05:18.007000,431.4085939566552,5
2024-09-20 15:05:18.025000,431.3136826706081,999
2024-09-20 15:05:18.106000,431.42834764531466,999
2024-09-20 15:05:18.176000,431.3772771091943,99
2024-09-20 15:05:18.399000,431.3321934841903,13
2024-09-20 15:05:18.428000,431.37402389143216,98
2024-09-20 15:05:18.561000,423.9012121314924,96
2024-09-20 15:05:18.579000,431.38427100088114,101
2024-09-20 15:05:18.613000,431.3830215824964,96
2024-09-20 15:05:18.627000,431.3147935623061,995
2024-09-20 15:05:18.655000,431.4471198422265,7
2024-09-20 15:05:18.679000,431.375715943228,9
2024-09-20 15:05:18.699000,431.3799812139591,1002
2024-09-20 15:05:18.709000,431.3713519451355,998
2024-09-20 15:05:18.719000,431.3455129997159,1002
2024-09-20 15:05:18.743000,431.3576738104095,8
2024-09-20 15:05:18.765000,431.4151899245065,11
2024-09-20 15:05:18.794000,431.37979386261526,12
2024-09-20 15:05:18.871000,431.335832065541,6
2024-09-20 15:05:18.961000,431.3738674145442,6
2024-09-20 15:05:18.964000,431.32654555885233,1004
2024-09-20 15:05:18.966000,431.2952684827613,997
2024-09-20 15:05:18.971000,431.3751578261091,998
2024-09-20 15:05:19.026000,431.4689471273445,12
2024-09-20 15:05:19.043000,431.4406795765065,1000
2024-09-20 15:05:19.082000,431.4291996333317,101
2024-09-20 15:05:19.087000,431.4854252955684,1001
2024-09-20 15:05:19.151000,431.5314603102319,996
2024-09-20 15:05:19.214000,431.4648875393965,15
2024-09-20 15:05:19.242000,431.43193857000233,999
2024-09-20 15:05:19.259000,431.46350158590514,96
2024-09-20 15:05:19.310000,431.4609692488644,10
2024-09-20 15:05:19.329000,431.5152214206087,15
2024-09-20 15:05:19.360000,431.5263566954288,14
2024-09-20 15:05:19.390000,431.4886597766891,105
2024-09-20 15:05:19.413000,431.4733220928255,99
2024-09-20 15:05:19.492000,431.5209705781183,99
2024-09-20 15:05:19.494000,431.4967259518509,995
2024-09-20 15:05:19.498000,431.4752351282558,1004
2024-09-20 15:05:19.538000,431.4470494992513,105
2024-09-20 15:05:19.571000,431.4513406570428,99
2024-09-20 15:05:19.603000,431.4378107363247,99
2024-09-20 15:05:19.625000,431.4979432106498,99
2024-09-20 15:05:19.680000,431.4818216831595,997
2024-09-20 15:05:19.708000,431.4690249504259,9
2024-09-20 15:05:19.737000,431.512548962534,100
2024-09-20 15:05:19.768000,431.5109210173261,101
2024-09-20 15:05:19.819000,431.5003596706202,6
2024-09-20 15:05:19.861000,431.48793560787465,96
2024-09-20 15:05:19.875000,431.51344064037545,15
2024-09-20 15:05:19.921000,431.5158425311415,100
2024-09-20 15:05:19.970000,431.4820568780388,8
2024-09-20 15:05:20.184000,431.516181216122,10
2024-09-20 15:05:20.225000,431.4766959397117,99
2024-09-20 15:05:20.286000,431.5225881365117,9
2024-09-20 15:05:20.362000,431.49722295708,101
2024-09-20 15:05:20.537000,431.48774516986174,1001
2024-09-20 15:05:20.742000,431.5152085366348,14
2024-09-20 15:05:21.003000,431.5316366049826,13
2024-09-20 15:05:21.036000,431.5239376781272,10
2024-09-20 15:05:21.089000,431.5090849002917,8
2024-09-20 15:05:21.140000,431.5469571827645,998
2024-09-20 15:05:21.147000,431.5388844012188,998
2024-09-20 15:05:21.185000,431.5274989588352,98
2024-09-20 15:05:21.379000,431.500378337086,1000
2024-09-20 15:05:21.696000,431.5255614688214,95
2024-09-20 15:05:22.097000,431.4913075224541,1002
2024-09-20 15:05:22.117000,431.4921954099816,999
2024-09-20 15:05:22.266000,431.5108516037904,995
2024-09-20 15:05:22.271000,431.4940149749045,1001
2024-09-20 15:05:22.638000,431.49347799577066,1000
2024-09-20 15:05:22.653000,431.4871318640765,13
2024-09-20 15:05:22.870000,431.5171093052117,96
2024-09-20 15:05:22.995000,431.5028972588591,11
2024-09-20 15:05:24.027000,431.4940264030057,13
2024-09-20 15:05:24.131000,431.4825994977347,6
2024-09-20 15:05:24.791000,424.16287037816846,13
2024-09-20 15:05:25.051000,431.50085585911023,95
2024-09-20 15:05:25.306000,431.48440201383625,9
2024-09-20 15:05:25.496000,431.5067276856177,15
2024-09-20 15:05:25.591000,431.501130941246,999
2024-09-20 15:05:26.127000,431.5278645622908,1002
2024-09-20 15:05:26.175000,431.5070026238516,105
2024-09-20 15:05:26.280000,431.4849246672875,103
2024-09-20 15:05:26.360000,431.52244385083696,103
2024-09-20 15:05:26.475000,431.5236385103148,97
2024-09-20 15:05:26.507000,431.5075176477828,995
2024-09-20 15:05:26.713000,431.5281360209546,997
2024-09-20 15:05:26.877000,431.5070498973653,996
2024-09-20 15:05:26.899000,431.53563384185287,13
2024-09-20 15:05:27.352000,431.49162374894007,14
2024-09-20 15:05:27.372000,431.5029204835207,11
2024-09-20 15:05:27.985000,431.48688613856456,7
2024-09-20 15:05:28.248000,431.4895987609859,100
2024-09-20 15:05:28.290000,431.4986091937712,995
2024-09-20 15:05:28.313000,431.5399858756738,995
2024-09-20 15:05:28.357000,431.5147249705112,8
2024-09-20 15:05:28.405000,431.4734427041335,95
2024-09-20 15:05:28.427000,431.5322410358492,12
2024-09-20 15:05:28.498000,431.49194885910816,12
2024-09-20 15:05:28.529000,431.4977328678309,999
2024-09-20 15:05:28.548000,431.52594316977496,7
2024-09-20 15:05:28.791000,431.5105950874104,11
2024-09-20 15:05:31.005000,431.4627091064878,1001
2024-09-20 15:05:31.101000,424.122367390992,95
2024-09-20 15:05:31.122000,431.5044666052647,99
2024-09-20 15:05:31.257000,431.451382422418,997
2024-09-20 15:05:31.499000,431.4518512091207,997
2024-09-20 15:05:31.512000,431.44393476285336,1003
2024-09-20 15:05:31.602000,431.4653376908324,14
2024-09-20 15:05:31.633000,431.4579979678662,6
2024-09-20 15:05:31.789000,431.4561814297067,1005
2024-09-20 15:05:31.830000,431.4891213029833,12
2024-09-20 15:05:31.845000,431.4956448554781,100
2024-09-20 15:05:31.887000,431.4554135970727,101
2024-09-20 15:05:31.973000,431.5091570196712,104
2024-09-20 15:05:32.028000,431.4991738868685,98
2024-09-20 15:05:32.070000,431.4827074046649,102
2024-09-20 15:05:32.078000,431.5111297271421,11
2024-09-20 15:05:32.090000,431.5020978555471,996
2024-09-20 15:05:32.211000,431.5444327336404,13
2024-09-20 15:05:32.238000,431.4921310681098,1004
2024-09-20 15:05:32.273000,431.4999623214706,13
2024-09-20 15:05:32.427000,431.5014790869686,13
2024-09-20 15:05:32.430000,431.5154582906234,996
2024-09-20 15:05:32.512000,431.5238274730007,998
2024-09-20 15:05:32.580000,431.4993453300529,999
2024-09-20 15:05:32.706000,431.5316222173657,105
2024-09-20 15:05:32.750000,431.52384575261925,996
2024-09-20 15:05:32.777000,431.5350331510792,1002
2024-09-20 15:05:32.813000,431.502039157416,1005
2024-09-20 15:05:32.833000,431.5464397390887,1004
2024-09-20 15:05:32.838000,431.5123852691818,7
2024-09-20 15:05:32.939000,431.4867590580282,97
2024-09-20 15:05:32.944000,431.5308351388637,1005
2024-09-20 15:05:33.050000,431.4935788992705,8
2024-09-20 15:05:33.346000,424.1914079882304,999
2024-09-20 15:05:33.456000,431.4975411264919,7
2024-09-20 15:05:33.747000,431.4780349005693,98
2024-09-20 15:05:33.934000,431.4958519980342,1004
2024-09-20 15:05:34.294000,431.5167680130536,9
2024-09-20 15:05:34.328000,431.4942659603656,5
2024-09-20 15:05:34.375000,431.46739436948747,9
2024-09-20 15:05:34.408000,431.4692145493011,1003
2024-09-20 15:05:34.473000,431.52793321482574,97
2024-09-20 15:05:34.624000,431.4825974833295,996
2024-09-20 15:05:34.627000,431.4787431481319,101
2024-09-20 15:05:34.629000,431.4803888092692,7
2024-09-20 15:05:34.674000,431.4616642170221,1005
2024-09-20 15:05:34.684000,431.50805295757175,999
2024-09-20 15:05:34.772000,431.4679809416851,996
2024-09-20 15:05:34.790000,431.50286085256135,95
2024-09-20 15:05:34.832000,431.4941719205064,1004
2024-09-20 15:05:34.845000,431.4714523781966,97
2024-09-20 15:05:34.854000,431.49849547755264,13
2024-09-20 15:05:34.858000,431.4908041645942,996
2024-09-20 15:05:34.932000,431.49857930905256,10
2024-09-20 15:05:34.939000,431.4770167492336,98
2024-09-20 15:05:34.983000,431.4808389891918,1003
2024-09-20 15:05:35.366000,431.5306060542996,101
2024-09-20 15:05:36.003000,431.52058900354257,95
2024-09-20 15:05:36.128000,431.5278796112959,100
2024-09-20 15:05:36.141000,431.515575737617,8
2024-09-20 15:05:36.306000,431.4986075632464,13
2024-09-20 15:05:36.334000,431.5228041998713,97
2024-09-20 15:05:36.477000,431.541796672539,998
2024-09-20 15:05:36.651000,431.5332964659277,1000
2024-09-20 15:05:36.662000,431.5238481420764,997
2024-09-20 15:05:36.668000,431.52981923326826,12
2024-09-20 15:05:36.692000,431.5175263304387,998
2024-09-20 15:05:36.772000,431.5073651217575,1004
2024-09-20 15:05:36.787000,431.5105408159773,998
2024-09-20 15:05:36.842000,431.4965963221403,102
2024-09-20 15:05:36.922000,431.5169579075242,14
2024-09-20 15:05:36.928000,431.5211639777246,105
2024-09-20 15:05:36.950000,431.49694743526,102
2024-09-20 15:05:36.975000,431.5252572710836,104
2024-09-20 15:05:36.981000,431.52914820340993,104
2024-09-20 15:05:36.982000,431.5150320979315,102
2024-09-20 15:05:37.001000,431.5669391835695,99
2024-09-20 15:05:37.065000,431.5420264298489,95
2024-09-20 15:05:37.081000,431.53408142327294,102
2024-09-20 15:05:37.099000,431.5823630196771,6
2024-09-20 15:05:37.115000,431.5803208522884,1003
2024-09-20 15:05:37.121000,431.5764466009865,999
2024-09-20 15:05:37.138000,431.5591607412549,1000
2024-09-20 15:05:37.143000,431.5565187179073,95
2024-09-20 15:05:37.174000,431.5547303449982,105
2024-09-20 15:05:37.230000,431.5815820979102,9
2024-09-20 15:05:37.240000,431.54014796403374,7
2024-09-20 15:05:37.288000,431.5302274620651,14
2024-09-20 15:05:37.315000,431.5676724062704,11
2024-09-20 15:05:37.363000,431.5853751400254,8
2024-09-20 15:05:37.378000,431.56324709290266,995
2024-09-20 15:05:37.451000,431.557720455557,98
2024-09-20 15:05:37.457000,431.5531203977034,98
2024-09-20 15:05:37.522000,431.5425330281402,6
2024-09-20 15:05:37.583000,431.5415202626144,7
2024-09-20 15:05:37.620000,431.5931188719428,995
2024-09-20 15:05:37.686000,431.5719188943118,1000
2024-09-20 15:05:37.744000,431.5676598439737,10
2024-09-20 15:05:37.783000,431.5783104541929,9
2024-09-20 15:05:37.798000,431.5667207115869,99
2024-09-20 15:05:38.125000,431.60489707880566,9
2024-09-20 15:05:38.265000,431.605111826681,99
2024-09-20 15:05:38.334000,431.6268838956617,998
2024-09-20 15:05:38.416000,431.6184312135446,1002
2024-09-20 15:05:38.547000,431.6331655077521,1001
2024-09-20 15:05:38.558000,431.6133194476896,996
2024-09-20 15:05:38.661000,431.6134228896763,103
2024-09-20 15:05:38.703000,431.6092199508324,97
2024-09-20 15:05:38.703000,431.612736009813,1005
2024-09-20 15:05:38.719000,431.6339554553805,95
2024-09-20 15:05:38.787000,431.6022315173841,9
2024-09-20 15:05:38.790000,431.61801610429615,105
2024-09-20 15:05:38.804000,431.64400025611496,99
2024-09-20 15:05:38.811000,431.6465920607764,102
2024-09-20 15:05:38.853000,431.6153639139744,95
2024-09-20 15:05:38.929000,431.6237305029745,104
2024-09-20 15:05:38.956000,431.61052487933256,14
2024-09-20 15:05:39.024000,431.5947020571624,1003
2024-09-20 15:05:39.192000,431.60291852884313,995
2024-09-20 15:05:39.415000,431.58965464517536,99
2024-09-20 15:05:39.722000,431.5937680594603,11
2024-09-20 15:05:39.831000,431.5917249498315,1003
2024-09-20 15:05:39.853000,431.6027639221943,100
2024-09-20 15:05:40.037000,431.5357506201317,11
2024-09-20 15:05:40.043000,431.5248985316588,95
2024-09-20 15:05:40.049000,431.55124264714937,997
2024-09-20 15:05:40.054000,431.58871095756285,997
2024-09-20 15:05:40.147000,431.542950503382,1005
2024-09-20 15:05:40.217000,424.286558973829,10
2024-09-20 15:05:40.240000,431.5303410769099,98
2024-09-20 15:05:40.288000,431.5228156459057,998
2024-09-20 15:05:40.332000,431.5038443368038,13
2024-09-20 15:05:40.466000,431.5212925570396,13
2024-09-20 15:05:40.608000,431.55179466257965,998
2024-09-20 15:05:40.668000,431.52716286563503,998
2024-09-20 15:05:40.788000,431.5458471031181,96
2024-09-20 15:05:40.826000,424.2709989396694,1004
2024-09-20 15:05:40.906000,431.56269317328224,105
2024-09-20 15:05:40.952000,431.554965635484,1000
2024-09-20 15:05:41.028000,431.54297122824784,8
2024-09-20 15:05:41.333000,431.5509709796376,105
2024-09-20 15:05:41.424000,431.5332992609847,1004
2024-09-20 15:05:42.041000,431.54296150137145,996
2024-09-20 15:05:42.075000,431.5165983195985,999
2024-09-20 15:05:42.092000,431.5108565298744,95
2024-09-20 15:05:42.108000,431.5534314710511,6
2024-09-20 15:05:42.140000,431.5298121910808,999
2024-09-20 15:05:42.365000,431.5365543493408,1005
2024-09-20 15:05:42.383000,431.5495813176106,102
2024-09-20 15:05:42.390000,431.5536873116641,14
2024-09-20 15:05:42.433000,431.5426413799825,99
2024-09-20 15:05:42.528000,431.5437497508019,10
2024-09-20 15:05:42.545000,431.5389719825264,105
2024-09-20 15:05:42.569000,431.5158968715805,8
2024-09-20 15:05:42.689000,431.5586397567656,104
2024-09-20 15:05:42.770000,431.5296940302383,14
2024-09-20 15:05:42.897000,431.5121410536502,1003
2024-09-20 15:05:42.918000,431.53645922465023,104
2024-09-20 15:05:42.928000,431.5590421125545,995
2024-09-20 15:05:42.947000,424.2779886766251,11
2024-09-20 15:05:43.020000,424.33779239323655,102
2024-09-20 15:05:43.032000,431.5424206438468,6
2024-09-20 15:05:43.162000,431.5635739957041,15
2024-09-20 15:05:43.275000,431.5695701453534,1001
2024-09-20 15:05:43.410000,431.557553292383,14
2024-09-20 15:05:43.419000,431.5675346980665,1000
2024-09-20 15:05:43.606000,431.5245215821785,13
2024-09-20 15:05:43.714000,431.5495339370905,999
2024-09-20 15:05:43.811000,431.5347259195312,97
2024-09-20 15:05:43.834000,431.5469251386981,102
2024-09-20 15:05:43.863000,431.5384413751504,96
2024-09-20 15:05:44.011000,431.572608243581,96
2024-09-20 15:05:44.064000,431.58144219831496,96
2024-09-20 15:05:44.081000,431.56492812344135,95
2024-09-20 15:05:44.093000,431.57631750395257,15
2024-09-20 15:05:44.104000,431.5381084635811,13
2024-09-20 15:05:44.117000,431.56333584001663,15
2024-09-20 15:05:44.200000,431.5498277736389,105
2024-09-20 15:05:44.202000,431.5576548471363,99
2024-09-20 15:05:44.204000,431.5505763366552,105
2024-09-20 15:05:44.316000,431.5574297714072,1001
2024-09-20 15:05:44.336000,431.5633172123013,105
2024-09-20 15:05:44.416000,431.57316916959866,1001
2024-09-20 15:05:44.559000,431.587037149327,99
2024-09-20 15:05:44.573000,431.5753099126077,1004
2024-09-20 15:05:44.574000,431.5560542790493,96
2024-09-20 15:05:44.599000,431.60198461995634,1002
2024-09-20 15:05:44.604000,431.5903595886036,105
2024-09-20 15:05:44.604000,431.61470019428543,99
2024-09-20 15:05:44.694000,431.58586415308406,96
2024-09-20 15:05:44.708000,431.53899512932907,14
2024-09-20 15:05:44.748000,431.5438700163784,997
2024-09-20 15:05:44.758000,431.5547543015238,998
2024-09-20 15:05:44.947000,431.5797737335582,995
2024-09-20 15:05:45.027000,431.5716159897856,996
2024-09-20 15:05:45.170000,431.622052680432,1002
2024-09-20 15:05:45.187000,431.5593858725714,996
2024-09-20 15:05:45.229000,431.565156534889,98
2024-09-20 15:05:45.437000,431.5729668626427,13
2024-09-20 15:05:45.443000,431.5326725968268,1005
2024-09-20 15:05:45.540000,431.58023389974767,5
2024-09-20 15:05:45.638000,431.5644399915815,12
2024-09-20 15:05:45.754000,431.59286265672654,104
2024-09-20 15:05:45.811000,431.5775674290954,997
2024-09-20 15:05:45.886000,431.5727381060837,12
2024-09-20 15:05:45.887000,431.5637579380401,105
2024-09-20 15:05:45.903000,431.5659822160192,12
2024-09-20 15:05:46.039000,431.5652800222349,5
2024-09-20 15:05:46.050000,431.5157339234992,12
2024-09-20 15:05:46.067000,431.5605388214522,95
2024-09-20 15:05:46.109000,431.555341084462,6
2024-09-20 15:05:46.114000,431.546280788742,996
2024-09-20 15:05:46.128000,431.52610038096543,99
2024-09-20 15:05:46.133000,431.5496201421733,12
2024-09-20 15:05:46.142000,431.5481072495552,98
2024-09-20 15:05:46.193000,431.5421983346135,104
2024-09-20 15:05:46.210000,431.5220383402767,104
2024-09-20 15:05:46.291000,431.54180006946166,95
2024-09-20 15:05:46.326000,431.5694549470879,995
2024-09-20 15:05:46.343000,431.5481290324744,1005
2024-09-20 15:05:46.361000,431.51702184838615,101
2024-09-20 15:05:46.408000,431.5811080376979,95
2024-09-20 15:05:46.419000,431.569365238837,997
2024-09-20 15:05:46.427000,431.56520300619786,1003
2024-09-20 15:05:46.448000,431.4832374680509,995
2024-09-20 15:05:46.511000,431.52986705664335,97
2024-09-20 15:05:46.557000,431.5630854650008,104
2024-09-20 15:05:46.681000,431.5683216237294,1000
2024-09-20 15:05:46.811000,431.559881813146,6
2024-09-20 15:05:46.821000,431.5524278627831,97
2024-09-20 15:05:46.857000,431.5545465653846,997
2024-09-20 15:05:46.910000,431.52407638258,101
2024-09-20 15:05:46.929000,431.5817459241261,95
2024-09-20 15:05:46.941000,431.53924521051255,12
2024-09-20 15:05:46.970000,431.57685649811424,103
2024-09-20 15:05:47.037000,431.4809714513811,996
2024-09-20 15:05:47.224000,431.4790837096711,102
2024-09-20 15:05:47.362000,431.5459682086398,13
2024-09-20 15:05:47.624000,431.4975878997468,6
2024-09-20 15:05:47.715000,431.4868738320543,1003
2024-09-20 15:05:47.854000,431.4971665359066,105
2024-09-20 15:05:47.951000,431.54854855447553,96
2024-09-20 15:05:47.965000,431.50843402256186,103
2024-09-20 15:05:47.969000,431.4745874800708,997
2024-09-20 15:05:48.087000,431.5377164231026,1005
2024-09-20 15:05:48.795000,424.4046106048782,95
2024-09-20 15:05:49.060000,431.5545722273566,13
2024-09-20 15:05:49.065000,431.61441102575344,105
2024-09-20 15:05:49.078000,431.55743828297096,105
2024-09-20 15:05:49.083000,431.638023301073,95
2024-09-20 15:05:49.153000,431.5318995472245,1000
2024-09-20 15:05:49.157000,431.63706372320496,105
2024-09-20 15:05:49.166000,431.5407192371827,15
2024-09-20 15:05:49.210000,431.6145150746108,103
2024-09-20 15:05:49.243000,431.5329871106627,5
2024-09-20 15:05:49.265000,431.5770497220487,97
2024-09-20 15:05:49.280000,431.543873900321,996
2024-09-20 15:05:49.340000,431.5722820000391,101
2024-09-20 15:05:49.378000,431.54987244813685,996
2024-09-20 15:05:49.386000,431.5887030561144,105
2024-09-20 15:05:49.466000,431.5585012000958,99
2024-09-20 15:05:49.469000,431.5401737041109,10
2024-09-20 15:05:49.482000,431.5245576003059,95
2024-09-20 15:05:49.493000,431.5361798491546,13
2024-09-20 15:05:49.561000,431.54082692404967,1001
2024-09-20 15:05:49.600000,431.5695319577601,14
2024-09-20 15:05:49.692000,431.5292745208071,9
2024-09-20 15:05:49.738000,431.54343261229286,98
2024-09-20 15:05:49.742000,431.5436816641272,999
2024-09-20 15:05:49.810000,431.5296333417376,95
2024-09-20 15:05:49.946000,431.5432780481632,9
2024-09-20 15:05:49.977000,431.5451997961137,13
2024-09-20 15:05:50.010000,431.5415176154847,100
2024-09-20 15:05:50.045000,431.5706780489056,104
2024-09-20 15:05:50.052000,431.5913294131532,96
2024-09-20 15:05:50.097000,431.5916542739532,13
2024-09-20 15:05:50.140000,431.6095820505908,97
2024-09-20 15:05:50.158000,431.60727613079024,15
2024-09-20 15:05:50.205000,431.5469260808488,98
2024-09-20 15:05:50.214000,431.5675135869504,102
2024-09-20 15:05:50.250000,424.5027867851957,12
2024-09-20 15:05:50.279000,431.5583792151151,999
2024-09-20 15:05:50.326000,431.5555604034045,104
2024-09-20 15:05:50.327000,431.5862612191061,13
2024-09-20 15:05:50.403000,431.5900833753592,14
2024-09-20 15:05:50.453000,431.5463003859841,11
2024-09-20 15:05:50.497000,431.5492562379102,97
2024-09-20 15:05:50.533000,431.62946296796815,1000
2024-09-20 15:05:50.542000,431.5391621055659,999
2024-09-20 15:05:50.610000,431.5834906802243,12
2024-09-20 15:05:50.659000,431.5499064395587,103
2024-09-20 15:05:50.699000,431.5389392437675,15
2024-09-20 15:05:50.803000,431.5419934012701,11
2024-09-20 15:05:50.823000,431.6175601096783,1001
2024-09-20 15:05:50.843000,431.615759261605,998
2024-09-20 15:05:51.019000,431.49958349232935,1001
2024-09-20 15:05:51.036000,431.455060538672,97
2024-09-20 15:05:51.114000,431.4373084239711,105
2024-09-20 15:05:51.142000,431.4444173552403,102
2024-09-20 15:05:51.198000,431.44306373044753,9
2024-09-20 15:05:51.395000,431.45754425928703,1000
2024-09-20 15:05:51.511000,431.5350028463945,1005
2024-09-20 15:05:51.536000,431.4658820027712,997
2024-09-20 15:05:51.539000,431.4240796542396,102
2024-09-20 15:05:51.627000,431.4426137087826,999
2024-09-20 15:05:51.647000,431.496436184466,7
2024-09-20 15:05:51.690000,431.517721201025,1000
2024-09-20 15:05:51.731000,431.50259274783264,104
2024-09-20 15:05:51.766000,431.512951862318,999
2024-09-20 15:05:51.769000,431.433532234612,15
2024-09-20 15:05:51.819000,431.52200740382654,10
2024-09-20 15:05:51.837000,431.452431276087,12
2024-09-20 15:05:51.883000,431.44365252692376,100
2024-09-20 15:05:51.904000,431.5207172162938,104
2024-09-20 15:05:51.909000,431.50753044778105,6
2024-09-20 15:05:51.943000,431.4794111846663,1004
2024-09-20 15:05:52.293000,431.4595606114924,99
2024-09-20 15:05:52.337000,431.41418218224857,996
2024-09-20 15:05:52.457000,431.42255688062505,97
2024-09-20 15:05:52.463000,431.444970641918,6
2024-09-20 15:05:52.547000,431.4444180289789,12
2024-09-20 15:05:52.687000,431.4114074872246,100
2024-09-20 15:05:52.867000,431.41484756774366,105
2024-09-20 15:05:52.980000,431.4156011808608,101
2024-09-20 15:05:53.139000,424.527512753529,95
2024-09-20 15:05:53.208000,431.4726254891586,1004
2024-09-20 15:05:53.231000,424.5147429743539,10
2024-09-20 15:05:53.681000,431.45630766086543,99
2024-09-20 15:05:54.002000,431.4026773029139,6
2024-09-20 15:05:54.024000,431.4745813698015,1002
2024-09-20 15:05:54.134000,431.35946481084,995
2024-09-20 15:05:54.138000,431.4092290752757,104
2024-09-20 15:05:54.230000,431.4581948568933,999
2024-09-20 15:05:54.259000,431.4237511520952,995
2024-09-20 15:05:54.477000,431.4211112229351,1005
2024-09-20 15:05:54.640000,431.3952820557706,998
2024-09-20 15:05:54.661000,431.3559993742684,998
2024-09-20 15:05:54.674000,431.3711162090432,13
2024-09-20 15:05:54.687000,431.4343796993938,5
2024-09-20 15:05:54.739000,431.3816521353029,8
2024-09-20 15:05:54.754000,431.4513366999863,7
2024-09-20 15:05:54.764000,431.3704990811904,97
2024-09-20 15:05:54.764000,431.4577360963884,1001
2024-09-20 15:05:54.809000,431.3562659722924,1001
2024-09-20 15:05:54.821000,431.4214020955376,1003
2024-09-20 15:05:54.837000,431.3747851505772,10
2024-09-20 15:05:54.893000,431.4607935581672,999
2024-09-20 15:05:54.916000,431.37251198318495,102
2024-09-20 15:05:54.977000,431.4551339819069,15
2024-09-20 15:05:55.031000,431.3834587255234,103
2024-09-20 15:05:55.063000,431.3392263022788,7
2024-09-20 15:05:55.196000,431.3320853371977,105
2024-09-20 15:05:55.317000,431.3314015755212,1001
2024-09-20 15:05:55.351000,431.3757107248473,102
2024-09-20 15:05:55.396000,431.33547167814265,102
2024-09-20 15:05:55.428000,431.3660103376977,1005
2024-09-20 15:05:55.487000,431.3697710759491,95
2024-09-20 15:05:55.644000,431.36776214419245,1003
2024-09-20 15:05:55.662000,431.3489488184328,105
2024-09-20 15:05:55.834000,431.39231057297553,104
2024-09-20 15:05:56.007000,431.3493329901837,100
2024-09-20 15:05:56.011000,431.3821209811162,998
2024-09-20 15:05:56.161000,431.40174128106366,98
2024-09-20 15:05:56.171000,431.352813289635,6
2024-09-20 15:05:56.197000,431.3347809006995,10
2024-09-20 15:05:56.302000,431.3508170702627,1000
2024-09-20 15:05:56.316000,431.3260616268589,9
2024-09-20 15:05:56.352000,431.40217346120255,998
2024-09-20 15:05:56.471000,431.396220938056,998
2024-09-20 15:05:56.552000,431.3482331301095,12
2024-09-20 15:05:56.624000,431.3777464571341,14
2024-09-20 15:05:56.702000,431.337551942671,1004
2024-09-20 15:05:56.825000,431.3635437778056,6
2024-09-20 15:05:56.862000,431.36272978914747,103
2024-09-20 15:05:56.873000,431.4013351367459,9
2024-09-20 15:05:56.959000,431.3977400355366,1005
2024-09-20 15:05:56.971000,431.3730285505125,99
2024-09-20 15:05:56.985000,431.3626856491762,1002
2024-09-20 15:05:57.014000,431.3648095750663,10
2024-09-20 15:05:57.039000,431.3749928687743,10
2024-09-20 15:05:57.075000,431.3728859292267,1003
2024-09-20 15:05:57.110000,431.38466102358194,100
2024-09-20 15:05:57.147000,431.3612062206956,1004
2024-09-20 15:05:57.182000,431.3427682112405,1005
2024-09-20 15:05:57.213000,431.3702030430949,996
2024-09-20 15:05:57.239000,431.4038270602637,105
2024-09-20 15:05:57.240000,431.3853763228321,14
2024-09-20 15:05:57.249000,431.3907709079984,996
2024-09-20 15:05:57.277000,431.35773896022977,99
2024-09-20 15:05:57.367000,431.4028268310877,99
2024-09-20 15:05:57.436000,431.3720315249322,1004
2024-09-20 15:05:57.465000,431.35957001018494,105
2024-09-20 15:05:57.505000,431.3786937800085,104
2024-09-20 15:05:57.590000,431.3967468407675,98
2024-09-20 15:05:57.643000,431.3934312805561,15
2024-09-20 15:05:57.697000,431.38640463448405,7
2024-09-20 15:05:57.745000,431.4108113820934,998
2024-09-20 15:05:57.838000,431.3785149674206,998
2024-09-20 15:05:57.846000,431.38061221446776,998
2024-09-20 15:05:57.851000,431.3602821077973,996
2024-09-20 15:05:57.852000,431.3732191802752,100
2024-09-20 15:05:57.860000,431.3782657505709,996
2024-09-20 15:05:57.891000,431.347540337342,14
2024-09-20 15:05:57.901000,431.3735114908453,1001
2024-09-20 15:05:57.922000,431.3551626261643,996
2024-09-20 15:05:58.020000,431.4004252960597,13
2024-09-20 15:05:59.033000,431.3796623769013,104
2024-09-20 15:05:59.363000,431.3881637584889,104
2024-09-20 15:05:59.369000,431.3863290117544,1005
2024-09-20 15:05:59.710000,431.3886333542543,96
2024-09-20 15:05:59.802000,431.39677516294296,1001
2024-09-20 15:05:59.812000,424.43997635930685,96
2024-09-20 15:05:59.870000,431.3440716711118,1003
2024-09-20 15:05:59.905000,431.3595787324098,999
