Timestamp,Price,Size
2024-09-19 12:55:00.067000,424.8466009354583,101
2024-09-19 12:55:00.090000,424.9109786851338,1001
2024-09-19 12:55:00.095000,424.8495816732892,998
2024-09-19 12:55:00.204000,424.85425475655904,1002
2024-09-19 12:55:00.302000,424.8867880202642,1003
2024-09-19 12:55:00.345000,424.86305344771785,100
2024-09-19 12:55:00.369000,424.8708519269418,95
2024-09-19 12:55:00.423000,424.86542800281467,100
2024-09-19 12:55:00.476000,424.93691954150256,100
2024-09-19 12:55:00.508000,424.8705454353214,996
2024-09-19 12:55:00.654000,424.9031944473995,104
2024-09-19 12:55:00.707000,424.934358575372,101
2024-09-19 12:55:00.715000,424.9882666171932,1001
2024-09-19 12:55:00.816000,424.8987381907218,100
2024-09-19 12:55:00.928000,424.8533147033708,1000
2024-09-19 12:55:00.945000,424.9589149790869,995
2024-09-19 12:55:00.992000,424.8497520897282,995
2024-09-19 12:55:01.048000,425.0226211530861,1000
2024-09-19 12:55:01.175000,424.9646273148919,11
2024-09-19 12:55:01.207000,424.9664432101793,104
2024-09-19 12:55:01.214000,424.96943307964807,99
2024-09-19 12:55:01.264000,425.0121692182197,103
2024-09-19 12:55:01.470000,424.9506361782736,101
2024-09-19 12:55:01.555000,424.9726844956017,101
2024-09-19 12:55:01.708000,424.999361308477,1003
2024-09-19 12:55:01.805000,424.9470433650501,102
2024-09-19 12:55:01.932000,424.9272975633011,1002
2024-09-19 12:55:01.956000,424.9484609352557,997
2024-09-19 12:55:02.005000,424.9035378662001,998
2024-09-19 12:55:02.257000,424.90419914604223,97
2024-09-19 12:55:02.479000,424.9309608967556,103
2024-09-19 12:55:02.624000,424.91880568307135,5
2024-09-19 12:55:02.784000,424.93414943297216,8
2024-09-19 12:55:02.837000,424.922651695054,7
2024-09-19 12:55:03.032000,424.9576678051652,99
2024-09-19 12:55:03.046000,424.9745545300885,102
2024-09-19 12:55:03.058000,424.96891273517735,95
2024-09-19 12:55:03.134000,424.9567777849312,101
2024-09-19 12:55:03.183000,424.92216337214313,103
2024-09-19 12:55:03.311000,424.9090769757302,96
2024-09-19 12:55:03.356000,424.9741186640308,1005
2024-09-19 12:55:03.374000,424.9476858632519,996
2024-09-19 12:55:03.411000,424.89717120076295,10
2024-09-19 12:55:03.427000,424.9631942024042,10
2024-09-19 12:55:03.449000,424.9748075717868,996
2024-09-19 12:55:03.492000,424.9173882707741,10
2024-09-19 12:55:03.503000,424.94480090699415,103
2024-09-19 12:55:03.619000,424.96631461032825,98
2024-09-19 12:55:03.646000,424.9824285303013,14
2024-09-19 12:55:03.666000,424.95468942880206,13
2024-09-19 12:55:03.678000,424.9580753188495,1005
2024-09-19 12:55:03.706000,424.9681377307814,100
2024-09-19 12:55:03.765000,424.9590722805023,995
2024-09-19 12:55:03.811000,424.9417034699756,1001
2024-09-19 12:55:03.819000,424.9618305326216,95
2024-09-19 12:55:03.887000,424.93300647962366,1003
2024-09-19 12:55:03.890000,424.9800719137702,15
2024-09-19 12:55:03.899000,424.9679332677021,999
2024-09-19 12:55:03.909000,424.9562056998404,95
2024-09-19 12:55:04.037000,424.9369071364454,1000
2024-09-19 12:55:04.133000,424.9159151846261,10
2024-09-19 12:55:04.173000,424.9482706131352,1002
2024-09-19 12:55:04.360000,424.9370677235303,1001
2024-09-19 12:55:04.365000,424.93255880683887,1002
2024-09-19 12:55:04.371000,424.9480391259451,13
2024-09-19 12:55:04.418000,424.91031631842753,13
2024-09-19 12:55:04.463000,424.94492682821925,105
2024-09-19 12:55:04.486000,424.9025736019788,1003
2024-09-19 12:55:04.499000,424.941183426964,13
2024-09-19 12:55:04.524000,424.91455909644856,101
2024-09-19 12:55:04.556000,424.9469620070644,1005
2024-09-19 12:55:04.562000,424.9328230322999,98
2024-09-19 12:55:04.623000,424.9348672138127,5
2024-09-19 12:55:04.753000,424.944323366156,8
2024-09-19 12:55:04.765000,424.9495398539309,11
2024-09-19 12:55:04.877000,424.922859661258,1003
2024-09-19 12:55:04.941000,424.92539364473015,96
2024-09-19 12:55:05.021000,424.9071478644688,11
2024-09-19 12:55:05.054000,424.8677256620565,102
2024-09-19 12:55:05.087000,424.92361715471367,95
2024-09-19 12:55:05.146000,424.89750814175807,101
2024-09-19 12:55:05.160000,424.8552978380952,100
2024-09-19 12:55:05.258000,424.9191334126486,100
2024-09-19 12:55:05.292000,424.9207627651458,101
2024-09-19 12:55:05.436000,424.8768194751435,9
2024-09-19 12:55:05.468000,424.92388861311,1003
2024-09-19 12:55:05.508000,424.85362306456005,11
2024-09-19 12:55:05.550000,424.8949686338629,997
2024-09-19 12:55:05.550000,424.86842834615504,5
2024-09-19 12:55:05.660000,424.8621187563023,7
2024-09-19 12:55:05.679000,424.8452492784024,103
2024-09-19 12:55:05.738000,424.9181078288808,9
2024-09-19 12:55:05.758000,424.861904894998,7
2024-09-19 12:55:05.798000,424.91744657508445,15
2024-09-19 12:55:05.884000,424.9162568385682,996
2024-09-19 12:55:05.895000,424.8565843448138,101
2024-09-19 12:55:06.094000,424.95176956811736,1003
2024-09-19 12:55:06.184000,424.9273017659012,105
2024-09-19 12:55:06.220000,424.9513989622883,13
2024-09-19 12:55:06.359000,424.9537302307507,996
2024-09-19 12:55:06.380000,424.956870636756,11
2024-09-19 12:55:06.423000,424.91804481794645,1003
2024-09-19 12:55:06.464000,424.9125791854759,15
2024-09-19 12:55:06.479000,424.9126577418144,95
2024-09-19 12:55:06.487000,424.9442379208344,1005
2024-09-19 12:55:06.585000,424.9011543844704,97
2024-09-19 12:55:06.643000,424.90746868471865,1002
2024-09-19 12:55:06.709000,424.92856265446505,1000
2024-09-19 12:55:06.756000,424.9346360354878,101
2024-09-19 12:55:06.773000,424.8959185206781,995
2024-09-19 12:55:06.791000,424.93033919913296,11
2024-09-19 12:55:06.825000,424.9052049689108,1003
2024-09-19 12:55:06.839000,424.9579161886858,997
2024-09-19 12:55:06.888000,424.9554393740595,13
2024-09-19 12:55:06.944000,424.9603063721678,105
2024-09-19 12:55:07.055000,424.9260873382953,105
2024-09-19 12:55:07.083000,424.9480295297432,105
2024-09-19 12:55:07.085000,424.939471099054,1002
2024-09-19 12:55:07.182000,424.92434008772193,11
2024-09-19 12:55:07.207000,424.918660791093,15
2024-09-19 12:55:07.223000,424.9281244970129,10
2024-09-19 12:55:07.370000,424.92782124870695,5
2024-09-19 12:55:07.374000,424.91626405253953,998
2024-09-19 12:55:07.449000,424.9211080427627,1003
2024-09-19 12:55:07.452000,424.917876443965,104
2024-09-19 12:55:07.566000,424.92777054746375,100
2024-09-19 12:55:07.583000,424.8979959935075,6
2024-09-19 12:55:07.849000,424.90317390275567,5
2024-09-19 12:55:08.249000,424.84157275585466,96
2024-09-19 12:55:08.335000,424.8768667718837,5
2024-09-19 12:55:08.383000,424.892951471673,100
2024-09-19 12:55:08.440000,424.8764193893445,995
2024-09-19 12:55:08.459000,424.8750043397232,103
2024-09-19 12:55:08.527000,424.89549149212434,998
2024-09-19 12:55:08.554000,424.8447435213419,5
2024-09-19 12:55:08.573000,424.8624289736856,6
2024-09-19 12:55:08.656000,424.8322433249122,96
2024-09-19 12:55:08.673000,424.8648186756184,102
2024-09-19 12:55:08.708000,424.83428876049294,98
2024-09-19 12:55:08.881000,424.9000259193312,102
2024-09-19 12:55:08.905000,424.897986127226,1003
2024-09-19 12:55:08.948000,424.87301758084726,996
2024-09-19 12:55:09.179000,424.8130096062259,9
2024-09-19 12:55:09.233000,424.8060923125507,14
2024-09-19 12:55:09.275000,424.7985445279776,11
2024-09-19 12:55:09.493000,424.7985414500294,96
2024-09-19 12:55:09.605000,424.8012051435232,11
2024-09-19 12:55:09.870000,424.8035100503662,995
2024-09-19 12:55:09.915000,424.833129714398,101
2024-09-19 12:55:09.916000,424.82938527252,101
2024-09-19 12:55:10.896000,424.795005515522,7
2024-09-19 12:55:11.141000,424.8170492199497,1001
2024-09-19 12:55:11.181000,424.81961015938657,8
2024-09-19 12:55:11.343000,424.8225408613408,7
2024-09-19 12:55:11.348000,424.83751206480974,102
2024-09-19 12:55:11.360000,424.7735588802587,99
2024-09-19 12:55:11.418000,424.8176298857335,15
2024-09-19 12:55:11.447000,424.8037668196931,99
2024-09-19 12:55:11.454000,424.81026503168295,13
2024-09-19 12:55:11.548000,424.8111392154659,101
2024-09-19 12:55:11.599000,424.8068558734836,1002
2024-09-19 12:55:11.600000,424.8042778295308,6
2024-09-19 12:55:11.623000,424.7997998239867,104
2024-09-19 12:55:11.845000,424.78660860910713,998
2024-09-19 12:55:11.877000,424.81089786854193,9
2024-09-19 12:55:11.911000,424.8332853741415,13
2024-09-19 12:55:11.962000,424.7964311699339,1002
2024-09-19 12:55:12.042000,424.7325481822356,103
2024-09-19 12:55:12.059000,424.73531736409655,11
2024-09-19 12:55:12.104000,424.7520939204947,102
2024-09-19 12:55:12.119000,424.7558606158645,95
2024-09-19 12:55:12.120000,424.7479043247217,995
2024-09-19 12:55:12.127000,424.728902548048,6
2024-09-19 12:55:12.132000,424.7204451024471,998
2024-09-19 12:55:12.135000,424.7902018085392,9
2024-09-19 12:55:12.139000,424.73538432460987,1001
2024-09-19 12:55:12.143000,424.7349894829982,8
2024-09-19 12:55:12.167000,424.7399926825323,101
2024-09-19 12:55:12.195000,424.7214041670301,96
2024-09-19 12:55:12.305000,424.72997284744207,99
2024-09-19 12:55:12.318000,424.7456658115127,101
2024-09-19 12:55:12.354000,424.7171651042557,98
2024-09-19 12:55:12.356000,424.78385733725855,8
2024-09-19 12:55:12.425000,424.7308235019601,104
2024-09-19 12:55:12.525000,424.7294286980172,11
2024-09-19 12:55:12.534000,424.7184344067666,103
2024-09-19 12:55:12.629000,424.7443452911281,99
2024-09-19 12:55:12.669000,424.7915692155266,7
2024-09-19 12:55:12.700000,424.7932768152807,105
2024-09-19 12:55:12.717000,424.8010489840145,997
2024-09-19 12:55:12.917000,424.7737137802272,999
2024-09-19 12:55:12.929000,424.7251354174735,102
2024-09-19 12:55:12.932000,424.7987803675869,11
2024-09-19 12:55:12.942000,424.73465815800415,8
2024-09-19 12:55:12.946000,424.74845642089406,96
2024-09-19 12:55:12.975000,424.7452882681376,999
2024-09-19 12:55:12.999000,424.7343424829914,100
2024-09-19 12:55:13.119000,424.8320748125688,1003
2024-09-19 12:55:13.864000,424.8338906425653,1003
2024-09-19 12:55:13.914000,424.8213992585613,997
2024-09-19 12:55:14,424.7686415224164,998
2024-09-19 12:55:14.095000,424.8013378674417,1005
2024-09-19 12:55:14.097000,424.80958324899046,5
2024-09-19 12:55:14.175000,424.8214260282959,9
2024-09-19 12:55:14.250000,424.7655192977391,12
2024-09-19 12:55:14.390000,424.8087176935321,997
2024-09-19 12:55:14.427000,424.7805099552978,105
2024-09-19 12:55:14.586000,424.7713729561143,101
2024-09-19 12:55:14.650000,424.76001887892346,999
2024-09-19 12:55:14.750000,424.8037790526563,12
2024-09-19 12:55:14.889000,424.8108415444763,997
2024-09-19 12:55:14.890000,424.8273707555196,1002
2024-09-19 12:55:15.052000,424.7665961626812,1002
2024-09-19 12:55:15.102000,424.7423459455646,105
2024-09-19 12:55:15.177000,424.7486536912712,100
2024-09-19 12:55:15.304000,424.7295484317516,5
2024-09-19 12:55:15.340000,424.73943132293647,1003
2024-09-19 12:55:15.359000,424.7671121916047,100
2024-09-19 12:55:15.407000,424.7508408550137,999
2024-09-19 12:55:15.413000,424.7658989909687,9
2024-09-19 12:55:15.572000,424.7565491294559,98
2024-09-19 12:55:15.595000,424.76864619706384,95
2024-09-19 12:55:15.806000,424.7749182737267,998
2024-09-19 12:55:15.889000,424.72261738942177,8
2024-09-19 12:55:15.929000,424.75083155059366,100
2024-09-19 12:55:16.029000,424.81731880980544,102
2024-09-19 12:55:16.033000,424.7789629974716,1000
2024-09-19 12:55:16.102000,424.8198008469791,12
2024-09-19 12:55:16.182000,424.8064707708276,999
2024-09-19 12:55:16.226000,424.7706929204268,104
2024-09-19 12:55:16.318000,424.7944004600087,1005
2024-09-19 12:55:16.329000,424.8107225049271,998
2024-09-19 12:55:16.333000,424.7855867837014,11
2024-09-19 12:55:16.435000,424.7881791637061,101
2024-09-19 12:55:16.438000,424.80409619511215,7
2024-09-19 12:55:16.516000,424.8118995899581,9
2024-09-19 12:55:16.559000,424.8020240872376,10
2024-09-19 12:55:16.597000,424.7959231947641,6
2024-09-19 12:55:16.682000,424.7931140601022,12
2024-09-19 12:55:16.743000,424.830521949688,6
2024-09-19 12:55:16.763000,424.80496606802046,104
2024-09-19 12:55:16.788000,424.80625597256153,5
2024-09-19 12:55:16.790000,424.785277504207,1004
2024-09-19 12:55:16.811000,424.78258864315154,1004
2024-09-19 12:55:16.823000,424.8091401566928,995
2024-09-19 12:55:16.832000,424.8327151599352,15
2024-09-19 12:55:16.846000,424.7915876288469,99
2024-09-19 12:55:16.847000,424.8008981821296,103
2024-09-19 12:55:16.897000,424.8317267685153,13
2024-09-19 12:55:16.974000,424.7981993274895,7
2024-09-19 12:55:16.989000,424.789488338118,1000
2024-09-19 12:55:17.189000,424.8384697886288,103
2024-09-19 12:55:17.198000,424.8235659830701,98
2024-09-19 12:55:17.286000,424.8345072659325,6
2024-09-19 12:55:17.305000,424.78047009353423,997
2024-09-19 12:55:17.371000,424.8247823397276,100
2024-09-19 12:55:17.412000,424.8223270300635,998
2024-09-19 12:55:17.427000,424.8087769865744,102
2024-09-19 12:55:17.493000,424.8208725738628,998
2024-09-19 12:55:17.518000,424.8407287036736,7
2024-09-19 12:55:17.543000,424.82095310677335,99
2024-09-19 12:55:17.677000,424.7906481068686,10
2024-09-19 12:55:17.767000,424.7858031753384,99
2024-09-19 12:55:17.993000,424.8288964569396,12
2024-09-19 12:55:18.044000,424.7991654793729,5
2024-09-19 12:55:18.045000,424.8226271968524,996
2024-09-19 12:55:18.130000,424.8299878823457,96
2024-09-19 12:55:18.150000,424.83906213032265,1004
2024-09-19 12:55:18.227000,424.823828674973,9
2024-09-19 12:55:18.305000,424.7675775816008,101
2024-09-19 12:55:18.306000,424.8202607123468,997
2024-09-19 12:55:18.354000,424.7899926324275,10
2024-09-19 12:55:18.359000,424.7930101525904,95
2024-09-19 12:55:18.374000,424.8070506609481,97
2024-09-19 12:55:18.477000,424.8008052246364,96
2024-09-19 12:55:18.479000,424.8179938003552,1004
2024-09-19 12:55:18.494000,424.82581928629895,11
2024-09-19 12:55:18.529000,424.8021800165876,1005
2024-09-19 12:55:18.561000,424.8182507011976,105
2024-09-19 12:55:18.625000,424.8144374661474,996
2024-09-19 12:55:18.645000,424.8145961467157,7
2024-09-19 12:55:18.717000,424.8083056120473,100
2024-09-19 12:55:18.783000,424.8125972338206,99
2024-09-19 12:55:18.806000,424.780252476126,9
2024-09-19 12:55:18.821000,424.7783931613675,15
2024-09-19 12:55:18.839000,424.80988967843024,5
2024-09-19 12:55:18.848000,424.8289129887247,6
2024-09-19 12:55:18.849000,424.84933591648246,996
2024-09-19 12:55:18.859000,424.7894209897984,13
2024-09-19 12:55:18.884000,424.8034874594151,97
2024-09-19 12:55:18.937000,424.7974297147268,95
2024-09-19 12:55:18.955000,424.8150444949047,1000
2024-09-19 12:55:18.998000,424.77216145839935,1002
2024-09-19 12:55:19.018000,424.810069060123,9
2024-09-19 12:55:19.130000,424.7016857830162,1002
2024-09-19 12:55:19.153000,424.668766477562,15
2024-09-19 12:55:19.171000,424.6961853402092,7
2024-09-19 12:55:19.172000,424.7377898358648,998
2024-09-19 12:55:19.187000,424.7027762396775,1000
2024-09-19 12:55:19.243000,424.7713262099216,96
2024-09-19 12:55:19.261000,424.7241223081167,998
2024-09-19 12:55:19.384000,424.6911600704645,102
2024-09-19 12:55:19.443000,424.7242735563028,11
2024-09-19 12:55:19.497000,424.7548630087592,1003
2024-09-19 12:55:19.500000,424.7076117248319,1001
2024-09-19 12:55:19.522000,424.73206068221646,1003
2024-09-19 12:55:19.535000,424.7079277798231,9
2024-09-19 12:55:19.540000,424.7087195242505,105
2024-09-19 12:55:19.601000,424.6807603779661,10
2024-09-19 12:55:19.612000,424.7164388786188,1002
2024-09-19 12:55:19.642000,424.8003253834806,12
2024-09-19 12:55:19.643000,424.76478717708704,102
2024-09-19 12:55:19.666000,424.7750537526296,96
2024-09-19 12:55:19.689000,424.7141921076748,996
2024-09-19 12:55:19.716000,424.7280233236466,97
2024-09-19 12:55:19.773000,424.76432486153954,1000
2024-09-19 12:55:19.885000,424.6913851316276,95
2024-09-19 12:55:19.916000,424.7167594902081,105
2024-09-19 12:55:19.930000,424.7455174062863,1003
2024-09-19 12:55:19.950000,424.790047826824,95
2024-09-19 12:55:20.081000,424.6487294700377,103
2024-09-19 12:55:20.289000,424.6880533776626,1003
2024-09-19 12:55:20.317000,424.6799315037845,10
2024-09-19 12:55:20.322000,424.7115099082052,15
2024-09-19 12:55:20.354000,424.670712690732,9
2024-09-19 12:55:20.454000,424.6858672973156,105
2024-09-19 12:55:20.498000,424.6565173985333,100
2024-09-19 12:55:20.535000,424.64051976214313,96
2024-09-19 12:55:20.545000,424.6843102322771,996
2024-09-19 12:55:20.601000,424.6833826149085,14
2024-09-19 12:55:20.997000,424.7140693331101,1000
2024-09-19 12:55:21.079000,424.654300854505,1002
2024-09-19 12:55:21.091000,424.6675484073484,11
2024-09-19 12:55:21.184000,424.674369256929,995
2024-09-19 12:55:21.274000,424.6788308656366,12
2024-09-19 12:55:21.510000,424.6627894077336,95
2024-09-19 12:55:21.527000,424.65943496580167,5
2024-09-19 12:55:21.575000,424.6565583660285,101
2024-09-19 12:55:21.587000,424.67618550881787,101
2024-09-19 12:55:21.649000,424.6744626163224,97
2024-09-19 12:55:21.731000,424.6806632012857,7
2024-09-19 12:55:21.865000,424.6721877618599,13
2024-09-19 12:55:21.982000,424.6478333760167,7
2024-09-19 12:55:22.034000,424.6102247548455,996
2024-09-19 12:55:22.118000,424.5631643009975,100
2024-09-19 12:55:22.123000,424.6713675763728,995
2024-09-19 12:55:22.148000,424.6462900581316,999
2024-09-19 12:55:22.293000,424.6403675461063,5
2024-09-19 12:55:22.335000,424.668373359818,104
2024-09-19 12:55:22.398000,424.6057109218244,14
2024-09-19 12:55:22.420000,424.5647351868984,95
2024-09-19 12:55:22.482000,424.5885833059728,10
2024-09-19 12:55:22.533000,424.5745417138564,104
2024-09-19 12:55:22.551000,424.5890205640058,1001
2024-09-19 12:55:22.633000,424.6534381535892,5
2024-09-19 12:55:22.655000,424.647486414392,9
2024-09-19 12:55:22.659000,424.5759453613596,13
2024-09-19 12:55:22.697000,424.6649281696568,995
2024-09-19 12:55:22.737000,424.6353315945724,1000
2024-09-19 12:55:22.821000,424.622052461854,999
2024-09-19 12:55:22.886000,424.6638228003951,13
2024-09-19 12:55:22.977000,424.5785340739005,8
2024-09-19 12:55:22.994000,424.5700826967876,12
2024-09-19 12:55:23.038000,424.5375632206527,995
2024-09-19 12:55:23.275000,424.5573249743507,101
2024-09-19 12:55:23.316000,424.5572502749222,96
2024-09-19 12:55:23.465000,424.5388383517201,10
2024-09-19 12:55:23.510000,424.5830089005652,999
2024-09-19 12:55:23.712000,424.5482396084474,15
2024-09-19 12:55:23.755000,424.52011134780383,1004
2024-09-19 12:55:23.872000,424.53201961032175,98
2024-09-19 12:55:24.007000,424.6018599361328,103
2024-09-19 12:55:24.031000,424.5921033698429,1000
2024-09-19 12:55:24.064000,424.5714535640528,1001
2024-09-19 12:55:24.112000,424.56624502807045,1002
2024-09-19 12:55:24.226000,424.5735706400903,101
2024-09-19 12:55:24.380000,424.5941126628884,100
2024-09-19 12:55:24.381000,424.5846308300586,997
2024-09-19 12:55:24.441000,424.5862279895047,99
2024-09-19 12:55:24.470000,424.57385407733,15
2024-09-19 12:55:24.481000,424.58524950041374,12
2024-09-19 12:55:24.637000,424.60358828728783,1004
2024-09-19 12:55:24.675000,424.5882735682732,13
2024-09-19 12:55:24.760000,424.5930080007631,97
2024-09-19 12:55:24.967000,424.57641153371566,9
2024-09-19 12:55:25.064000,424.57517992023867,15
2024-09-19 12:55:25.103000,424.5922970514099,97
2024-09-19 12:55:25.224000,424.7160579363203,102
2024-09-19 12:55:25.250000,424.7318854659293,98
2024-09-19 12:55:25.277000,424.60735979503767,996
2024-09-19 12:55:25.291000,424.7263462852193,98
2024-09-19 12:55:25.300000,424.5926445849189,13
2024-09-19 12:55:25.302000,424.5924824516432,999
2024-09-19 12:55:25.409000,424.642814007769,995
2024-09-19 12:55:25.461000,424.600231807171,14
2024-09-19 12:55:25.483000,424.6546225744728,1001
2024-09-19 12:55:25.495000,424.5713988759664,100
2024-09-19 12:55:25.497000,424.6110745423964,101
2024-09-19 12:55:25.544000,424.5734148840865,1003
2024-09-19 12:55:25.555000,424.582894961992,9
2024-09-19 12:55:25.574000,424.6734128755424,13
2024-09-19 12:55:25.586000,424.6656280285612,14
2024-09-19 12:55:25.608000,424.6256490507028,6
2024-09-19 12:55:25.637000,424.5846670880625,1001
2024-09-19 12:55:25.649000,424.70704097768606,104
2024-09-19 12:55:25.671000,424.6103803420977,997
2024-09-19 12:55:25.672000,424.5758788727421,1000
2024-09-19 12:55:25.738000,424.5791359905696,104
2024-09-19 12:55:25.761000,424.6067437401456,5
2024-09-19 12:55:25.815000,424.5845083179991,103
2024-09-19 12:55:25.841000,424.5849292658981,997
2024-09-19 12:55:25.931000,424.68178773237344,100
2024-09-19 12:55:25.939000,424.589283212831,8
2024-09-19 12:55:26.042000,424.700922925164,9
2024-09-19 12:55:26.057000,424.7282014318219,1001
2024-09-19 12:55:26.079000,424.7167129141544,15
2024-09-19 12:55:26.113000,424.7027851574127,98
2024-09-19 12:55:26.183000,424.7373120992801,1004
2024-09-19 12:55:26.308000,424.68348788282736,5
2024-09-19 12:55:26.325000,424.7172760227724,996
2024-09-19 12:55:26.361000,424.70987439162064,103
2024-09-19 12:55:26.540000,424.7239800730508,1001
2024-09-19 12:55:26.542000,424.70862768567537,11
2024-09-19 12:55:26.592000,424.68538965623617,9
2024-09-19 12:55:26.647000,424.6850433108291,5
2024-09-19 12:55:26.680000,424.7240269943764,104
2024-09-19 12:55:26.693000,424.71438606129817,100
2024-09-19 12:55:26.724000,424.6901487807783,995
2024-09-19 12:55:26.728000,424.67262481482726,11
2024-09-19 12:55:26.729000,424.6870230619628,5
2024-09-19 12:55:26.751000,424.69958732649326,10
2024-09-19 12:55:26.788000,424.6780724830253,100
2024-09-19 12:55:26.829000,424.6980170433699,11
2024-09-19 12:55:26.834000,424.698790935138,1001
2024-09-19 12:55:26.917000,424.7113589207802,1002
2024-09-19 12:55:26.929000,424.6882847173324,1005
2024-09-19 12:55:26.963000,424.6923636826706,1004
2024-09-19 12:55:26.965000,424.68860565680376,15
2024-09-19 12:55:26.992000,424.69066413629577,95
2024-09-19 12:55:26.998000,424.7062999801277,8
2024-09-19 12:55:27.089000,424.6864520733771,100
2024-09-19 12:55:27.129000,424.64427121330107,95
2024-09-19 12:55:27.235000,424.6960082568244,97
2024-09-19 12:55:27.281000,424.63735165567584,105
2024-09-19 12:55:27.292000,424.6495954496991,99
2024-09-19 12:55:27.302000,424.6887450098884,12
2024-09-19 12:55:27.308000,424.6857287174632,1005
2024-09-19 12:55:27.324000,424.6697510480232,996
2024-09-19 12:55:27.358000,424.6718272893295,98
2024-09-19 12:55:27.385000,424.6361932739177,96
2024-09-19 12:55:27.465000,424.6766958158213,1005
2024-09-19 12:55:27.470000,424.67611144366873,12
2024-09-19 12:55:27.472000,424.6630103778043,5
2024-09-19 12:55:27.540000,424.68296823267184,7
2024-09-19 12:55:27.566000,424.660194544644,12
2024-09-19 12:55:27.596000,424.66308477012416,104
2024-09-19 12:55:27.646000,424.6658274923,1000
2024-09-19 12:55:27.679000,424.6609252895617,1000
2024-09-19 12:55:27.688000,424.62641888370587,1000
2024-09-19 12:55:27.726000,424.6870816471372,99
2024-09-19 12:55:27.726000,424.63650159812056,7
2024-09-19 12:55:27.770000,424.627830380908,9
2024-09-19 12:55:27.839000,424.6828223733832,97
2024-09-19 12:55:27.882000,424.64164079332784,100
2024-09-19 12:55:27.892000,424.6843105248512,997
2024-09-19 12:55:27.928000,424.6852444266999,6
2024-09-19 12:55:27.962000,424.6551834143027,99
2024-09-19 12:55:27.975000,424.6532921436871,96
2024-09-19 12:55:28.272000,424.68635226989977,995
2024-09-19 12:55:28.373000,424.7135049383288,96
2024-09-19 12:55:28.395000,424.6582738073153,13
2024-09-19 12:55:28.429000,424.6794574838792,104
2024-09-19 12:55:28.472000,424.7108636390213,6
2024-09-19 12:55:28.480000,424.6374760084557,6
2024-09-19 12:55:28.480000,424.6575198584126,98
2024-09-19 12:55:28.517000,424.6535715862981,1000
2024-09-19 12:55:28.544000,424.67318966648565,104
2024-09-19 12:55:28.703000,424.6442085113362,5
2024-09-19 12:55:28.724000,424.69928488391616,104
2024-09-19 12:55:28.772000,424.6975458469362,103
2024-09-19 12:55:28.961000,424.65489796389664,5
2024-09-19 12:55:29.100000,424.66339157446447,13
2024-09-19 12:55:29.170000,424.6609942488541,15
2024-09-19 12:55:29.339000,424.65063184682265,96
2024-09-19 12:55:29.408000,424.6914794350913,100
2024-09-19 12:55:29.440000,424.6438586738375,11
2024-09-19 12:55:29.694000,424.7001101453624,13
2024-09-19 12:55:29.836000,424.654760759684,1004
2024-09-19 12:55:30.373000,424.67261591817567,8
2024-09-19 12:55:30.498000,424.6851751806643,10
2024-09-19 12:55:30.877000,424.69199531979433,100
2024-09-19 12:55:32.165000,424.67331845077206,1005
2024-09-19 12:55:32.242000,424.6756355488871,1003
2024-09-19 12:55:32.306000,424.6593624633223,996
2024-09-19 12:55:32.336000,424.6451602623917,99
2024-09-19 12:55:32.431000,424.65747293059496,99
2024-09-19 12:55:32.446000,424.6618377813997,5
2024-09-19 12:55:32.559000,424.67737929632375,105
2024-09-19 12:55:32.595000,424.6905015857981,7
2024-09-19 12:55:32.774000,424.6468725857069,12
2024-09-19 12:55:32.823000,424.6308523647358,1000
2024-09-19 12:55:32.830000,424.6240566562631,998
2024-09-19 12:55:32.847000,424.66069184680987,12
2024-09-19 12:55:32.934000,424.62052217066105,102
2024-09-19 12:55:33.036000,424.6607716137938,6
2024-09-19 12:55:33.259000,424.6562366658153,996
2024-09-19 12:55:33.470000,424.65967901378633,997
2024-09-19 12:55:33.584000,424.654917586144,12
2024-09-19 12:55:33.647000,424.6558165825624,1001
2024-09-19 12:55:33.728000,424.6518126750877,1002
2024-09-19 12:55:33.892000,424.6515168334706,9
2024-09-19 12:55:34.033000,424.645669073638,1005
2024-09-19 12:55:34.104000,424.6664236629911,995
2024-09-19 12:55:34.113000,424.64230360192585,15
2024-09-19 12:55:34.126000,424.6349814116535,8
2024-09-19 12:55:34.179000,424.645771077052,102
2024-09-19 12:55:34.258000,424.6333101018553,10
2024-09-19 12:55:34.361000,424.6502771630457,999
2024-09-19 12:55:34.396000,424.6485220793245,101
2024-09-19 12:55:34.541000,424.6495656347207,97
2024-09-19 12:55:34.687000,424.6454397667408,105
2024-09-19 12:55:34.759000,424.6439577655584,104
2024-09-19 12:55:34.768000,424.6289994253484,997
2024-09-19 12:55:34.843000,424.649952778205,13
2024-09-19 12:55:34.952000,424.64276426139793,99
2024-09-19 12:55:34.998000,424.6475229012343,12
2024-09-19 12:55:34.999000,424.63711519959634,105
2024-09-19 12:55:35.280000,424.62823983398647,14
2024-09-19 12:55:35.365000,424.65151076846047,105
2024-09-19 12:55:35.461000,424.6442763896509,9
2024-09-19 12:55:35.555000,424.6519143924612,997
2024-09-19 12:55:35.973000,424.6460537589645,6
2024-09-19 12:55:36.050000,424.6347132533453,95
2024-09-19 12:55:36.134000,424.62956834713606,999
2024-09-19 12:55:36.171000,424.62982225306433,1003
2024-09-19 12:55:36.226000,424.6320160857003,1002
2024-09-19 12:55:36.237000,424.6416160665544,997
2024-09-19 12:55:36.372000,424.62110764779686,103
2024-09-19 12:55:36.510000,424.6256275503438,6
2024-09-19 12:55:36.582000,424.6605723722976,105
2024-09-19 12:55:36.665000,424.6163624333884,102
2024-09-19 12:55:36.752000,424.6481110263522,8
2024-09-19 12:55:36.823000,424.6509822067711,97
2024-09-19 12:55:36.848000,424.6350295310733,12
2024-09-19 12:55:36.935000,424.6346536115071,10
2024-09-19 12:55:36.993000,424.6427900893452,996
2024-09-19 12:55:37.003000,424.5895623853247,103
2024-09-19 12:55:37.006000,424.6068269991752,14
2024-09-19 12:55:37.035000,424.6681766234664,97
2024-09-19 12:55:37.066000,424.6068033619872,13
2024-09-19 12:55:37.151000,424.5954928132629,9
2024-09-19 12:55:37.169000,424.7086147257573,9
2024-09-19 12:55:37.170000,424.5914707220739,102
2024-09-19 12:55:37.194000,424.67181835274135,12
2024-09-19 12:55:37.200000,424.7228157185121,15
2024-09-19 12:55:37.209000,424.58841647394365,101
2024-09-19 12:55:37.224000,424.6433455745324,1000
2024-09-19 12:55:37.230000,424.681986417382,1003
2024-09-19 12:55:37.375000,424.7129145081837,98
2024-09-19 12:55:37.401000,424.702998124622,98
2024-09-19 12:55:37.401000,424.7137450328861,101
2024-09-19 12:55:37.447000,424.5859873996977,1001
2024-09-19 12:55:37.457000,424.6334862943349,99
2024-09-19 12:55:37.530000,424.6851705256642,103
2024-09-19 12:55:37.563000,424.584375173764,15
2024-09-19 12:55:37.575000,424.6652120833907,101
2024-09-19 12:55:37.640000,424.6428891027153,101
2024-09-19 12:55:37.776000,424.6000023666063,998
2024-09-19 12:55:37.797000,424.6118252204924,11
2024-09-19 12:55:37.852000,424.69042401255393,6
2024-09-19 12:55:37.969000,424.7088791930073,98
2024-09-19 12:55:38,424.6796587464687,997
2024-09-19 12:55:38,424.7777339632624,103
2024-09-19 12:55:38.039000,424.7123226778888,6
2024-09-19 12:55:38.127000,424.7022746058671,12
2024-09-19 12:55:38.132000,424.7503523525965,99
2024-09-19 12:55:38.142000,424.7345323410196,100
2024-09-19 12:55:38.163000,424.7560394039089,5
2024-09-19 12:55:38.203000,424.7671774911933,96
2024-09-19 12:55:38.224000,424.703022930128,98
2024-09-19 12:55:38.322000,424.72776505615707,997
2024-09-19 12:55:38.327000,424.7472034162514,103
2024-09-19 12:55:38.329000,424.7082064664343,12
2024-09-19 12:55:38.352000,424.7016552666456,12
2024-09-19 12:55:38.399000,424.72309773484994,8
2024-09-19 12:55:38.440000,424.6811382446364,1000
2024-09-19 12:55:38.457000,424.7510068202993,103
2024-09-19 12:55:38.471000,424.7027371414918,1000
2024-09-19 12:55:38.487000,424.76522394445897,98
2024-09-19 12:55:38.524000,424.7071285862678,100
2024-09-19 12:55:38.574000,424.7143579180186,995
2024-09-19 12:55:38.601000,424.6685855420777,99
2024-09-19 12:55:38.668000,424.7364988769182,6
2024-09-19 12:55:38.695000,424.7145179048839,997
2024-09-19 12:55:38.812000,424.75326300670855,8
2024-09-19 12:55:38.846000,424.7768326777342,105
2024-09-19 12:55:38.877000,424.7699613204886,1001
2024-09-19 12:55:38.916000,424.7129363456074,9
2024-09-19 12:55:38.926000,424.6950518858207,105
2024-09-19 12:55:38.956000,424.7742206988198,11
2024-09-19 12:55:39.061000,424.6791963324359,15
2024-09-19 12:55:39.096000,424.72153019698175,5
2024-09-19 12:55:39.138000,424.6771285634039,1003
2024-09-19 12:55:39.147000,424.655036816164,1001
2024-09-19 12:55:39.217000,424.69920497152566,995
2024-09-19 12:55:39.258000,424.6581191274684,103
2024-09-19 12:55:39.280000,424.7169420230584,996
2024-09-19 12:55:39.316000,424.66490842885145,11
2024-09-19 12:55:39.317000,424.6855269748669,5
2024-09-19 12:55:39.352000,424.6996555352242,102
2024-09-19 12:55:39.357000,424.6972370209036,999
2024-09-19 12:55:39.380000,424.715972692652,103
2024-09-19 12:55:39.421000,424.6532832406709,997
2024-09-19 12:55:39.468000,424.662641641084,12
2024-09-19 12:55:39.538000,424.6752100785256,995
2024-09-19 12:55:39.553000,424.73066972521576,7
2024-09-19 12:55:39.662000,424.6743132659198,104
2024-09-19 12:55:39.680000,424.6880790215931,1005
2024-09-19 12:55:39.741000,424.6952765199287,100
2024-09-19 12:55:39.816000,424.6731380081608,7
2024-09-19 12:55:39.896000,424.6887364896882,9
2024-09-19 12:55:39.951000,424.6829455765321,1001
2024-09-19 12:55:40.034000,424.57878894963807,5
2024-09-19 12:55:40.048000,424.6066410098391,999
2024-09-19 12:55:40.079000,424.6027817918648,105
2024-09-19 12:55:40.209000,424.6026919430173,1000
2024-09-19 12:55:40.215000,424.6463448548748,998
2024-09-19 12:55:40.246000,424.6445978161811,997
2024-09-19 12:55:40.307000,424.6353257107715,8
2024-09-19 12:55:40.308000,424.611822822048,99
2024-09-19 12:55:40.532000,424.6296637038511,14
2024-09-19 12:55:40.936000,424.6378418737604,6
2024-09-19 12:55:41.001000,424.6529683219168,9
2024-09-19 12:55:41.073000,424.6118057493418,997
2024-09-19 12:55:41.106000,424.6048824664432,98
2024-09-19 12:55:41.160000,424.5938595897045,102
2024-09-19 12:55:41.250000,424.5888108808113,6
2024-09-19 12:55:41.276000,424.5899277522449,11
2024-09-19 12:55:41.307000,424.5871383268084,95
2024-09-19 12:55:41.370000,424.6365045875142,105
2024-09-19 12:55:41.396000,424.5656554768411,11
2024-09-19 12:55:41.482000,424.5827454106378,7
2024-09-19 12:55:41.588000,424.6051214889205,12
2024-09-19 12:55:41.620000,424.6790971544704,1002
2024-09-19 12:55:41.745000,424.581838126814,1000
2024-09-19 12:55:41.831000,424.61051646573,98
2024-09-19 12:55:41.843000,424.60405690820767,999
2024-09-19 12:55:41.859000,424.6101535273729,997
2024-09-19 12:55:41.891000,424.6026595246108,15
2024-09-19 12:55:41.907000,424.66601129978767,101
2024-09-19 12:55:41.962000,424.622049014637,1005
2024-09-19 12:55:41.995000,424.6315259438592,1004
2024-09-19 12:55:42.109000,424.6376725463454,10
2024-09-19 12:55:42.112000,424.6672774542659,997
2024-09-19 12:55:42.175000,424.6485599821477,13
2024-09-19 12:55:42.180000,424.6449887015153,996
2024-09-19 12:55:42.182000,424.63891312387057,7
2024-09-19 12:55:42.208000,424.6534378024496,5
2024-09-19 12:55:42.296000,424.6536877060312,1003
2024-09-19 12:55:42.313000,424.6512657507386,102
2024-09-19 12:55:42.327000,424.6452335783443,1001
2024-09-19 12:55:42.339000,424.6571245290581,99
2024-09-19 12:55:42.440000,424.6480714211086,13
2024-09-19 12:55:42.441000,424.6330080716683,14
2024-09-19 12:55:42.468000,424.616747082598,998
2024-09-19 12:55:42.553000,424.6364879342457,96
2024-09-19 12:55:42.650000,424.6218550843448,997
2024-09-19 12:55:42.661000,424.62211855747046,15
2024-09-19 12:55:42.669000,424.6514376089447,9
2024-09-19 12:55:42.748000,424.6568949294114,11
2024-09-19 12:55:42.775000,424.6528529237437,97
2024-09-19 12:55:42.782000,424.6500509092183,104
2024-09-19 12:55:42.888000,424.6470689592824,96
2024-09-19 12:55:42.947000,424.64778887122486,6
2024-09-19 12:55:42.955000,424.59851265767634,1000
2024-09-19 12:55:42.956000,424.6276705432383,997
2024-09-19 12:55:43.053000,424.5228171182324,15
2024-09-19 12:55:43.062000,424.5620044475089,997
2024-09-19 12:55:43.177000,424.5896809833549,1001
2024-09-19 12:55:43.189000,424.53494107663386,12
2024-09-19 12:55:43.200000,424.5204107536733,8
2024-09-19 12:55:43.208000,424.5314967901987,5
2024-09-19 12:55:43.267000,424.5941200184648,10
2024-09-19 12:55:43.289000,424.59438953755296,7
2024-09-19 12:55:43.404000,424.518089056106,105
2024-09-19 12:55:43.491000,424.50757016216,12
2024-09-19 12:55:43.500000,424.54477222314136,103
2024-09-19 12:55:43.527000,424.57318635922354,101
2024-09-19 12:55:43.589000,424.5361894335487,14
2024-09-19 12:55:43.659000,424.51817168270367,15
2024-09-19 12:55:43.668000,424.5150792718326,1002
2024-09-19 12:55:43.670000,424.5237072872393,9
2024-09-19 12:55:43.829000,424.4991675702347,95
2024-09-19 12:55:43.865000,424.5464156160804,95
2024-09-19 12:55:43.894000,424.51127429304125,102
2024-09-19 12:55:43.895000,424.5354318819207,96
2024-09-19 12:55:43.921000,424.5235800792228,998
2024-09-19 12:55:44.002000,424.5676170094454,1005
2024-09-19 12:55:44.200000,424.5472203290393,996
2024-09-19 12:55:44.314000,424.5696482228318,6
2024-09-19 12:55:44.388000,424.5667528099375,1004
2024-09-19 12:55:44.485000,424.5536127984498,1003
2024-09-19 12:55:44.496000,424.5684911830032,996
2024-09-19 12:55:44.502000,424.5470603773258,1001
2024-09-19 12:55:44.749000,424.53886852024505,1003
2024-09-19 12:55:44.779000,424.526125512771,12
2024-09-19 12:55:44.796000,424.5721820850626,999
2024-09-19 12:55:45.169000,424.5302183363428,1001
2024-09-19 12:55:45.263000,424.56448400132825,8
2024-09-19 12:55:45.269000,424.51856384776295,12
2024-09-19 12:55:45.287000,424.5258603100663,98
2024-09-19 12:55:45.371000,424.5109101227729,8
2024-09-19 12:55:45.390000,424.52072925997135,997
2024-09-19 12:55:45.507000,424.49748060988185,101
2024-09-19 12:55:45.532000,424.5638986643707,98
2024-09-19 12:55:45.547000,424.51262175013983,6
2024-09-19 12:55:45.742000,424.50228560942185,1002
2024-09-19 12:55:45.867000,424.5136062175261,1005
2024-09-19 12:55:45.929000,424.5435854994951,105
2024-09-19 12:55:45.970000,424.5126407655436,12
2024-09-19 12:55:46.368000,424.51860440030487,104
2024-09-19 12:55:46.485000,424.5434618237689,1004
2024-09-19 12:55:46.512000,424.5425994613928,999
2024-09-19 12:55:46.741000,424.5352740477463,5
2024-09-19 12:55:46.800000,424.51373917461854,100
2024-09-19 12:55:46.806000,424.54260306478494,6
2024-09-19 12:55:46.818000,424.5347854713042,97
2024-09-19 12:55:46.870000,424.5053106708026,6
2024-09-19 12:55:46.919000,424.5311203244289,1004
2024-09-19 12:55:46.919000,424.5699665738716,102
2024-09-19 12:55:47.022000,424.5187949100617,10
2024-09-19 12:55:47.044000,424.5590954008366,1000
2024-09-19 12:55:47.096000,424.5453295750517,7
2024-09-19 12:55:47.108000,424.48916595554607,999
2024-09-19 12:55:47.115000,424.5249597270545,1003
2024-09-19 12:55:47.140000,424.52692281272135,998
2024-09-19 12:55:47.166000,424.5143827655079,96
2024-09-19 12:55:47.199000,424.5688504670805,995
2024-09-19 12:55:47.313000,424.5297667601348,99
2024-09-19 12:55:47.342000,424.5169097757279,1004
2024-09-19 12:55:47.438000,424.5125499630248,996
2024-09-19 12:55:47.444000,424.5265016020582,103
2024-09-19 12:55:47.459000,424.53985994003176,15
2024-09-19 12:55:47.472000,424.5164752136628,105
2024-09-19 12:55:47.497000,424.5648201106916,105
2024-09-19 12:55:47.513000,424.5203075098945,101
2024-09-19 12:55:47.526000,424.5406931939931,10
2024-09-19 12:55:47.546000,424.56041887786375,997
2024-09-19 12:55:47.589000,424.5265427182581,101
2024-09-19 12:55:47.790000,424.5164691903137,1005
2024-09-19 12:55:47.826000,424.508839677339,104
2024-09-19 12:55:47.849000,424.5087540475443,1003
2024-09-19 12:55:47.922000,424.5033752571546,1003
2024-09-19 12:55:47.966000,424.521471503374,105
2024-09-19 12:55:48.091000,424.51907149308187,104
2024-09-19 12:55:48.119000,424.5140316046209,95
2024-09-19 12:55:48.140000,424.5076170024692,97
2024-09-19 12:55:48.207000,424.5324441420999,101
2024-09-19 12:55:48.281000,424.4798560924879,98
2024-09-19 12:55:48.482000,424.54842222813386,998
2024-09-19 12:55:48.611000,424.51847903804713,5
2024-09-19 12:55:48.711000,424.5224610271258,105
2024-09-19 12:55:48.753000,424.4926714546901,1005
2024-09-19 12:55:48.761000,424.5237856575629,14
2024-09-19 12:55:48.778000,424.51743530045815,1004
2024-09-19 12:55:48.781000,424.4984800487655,105
2024-09-19 12:55:48.963000,424.5034832905576,11
2024-09-19 12:55:49.007000,424.51530378418016,12
2024-09-19 12:55:49.053000,424.5341354745393,99
2024-09-19 12:55:49.222000,424.48217211332513,999
2024-09-19 12:55:49.226000,424.5292393609169,15
2024-09-19 12:55:49.251000,424.5149824495901,14
2024-09-19 12:55:49.292000,424.52982608297066,5
2024-09-19 12:55:49.293000,424.5384493202196,996
2024-09-19 12:55:49.318000,424.5348567563282,7
2024-09-19 12:55:49.511000,424.5313722009389,1002
2024-09-19 12:55:49.591000,424.5100548779172,98
2024-09-19 12:55:49.641000,424.5121351521556,998
2024-09-19 12:55:49.657000,424.5015800729731,99
2024-09-19 12:55:49.688000,424.5008087487012,7
2024-09-19 12:55:49.710000,424.5264004876311,1002
2024-09-19 12:55:49.741000,424.5423704079836,13
2024-09-19 12:55:49.759000,424.540361235874,1000
2024-09-19 12:55:49.773000,424.5027518305994,15
2024-09-19 12:55:49.776000,424.5460618103366,14
2024-09-19 12:55:49.791000,424.5000308995996,8
2024-09-19 12:55:49.830000,424.50282937883657,98
2024-09-19 12:55:49.855000,424.5155029418768,105
2024-09-19 12:55:49.893000,424.5277970324989,6
2024-09-19 12:55:49.913000,424.5020269207061,997
2024-09-19 12:55:49.996000,424.5325674897393,105
2024-09-19 12:55:51.025000,424.5315962944137,1002
2024-09-19 12:55:51.110000,424.5090735252527,98
2024-09-19 12:55:51.185000,424.54919828851,97
2024-09-19 12:55:51.265000,424.493688658301,998
2024-09-19 12:55:51.266000,424.5280940661206,12
2024-09-19 12:55:51.475000,424.51105495642287,100
2024-09-19 12:55:51.585000,424.5088065289013,97
2024-09-19 12:55:51.717000,424.487188195881,998
2024-09-19 12:55:51.724000,424.5017172370398,998
2024-09-19 12:55:51.725000,424.5100648542435,95
2024-09-19 12:55:52.022000,424.49661573172784,8
2024-09-19 12:55:52.032000,424.46198423044194,1004
2024-09-19 12:55:52.058000,424.48038347010737,14
2024-09-19 12:55:52.065000,424.5004090223736,9
2024-09-19 12:55:52.146000,424.42615027359767,8
2024-09-19 12:55:52.218000,424.4757619057754,1004
2024-09-19 12:55:52.221000,424.4359761525198,14
2024-09-19 12:55:52.261000,424.4498447433425,98
2024-09-19 12:55:52.262000,424.47065112483466,11
2024-09-19 12:55:52.367000,424.5063756449013,9
2024-09-19 12:55:52.373000,424.4572479992062,95
2024-09-19 12:55:52.453000,424.4182307812529,13
2024-09-19 12:55:52.520000,424.4621786699059,97
2024-09-19 12:55:52.535000,424.4672434552973,1001
2024-09-19 12:55:52.575000,424.4698970755239,105
2024-09-19 12:55:52.655000,424.46657887467086,12
2024-09-19 12:55:52.707000,424.4580688213991,6
2024-09-19 12:55:52.719000,424.4183789327342,11
2024-09-19 12:55:52.726000,424.4754059233365,95
2024-09-19 12:55:52.728000,424.4839878514947,105
2024-09-19 12:55:52.814000,424.449409907866,98
2024-09-19 12:55:52.828000,424.44008489700826,10
2024-09-19 12:55:52.835000,424.44284544814633,999
2024-09-19 12:55:52.849000,424.4298395602413,10
2024-09-19 12:55:52.858000,424.4447016361944,995
2024-09-19 12:55:52.864000,424.5107253782738,998
2024-09-19 12:55:52.915000,424.5006087111185,1001
2024-09-19 12:55:53.047000,424.52426815003565,1005
2024-09-19 12:55:53.084000,424.45389116836446,1004
2024-09-19 12:55:53.107000,424.5271749725917,10
2024-09-19 12:55:53.143000,424.515617549398,97
2024-09-19 12:55:53.147000,424.51653664092737,98
2024-09-19 12:55:53.181000,424.451008941984,999
2024-09-19 12:55:53.241000,424.5025710066117,1003
2024-09-19 12:55:53.344000,424.5003687335165,12
2024-09-19 12:55:53.380000,424.4405207962609,14
2024-09-19 12:55:53.392000,424.5466996960569,105
2024-09-19 12:55:53.411000,424.4603242680152,999
2024-09-19 12:55:53.449000,424.5471892424747,100
2024-09-19 12:55:53.467000,424.50364018038994,1002
2024-09-19 12:55:53.477000,424.5079114730317,100
2024-09-19 12:55:53.582000,424.5561146358992,105
2024-09-19 12:55:53.668000,424.5150469575356,98
2024-09-19 12:55:53.707000,424.4792827107641,102
2024-09-19 12:55:53.769000,424.4229272599907,5
2024-09-19 12:55:53.815000,424.4866658166645,8
2024-09-19 12:55:53.908000,424.45408467439154,100
2024-09-19 12:55:53.914000,424.4599072473567,1003
2024-09-19 12:55:53.981000,424.4711465517145,9
2024-09-19 12:55:54.150000,424.4887853982236,7
2024-09-19 12:55:54.216000,424.4750426976634,996
2024-09-19 12:55:54.237000,424.4815393181077,1002
2024-09-19 12:55:54.268000,424.492377137746,9
2024-09-19 12:55:54.343000,424.45279835405046,1000
2024-09-19 12:55:54.345000,424.4583288844173,10
2024-09-19 12:55:54.385000,424.46743276391487,15
2024-09-19 12:55:54.597000,424.4751988327968,996
2024-09-19 12:55:54.609000,424.4533669823328,1001
2024-09-19 12:55:54.681000,424.4497420018837,6
2024-09-19 12:55:54.786000,424.45454774974536,995
2024-09-19 12:55:54.787000,424.46708864750735,96
2024-09-19 12:55:54.788000,424.44457222881726,999
2024-09-19 12:55:54.846000,424.4621102137858,14
2024-09-19 12:55:54.890000,424.47362666853695,11
2024-09-19 12:55:54.949000,424.4630554993506,995
2024-09-19 12:55:55.051000,424.4988970339082,102
2024-09-19 12:55:55.055000,424.4376903392785,997
2024-09-19 12:55:55.154000,424.4726350412542,1005
2024-09-19 12:55:55.267000,424.4509829548298,10
2024-09-19 12:55:55.276000,424.44947472422086,99
2024-09-19 12:55:55.308000,424.4467498721152,100
2024-09-19 12:55:55.364000,424.43115144044566,998
2024-09-19 12:55:55.405000,424.4323612039557,96
2024-09-19 12:55:55.435000,424.4413760156038,1004
2024-09-19 12:55:55.527000,424.51714029609593,11
2024-09-19 12:55:55.663000,424.4989598495034,995
2024-09-19 12:55:55.798000,424.4342206673885,1001
2024-09-19 12:55:55.819000,424.5206180565333,997
2024-09-19 12:55:55.877000,424.4331251009474,999
2024-09-19 12:55:55.998000,424.43669562514617,97
2024-09-19 12:55:56.022000,424.54010823785,105
2024-09-19 12:55:56.350000,424.5654341120814,95
2024-09-19 12:55:56.724000,424.54963905137424,998
2024-09-19 12:55:57.009000,424.4938356741352,105
2024-09-19 12:55:57.013000,424.5368380504528,102
2024-09-19 12:55:57.037000,424.55838056589465,8
2024-09-19 12:55:57.117000,424.54228092139874,996
2024-09-19 12:55:57.147000,424.5125583399912,14
2024-09-19 12:55:57.158000,424.4984350944031,96
2024-09-19 12:55:57.342000,424.4854476935564,10
2024-09-19 12:55:57.392000,424.5429396511121,998
2024-09-19 12:55:57.484000,424.5644604514978,98
2024-09-19 12:55:57.494000,424.4818657742913,103
2024-09-19 12:55:57.521000,424.47624227495845,14
2024-09-19 12:55:57.527000,424.5297623706294,15
2024-09-19 12:55:57.548000,424.4956008814352,9
2024-09-19 12:55:57.598000,424.5003156835381,10
2024-09-19 12:55:57.681000,424.4910570202207,995
2024-09-19 12:55:57.752000,424.47823529068376,15
2024-09-19 12:55:57.805000,424.50912903716494,5
2024-09-19 12:55:57.839000,424.5389851736568,102
2024-09-19 12:55:57.896000,424.52957808558193,102
2024-09-19 12:55:57.971000,424.561298159657,11
2024-09-19 12:55:58.024000,424.5908606721327,999
2024-09-19 12:55:58.032000,424.5626585924289,105
2024-09-19 12:55:58.113000,424.5188445329801,1003
2024-09-19 12:55:58.190000,424.4765635922784,11
2024-09-19 12:55:58.193000,424.50039107143687,103
2024-09-19 12:55:58.247000,424.5478901225905,11
2024-09-19 12:55:58.264000,424.5144574733483,98
2024-09-19 12:55:58.287000,424.5091332471781,14
2024-09-19 12:55:58.341000,424.5737444705396,95
2024-09-19 12:55:58.348000,424.56131598734834,103
2024-09-19 12:55:58.362000,424.4447932693064,995
2024-09-19 12:55:58.412000,424.5368408830103,104
2024-09-19 12:55:58.433000,424.4837493110672,8
2024-09-19 12:55:58.456000,424.62877131040887,1002
2024-09-19 12:55:58.519000,424.4667985756409,997
2024-09-19 12:55:58.542000,424.4585343153039,9
2024-09-19 12:55:58.574000,424.4982447358776,1002
2024-09-19 12:55:58.630000,424.5065610768586,15
2024-09-19 12:55:58.666000,424.4616601796959,999
2024-09-19 12:55:58.667000,424.5763097680483,104
2024-09-19 12:55:58.727000,424.4994238386207,8
2024-09-19 12:55:58.747000,424.6169214699127,1005
2024-09-19 12:55:58.773000,424.57773750630855,9
2024-09-19 12:55:58.785000,424.5337890449704,6
2024-09-19 12:55:58.804000,424.5228141360672,998
2024-09-19 12:55:58.808000,424.6194721663512,995
2024-09-19 12:55:58.874000,424.5786883468794,98
2024-09-19 12:55:58.875000,424.5447264192467,1002
2024-09-19 12:55:58.919000,424.4333879717965,13
2024-09-19 12:55:58.988000,424.46448796553176,12
2024-09-19 12:55:59.044000,424.6438675990668,11
2024-09-19 12:55:59.184000,424.6850556492825,98
2024-09-19 12:55:59.203000,424.631777112041,999
2024-09-19 12:55:59.344000,424.6670530071968,12
2024-09-19 12:55:59.391000,424.67537432959824,996
2024-09-19 12:55:59.624000,424.6762603831253,999
2024-09-19 12:55:59.690000,424.6543477316066,101
2024-09-19 12:55:59.735000,424.6927410196293,1000
2024-09-19 12:55:59.820000,424.6355542954629,96
2024-09-19 12:55:59.878000,424.6942689655221,1003
2024-09-19 12:55:59.953000,424.663399979602,995
2024-09-19 12:55:59.992000,424.6709660106503,12
