Timestamp,Price,Size
2024-09-20 13:55:00.014000,429.9058521699065,1001
2024-09-20 13:55:00.376000,429.8963018768368,101
2024-09-20 13:55:00.934000,429.87283546261807,1005
2024-09-20 13:55:01.288000,429.9217540410759,1005
2024-09-20 13:55:01.320000,429.9210130455959,999
2024-09-20 13:55:01.576000,429.9062452872923,98
2024-09-20 13:55:01.851000,429.9161965902688,13
2024-09-20 13:55:01.972000,429.9181675028439,103
2024-09-20 13:55:02.081000,429.9205689287152,97
2024-09-20 13:55:02.149000,429.9042778253548,12
2024-09-20 13:55:02.191000,429.9225383158183,7
2024-09-20 13:55:02.485000,429.91228839915567,102
2024-09-20 13:55:02.547000,429.90761487516346,1001
2024-09-20 13:55:02.610000,429.894734307316,1002
2024-09-20 13:55:02.654000,429.91294839362047,1000
2024-09-20 13:55:02.660000,429.9166609498829,1005
2024-09-20 13:55:02.878000,429.9144861013591,104
2024-09-20 13:55:02.982000,429.9138148926046,996
2024-09-20 13:55:03.026000,429.9433395495976,1001
2024-09-20 13:55:03.092000,429.9239503570154,99
2024-09-20 13:55:03.111000,429.9055983789585,14
2024-09-20 13:55:03.129000,429.9419694411752,95
2024-09-20 13:55:03.142000,429.9525057220292,102
2024-09-20 13:55:03.143000,429.9327872917106,13
2024-09-20 13:55:03.185000,429.9403120867872,104
2024-09-20 13:55:03.189000,429.899002565869,7
2024-09-20 13:55:03.243000,429.94823418332624,13
2024-09-20 13:55:03.259000,429.9457246691349,996
2024-09-20 13:55:03.269000,429.8996974906442,15
2024-09-20 13:55:03.328000,429.9362126821382,101
2024-09-20 13:55:03.362000,429.91540141332086,997
2024-09-20 13:55:03.390000,429.9322688260556,5
2024-09-20 13:55:03.432000,429.9354907613119,96
2024-09-20 13:55:03.440000,429.9354089537342,105
2024-09-20 13:55:03.511000,429.9258009633104,999
2024-09-20 13:55:03.550000,429.9315947565772,9
2024-09-20 13:55:03.554000,429.9303057358621,7
2024-09-20 13:55:03.579000,429.93098800143787,105
2024-09-20 13:55:03.614000,429.9135301778294,12
2024-09-20 13:55:03.622000,429.8993441095574,98
2024-09-20 13:55:03.650000,429.9356108984856,6
2024-09-20 13:55:03.680000,429.95128463212416,101
2024-09-20 13:55:03.703000,429.9040645034306,1002
2024-09-20 13:55:03.880000,429.8972157060584,1003
2024-09-20 13:55:03.897000,429.90030544065615,999
2024-09-20 13:55:03.930000,429.9062503829554,102
2024-09-20 13:55:04.271000,429.9606845975498,1002
2024-09-20 13:55:04.419000,429.9342889202635,1004
2024-09-20 13:55:04.461000,429.97166413705565,1005
2024-09-20 13:55:04.483000,429.9309007024806,996
2024-09-20 13:55:04.504000,429.9446812240881,8
2024-09-20 13:55:04.512000,429.9466436458469,99
2024-09-20 13:55:04.568000,429.95048337574167,97
2024-09-20 13:55:04.732000,429.959327657624,1000
2024-09-20 13:55:04.737000,429.94640949449433,8
2024-09-20 13:55:05.008000,429.9368832210751,999
2024-09-20 13:55:05.074000,429.9597791531757,998
2024-09-20 13:55:05.080000,429.9371308587083,96
2024-09-20 13:55:05.082000,429.950144955901,104
2024-09-20 13:55:05.122000,429.96588212563097,997
2024-09-20 13:55:05.178000,429.9445865598215,103
2024-09-20 13:55:05.187000,429.9460310702127,10
2024-09-20 13:55:05.277000,429.9662750578327,103
2024-09-20 13:55:05.346000,429.9795818474198,5
2024-09-20 13:55:05.348000,429.9801241936435,102
2024-09-20 13:55:05.373000,429.93236615565206,1005
2024-09-20 13:55:05.400000,429.9605130054601,98
2024-09-20 13:55:05.461000,429.9517283650248,6
2024-09-20 13:55:05.570000,429.95153820705394,1003
2024-09-20 13:55:05.612000,429.9619605836908,996
2024-09-20 13:55:05.617000,429.9428208342721,15
2024-09-20 13:55:05.637000,429.9937510686562,995
2024-09-20 13:55:05.667000,429.9631453904525,7
2024-09-20 13:55:05.741000,429.9305321150074,103
2024-09-20 13:55:05.748000,429.9564067382577,96
2024-09-20 13:55:05.757000,429.95525561519,104
2024-09-20 13:55:05.781000,429.9711020369684,995
2024-09-20 13:55:05.790000,429.9813758540409,97
2024-09-20 13:55:05.809000,429.9662828213179,6
2024-09-20 13:55:05.856000,429.9581541912348,1003
2024-09-20 13:55:05.908000,429.95708889044806,105
2024-09-20 13:55:05.909000,429.9886889172749,997
2024-09-20 13:55:05.919000,429.9605519189981,997
2024-09-20 13:55:05.934000,429.95451279521086,995
2024-09-20 13:55:06.080000,429.9648742852946,11
2024-09-20 13:55:06.090000,429.9623825257037,100
2024-09-20 13:55:06.102000,429.96141218702746,96
2024-09-20 13:55:06.168000,429.9662463158675,15
2024-09-20 13:55:06.187000,429.9555429714257,97
2024-09-20 13:55:06.239000,429.9380278184173,103
2024-09-20 13:55:06.291000,429.9453104493533,8
2024-09-20 13:55:06.327000,429.95728979359546,9
2024-09-20 13:55:06.514000,429.9293103134595,1004
2024-09-20 13:55:06.685000,429.9499404429845,11
2024-09-20 13:55:06.714000,429.9589624307212,14
2024-09-20 13:55:06.810000,429.9096547594429,999
2024-09-20 13:55:06.844000,429.906495021521,14
2024-09-20 13:55:06.881000,429.9352251358483,13
2024-09-20 13:55:06.933000,429.9597829834556,7
2024-09-20 13:55:06.983000,429.96485759673584,15
2024-09-20 13:55:06.994000,429.9274409049825,1004
2024-09-20 13:55:06.996000,429.95594826397695,998
2024-09-20 13:55:07.032000,429.8994607904344,1000
2024-09-20 13:55:07.083000,429.9099979598847,9
2024-09-20 13:55:07.209000,429.8920174467457,1001
2024-09-20 13:55:07.264000,429.8811757246808,95
2024-09-20 13:55:07.267000,429.8893372772182,98
2024-09-20 13:55:07.382000,429.8823498901207,999
2024-09-20 13:55:07.536000,429.8929852097196,15
2024-09-20 13:55:07.554000,429.8903495352319,13
2024-09-20 13:55:07.566000,429.914727638271,995
2024-09-20 13:55:07.687000,429.9167144965322,996
2024-09-20 13:55:07.700000,429.8992776350297,1003
2024-09-20 13:55:07.758000,429.8986342066561,104
2024-09-20 13:55:07.820000,429.9047308947914,103
2024-09-20 13:55:07.943000,429.877212130046,5
2024-09-20 13:55:07.977000,429.89571045690064,996
2024-09-20 13:55:07.989000,429.8944451198151,997
2024-09-20 13:55:08.104000,429.87016985902727,96
2024-09-20 13:55:08.131000,429.8642606900641,97
2024-09-20 13:55:08.406000,429.8527300378242,998
2024-09-20 13:55:08.467000,429.8678825593772,1002
2024-09-20 13:55:08.545000,429.8938023816097,97
2024-09-20 13:55:08.558000,429.85435943474346,6
2024-09-20 13:55:08.743000,429.8680354205162,998
2024-09-20 13:55:08.778000,429.86348229868855,98
2024-09-20 13:55:08.827000,429.8321400894925,1005
2024-09-20 13:55:08.853000,429.8563359440834,12
2024-09-20 13:55:08.972000,429.8483294329438,1001
2024-09-20 13:55:09.049000,429.82764042834975,100
2024-09-20 13:55:09.225000,429.74996082088296,96
2024-09-20 13:55:09.284000,429.7758035095762,98
2024-09-20 13:55:09.324000,429.8480530141359,14
2024-09-20 13:55:09.349000,429.81303564906847,100
2024-09-20 13:55:09.363000,429.7645815433624,100
2024-09-20 13:55:09.399000,429.78413493763657,1001
2024-09-20 13:55:09.405000,429.83440593971056,11
2024-09-20 13:55:09.451000,429.83161928514426,9
2024-09-20 13:55:09.524000,429.7681165160925,103
2024-09-20 13:55:09.526000,429.8358050048456,996
2024-09-20 13:55:09.540000,429.819748998304,1000
2024-09-20 13:55:09.591000,429.8296463715433,1000
2024-09-20 13:55:09.655000,429.7664952302002,14
2024-09-20 13:55:09.789000,429.78379171658406,100
2024-09-20 13:55:09.854000,429.8188375364584,15
2024-09-20 13:55:10.006000,429.7821942949005,11
2024-09-20 13:55:10.060000,429.7364423961884,12
2024-09-20 13:55:10.077000,429.7664248437038,1001
2024-09-20 13:55:10.139000,429.7550251992855,6
2024-09-20 13:55:10.181000,429.7438131908548,10
2024-09-20 13:55:10.338000,429.81098351329246,10
2024-09-20 13:55:10.371000,429.7410169042943,100
2024-09-20 13:55:10.377000,429.79413892762994,10
2024-09-20 13:55:10.439000,429.8059031803133,95
2024-09-20 13:55:10.578000,429.7442610262602,11
2024-09-20 13:55:10.629000,429.75228319809776,14
2024-09-20 13:55:10.688000,429.74920824266593,101
2024-09-20 13:55:10.766000,429.8236169278716,1002
2024-09-20 13:55:10.780000,429.7572473880144,997
2024-09-20 13:55:10.963000,429.7478509008821,1002
2024-09-20 13:55:10.971000,429.8291386814581,9
2024-09-20 13:55:11.303000,429.8289019104536,997
2024-09-20 13:55:12.043000,429.85175179582734,96
2024-09-20 13:55:12.049000,429.8108327709176,13
2024-09-20 13:55:12.110000,429.82538650492376,997
2024-09-20 13:55:12.111000,429.7522569186433,11
2024-09-20 13:55:12.194000,429.8714780295545,102
2024-09-20 13:55:12.209000,429.8212195303287,1002
2024-09-20 13:55:12.226000,429.8114887955335,7
2024-09-20 13:55:12.300000,429.78015519000286,1000
2024-09-20 13:55:12.331000,429.81769670416674,1001
2024-09-20 13:55:12.337000,429.857136688742,12
2024-09-20 13:55:12.370000,429.763609069058,8
2024-09-20 13:55:12.382000,429.8521967345149,15
2024-09-20 13:55:12.400000,429.8570715613789,15
2024-09-20 13:55:12.491000,429.8097263277131,105
2024-09-20 13:55:12.499000,429.8036674808563,99
2024-09-20 13:55:12.500000,429.8053188990649,997
2024-09-20 13:55:12.524000,429.82895486446745,104
2024-09-20 13:55:12.605000,429.795289601255,6
2024-09-20 13:55:12.611000,429.758209932254,8
2024-09-20 13:55:12.618000,429.8090306780863,7
2024-09-20 13:55:12.625000,429.8040204441716,7
2024-09-20 13:55:12.680000,429.8067823135348,1004
2024-09-20 13:55:12.710000,429.8294491571716,6
2024-09-20 13:55:12.719000,429.7964847815404,13
2024-09-20 13:55:12.752000,429.8073367177255,5
2024-09-20 13:55:12.769000,429.78046189643584,997
2024-09-20 13:55:12.900000,429.7786016379987,100
2024-09-20 13:55:12.918000,429.8262758313856,105
2024-09-20 13:55:12.950000,429.7995760218804,100
2024-09-20 13:55:13.027000,429.8304801275588,101
2024-09-20 13:55:13.056000,429.8315017690136,1001
2024-09-20 13:55:13.102000,429.8461342299277,12
2024-09-20 13:55:13.184000,429.8629576493594,101
2024-09-20 13:55:13.195000,429.8607033151631,102
2024-09-20 13:55:13.332000,429.865166834757,95
2024-09-20 13:55:13.398000,429.86712625524814,97
2024-09-20 13:55:13.411000,429.8607469756134,1001
2024-09-20 13:55:13.486000,429.8581171458328,9
2024-09-20 13:55:13.491000,429.87879879646806,1003
2024-09-20 13:55:13.506000,429.8583502911875,95
2024-09-20 13:55:13.574000,429.8912713194619,105
2024-09-20 13:55:13.639000,429.87838700113,1004
2024-09-20 13:55:13.659000,429.8914666117067,99
2024-09-20 13:55:13.697000,429.864786257803,6
2024-09-20 13:55:13.757000,429.8566209716602,11
2024-09-20 13:55:13.911000,429.8305032265309,13
2024-09-20 13:55:13.962000,429.8791686445877,1001
2024-09-20 13:55:14.014000,429.885789190816,14
2024-09-20 13:55:14.121000,429.8838150408083,103
2024-09-20 13:55:14.283000,429.88837747145686,7
2024-09-20 13:55:14.380000,429.88944994448127,5
2024-09-20 13:55:14.443000,429.8808447199062,1001
2024-09-20 13:55:14.529000,429.8803024545177,8
2024-09-20 13:55:14.548000,429.8613076564141,1004
2024-09-20 13:55:14.582000,429.884672140308,1001
2024-09-20 13:55:14.642000,429.8652811557645,995
2024-09-20 13:55:14.790000,429.8855075574053,1000
2024-09-20 13:55:14.905000,429.8842656095719,5
2024-09-20 13:55:15.023000,429.9036876276003,1001
2024-09-20 13:55:15.062000,429.91681567793376,12
2024-09-20 13:55:15.073000,429.89517191325984,98
2024-09-20 13:55:15.113000,429.8773690441288,13
2024-09-20 13:55:15.115000,429.9158509842348,13
2024-09-20 13:55:15.128000,429.91619390311325,13
2024-09-20 13:55:15.141000,429.91615122917625,102
2024-09-20 13:55:15.170000,429.9053593329836,1000
2024-09-20 13:55:15.191000,429.8933019345544,995
2024-09-20 13:55:15.279000,429.9046067794823,999
2024-09-20 13:55:15.378000,429.8883156888498,105
2024-09-20 13:55:15.391000,429.88693342618456,8
2024-09-20 13:55:15.407000,429.88576703845627,10
2024-09-20 13:55:15.458000,429.8909957099901,95
2024-09-20 13:55:15.483000,429.9034722551498,8
2024-09-20 13:55:15.567000,429.89069986205527,97
2024-09-20 13:55:15.577000,429.896276221984,102
2024-09-20 13:55:15.710000,429.8750129829471,10
2024-09-20 13:55:15.721000,429.90508849567806,998
2024-09-20 13:55:15.767000,429.89336547877497,1005
2024-09-20 13:55:15.780000,429.9159362893541,104
2024-09-20 13:55:15.796000,429.8893095765513,1005
2024-09-20 13:55:15.928000,429.9127435851147,96
2024-09-20 13:55:15.947000,429.9052099630583,1004
2024-09-20 13:55:16.110000,429.91753013942514,8
2024-09-20 13:55:16.239000,429.9257663268591,103
2024-09-20 13:55:16.396000,429.921004310602,1003
2024-09-20 13:55:16.549000,429.9137854751701,96
2024-09-20 13:55:16.723000,429.9175758538215,1005
2024-09-20 13:55:16.766000,429.9136268950049,1004
2024-09-20 13:55:16.793000,429.9163374781893,105
2024-09-20 13:55:16.823000,429.9181348417989,101
2024-09-20 13:55:16.983000,429.9049963901938,99
2024-09-20 13:55:17.037000,429.9046502012666,13
2024-09-20 13:55:17.081000,429.9076338479449,998
2024-09-20 13:55:17.108000,429.9195389204272,13
2024-09-20 13:55:17.270000,429.9413346423807,995
2024-09-20 13:55:17.317000,429.9259897128435,1003
2024-09-20 13:55:17.324000,429.9360593323748,8
2024-09-20 13:55:17.541000,429.89934855300015,7
2024-09-20 13:55:17.607000,429.9470872540471,10
2024-09-20 13:55:17.711000,429.8941122137268,95
2024-09-20 13:55:17.868000,429.89610229882936,102
2024-09-20 13:55:17.960000,429.9383574526461,999
2024-09-20 13:55:17.967000,429.8896732552432,5
2024-09-20 13:55:17.978000,429.8967159511201,999
2024-09-20 13:55:17.989000,429.9423662529649,1003
2024-09-20 13:55:18.230000,429.9883338980936,97
2024-09-20 13:55:18.404000,429.95600444620544,8
2024-09-20 13:55:18.542000,430.0052443796965,95
2024-09-20 13:55:18.600000,430.0049470173575,98
2024-09-20 13:55:18.600000,429.9585229586376,104
2024-09-20 13:55:18.732000,429.9725665851636,5
2024-09-20 13:55:18.827000,430.008414454074,15
2024-09-20 13:55:18.842000,430.01386936161606,10
2024-09-20 13:55:18.952000,429.9490976848502,996
2024-09-20 13:55:18.973000,429.96430873651815,1001
2024-09-20 13:55:19.011000,430.03771084269977,14
2024-09-20 13:55:19.025000,430.01462810256027,1005
2024-09-20 13:55:19.083000,430.01994954789967,14
2024-09-20 13:55:19.101000,430.01464499506113,98
2024-09-20 13:55:19.137000,430.0497816175405,99
2024-09-20 13:55:19.500000,429.99102138468913,999
2024-09-20 13:55:19.563000,430.02995408181937,7
2024-09-20 13:55:19.644000,430.0316649268415,97
2024-09-20 13:55:19.710000,430.01809737029765,9
2024-09-20 13:55:19.794000,430.0438051021878,7
2024-09-20 13:55:20.014000,429.9449823913304,103
2024-09-20 13:55:20.169000,430.0148110256984,98
2024-09-20 13:55:20.172000,430.0013836216763,7
2024-09-20 13:55:20.216000,429.9692230813813,103
2024-09-20 13:55:20.234000,429.997078505567,11
2024-09-20 13:55:20.342000,429.98907230235926,100
2024-09-20 13:55:20.406000,430.00570724121695,15
2024-09-20 13:55:20.428000,430.0216729131262,15
2024-09-20 13:55:20.529000,430.0050810697372,7
2024-09-20 13:55:20.556000,429.98126383200224,100
2024-09-20 13:55:20.567000,429.9972428949731,103
2024-09-20 13:55:20.584000,429.9960291996965,5
2024-09-20 13:55:20.605000,429.9642654266607,1003
2024-09-20 13:55:20.659000,429.97817895749,995
2024-09-20 13:55:20.718000,430.0062427764542,96
2024-09-20 13:55:20.751000,429.94865345456617,101
2024-09-20 13:55:20.826000,430.012372980565,5
2024-09-20 13:55:20.857000,429.9964879003671,10
2024-09-20 13:55:20.922000,430.00481832831673,998
2024-09-20 13:55:20.928000,429.9599368974643,95
2024-09-20 13:55:20.980000,430.0128101501615,97
2024-09-20 13:55:21.066000,429.94945479589296,996
2024-09-20 13:55:21.180000,429.9662652978876,995
2024-09-20 13:55:21.354000,429.9685641446157,8
2024-09-20 13:55:21.424000,429.955081433265,13
2024-09-20 13:55:21.504000,429.9215405475062,10
2024-09-20 13:55:21.525000,429.9747088548007,100
2024-09-20 13:55:21.841000,429.9435695877487,14
2024-09-20 13:55:21.926000,429.9562020095821,12
2024-09-20 13:55:21.977000,429.9024925840511,101
2024-09-20 13:55:22.058000,429.90493272252286,5
2024-09-20 13:55:22.081000,429.9014008341669,99
2024-09-20 13:55:22.219000,429.8949022007075,15
2024-09-20 13:55:22.309000,429.8956467970676,100
2024-09-20 13:55:22.369000,429.911260466159,995
2024-09-20 13:55:22.395000,429.9235391881996,9
2024-09-20 13:55:22.463000,429.8994742303841,101
2024-09-20 13:55:22.530000,429.91479724567125,1002
2024-09-20 13:55:22.594000,429.907239224892,14
2024-09-20 13:55:22.606000,429.9069354838542,99
2024-09-20 13:55:22.650000,429.88879887169327,105
2024-09-20 13:55:22.681000,429.8899574138212,1001
2024-09-20 13:55:22.715000,429.9221378688758,1002
2024-09-20 13:55:22.853000,429.9012944793235,5
2024-09-20 13:55:22.931000,429.8845172232428,6
2024-09-20 13:55:22.947000,429.8990637102493,1005
2024-09-20 13:55:22.956000,429.9039120850707,100
2024-09-20 13:55:22.972000,429.907201716438,103
2024-09-20 13:55:23.001000,429.8861414595456,995
2024-09-20 13:55:23.114000,429.8916854041451,997
2024-09-20 13:55:24.073000,429.9142410938298,1004
2024-09-20 13:55:24.222000,429.9015972975633,100
2024-09-20 13:55:24.468000,429.90160156301056,5
2024-09-20 13:55:25.176000,429.90270946495633,5
2024-09-20 13:55:25.923000,429.89623154238416,97
2024-09-20 13:55:26.033000,429.8598598065975,10
2024-09-20 13:55:26.056000,429.90891549070506,102
2024-09-20 13:55:26.084000,429.8871636346908,102
2024-09-20 13:55:26.094000,429.9016116211621,8
2024-09-20 13:55:26.136000,429.8581404391456,10
2024-09-20 13:55:26.296000,429.8649398159002,1005
2024-09-20 13:55:26.362000,429.8989276970722,1003
2024-09-20 13:55:26.453000,429.8740493283405,1003
2024-09-20 13:55:26.457000,429.8780977837856,1001
2024-09-20 13:55:26.486000,429.9009911161049,104
2024-09-20 13:55:26.668000,429.8946167875081,98
2024-09-20 13:55:26.774000,429.868001793096,995
2024-09-20 13:55:26.878000,429.8834878922585,15
2024-09-20 13:55:27.114000,429.8497698344839,10
2024-09-20 13:55:27.431000,429.8554032639584,103
2024-09-20 13:55:27.834000,429.8588711351183,103
2024-09-20 13:55:27.864000,429.83943796097367,9
2024-09-20 13:55:27.874000,429.85623917483446,100
2024-09-20 13:55:28.009000,429.855754083782,995
2024-09-20 13:55:28.154000,429.8284195651424,11
2024-09-20 13:55:28.171000,429.8316208816628,7
2024-09-20 13:55:28.194000,429.8426967126902,995
2024-09-20 13:55:28.261000,429.8617620082397,97
2024-09-20 13:55:28.283000,429.8327864090655,997
2024-09-20 13:55:28.528000,429.8331033558771,96
2024-09-20 13:55:28.720000,429.8299444487994,101
2024-09-20 13:55:29.009000,429.8378780743356,998
2024-09-20 13:55:29.132000,429.84891354776,97
2024-09-20 13:55:29.157000,429.8435165153907,1003
2024-09-20 13:55:29.635000,429.8649537152116,7
2024-09-20 13:55:29.651000,429.85106418776456,10
2024-09-20 13:55:29.714000,429.8634047691965,100
2024-09-20 13:55:29.788000,429.8584878967807,1001
2024-09-20 13:55:30.662000,429.84781891885615,12
2024-09-20 13:55:31.008000,429.8818092212053,8
2024-09-20 13:55:31.061000,429.878136985716,103
2024-09-20 13:55:31.204000,429.8457140277017,997
2024-09-20 13:55:31.290000,429.8749297483917,14
2024-09-20 13:55:31.441000,429.8629761692483,5
2024-09-20 13:55:31.491000,429.88447245240735,997
2024-09-20 13:55:31.501000,429.8778467233589,1001
2024-09-20 13:55:31.563000,429.8401155028706,11
2024-09-20 13:55:31.574000,429.852056492074,15
2024-09-20 13:55:31.584000,429.862303969908,999
2024-09-20 13:55:31.603000,429.81466690341887,15
2024-09-20 13:55:31.610000,429.8471085290223,1005
2024-09-20 13:55:31.662000,429.8286424720253,998
2024-09-20 13:55:31.684000,429.8447625877714,7
2024-09-20 13:55:31.765000,429.8657251465713,5
2024-09-20 13:55:31.892000,429.8589013309566,1002
2024-09-20 13:55:31.897000,429.8214263805369,996
2024-09-20 13:55:31.954000,429.8636647896339,103
2024-09-20 13:55:32.045000,429.8345674995356,12
2024-09-20 13:55:32.049000,429.8455226683512,996
2024-09-20 13:55:32.251000,429.8514485575556,95
2024-09-20 13:55:32.326000,429.8588073963159,13
2024-09-20 13:55:32.570000,429.8246307298975,98
2024-09-20 13:55:32.636000,429.84799748908415,997
2024-09-20 13:55:32.691000,429.8209874841676,101
2024-09-20 13:55:32.732000,429.843450455333,104
2024-09-20 13:55:32.738000,429.8221104753019,95
2024-09-20 13:55:32.747000,429.8428077860565,998
2024-09-20 13:55:32.790000,429.8427302966713,13
2024-09-20 13:55:32.885000,429.8214209563217,99
2024-09-20 13:55:32.953000,429.844589739348,1001
2024-09-20 13:55:32.986000,429.8323149761408,5
2024-09-20 13:55:33.059000,429.81165348899225,105
2024-09-20 13:55:33.084000,429.7842117344984,6
2024-09-20 13:55:33.120000,429.7891576192013,100
2024-09-20 13:55:33.155000,429.8228518078599,105
2024-09-20 13:55:33.232000,429.7434406897365,1003
2024-09-20 13:55:33.235000,429.807706201528,99
2024-09-20 13:55:33.275000,429.7652413303619,13
2024-09-20 13:55:33.289000,429.75453891262674,14
2024-09-20 13:55:33.315000,429.772865825794,8
2024-09-20 13:55:33.350000,429.8063781413669,1005
2024-09-20 13:55:33.443000,429.7346022955792,7
2024-09-20 13:55:33.452000,429.7456942322672,99
2024-09-20 13:55:33.503000,429.7221554303976,1005
2024-09-20 13:55:33.504000,429.79816286899967,102
2024-09-20 13:55:33.513000,429.7415287769729,1001
2024-09-20 13:55:33.544000,429.8088009939901,105
2024-09-20 13:55:33.546000,429.74705706475567,12
2024-09-20 13:55:33.564000,429.7549970111271,1005
2024-09-20 13:55:33.592000,429.7859653141864,105
2024-09-20 13:55:33.595000,429.825011881665,7
2024-09-20 13:55:33.602000,429.7650213872059,96
2024-09-20 13:55:33.615000,429.78955624540265,103
2024-09-20 13:55:33.671000,429.74563549247694,8
2024-09-20 13:55:33.762000,429.7312557107511,998
2024-09-20 13:55:33.790000,429.8277364546932,995
2024-09-20 13:55:33.835000,429.7509271868663,1000
2024-09-20 13:55:33.866000,429.7923245467893,11
2024-09-20 13:55:33.901000,429.7297617253348,96
2024-09-20 13:55:33.932000,429.7699928440069,995
2024-09-20 13:55:33.933000,429.7772111673818,96
2024-09-20 13:55:34.061000,429.8087570400039,15
2024-09-20 13:55:34.133000,429.8100579351558,999
2024-09-20 13:55:34.250000,429.8144502456691,97
2024-09-20 13:55:34.350000,429.791356536508,995
2024-09-20 13:55:34.392000,429.780534226085,103
2024-09-20 13:55:34.513000,429.7800995212082,104
2024-09-20 13:55:34.582000,429.79636488917504,13
2024-09-20 13:55:35.012000,429.7357390422868,103
2024-09-20 13:55:35.070000,429.7310855980765,100
2024-09-20 13:55:35.073000,429.72342214395246,1005
2024-09-20 13:55:35.113000,429.7596449428368,98
2024-09-20 13:55:35.202000,429.6968529332111,95
2024-09-20 13:55:35.230000,429.7326608800641,996
2024-09-20 13:55:35.263000,429.72596118875447,1005
2024-09-20 13:55:35.326000,429.7643193452647,999
2024-09-20 13:55:35.363000,429.7894734754297,105
2024-09-20 13:55:35.379000,429.7708511653216,13
2024-09-20 13:55:35.438000,429.7861859300872,11
2024-09-20 13:55:35.445000,429.7602596376311,996
2024-09-20 13:55:35.463000,429.7185023196216,15
2024-09-20 13:55:35.466000,429.7541449475331,9
2024-09-20 13:55:35.562000,429.7739538628604,11
2024-09-20 13:55:35.759000,429.7880036475442,8
2024-09-20 13:55:35.787000,429.6987444059954,999
2024-09-20 13:55:35.970000,429.75863231862047,15
2024-09-20 13:55:36.111000,429.6612663930949,14
2024-09-20 13:55:36.210000,429.663095455908,11
2024-09-20 13:55:36.352000,429.67307543290536,995
2024-09-20 13:55:36.783000,429.6853328969738,7
2024-09-20 13:55:37.012000,429.6853356585604,98
2024-09-20 13:55:37.078000,429.6792469533681,99
2024-09-20 13:55:37.198000,429.6981038338038,1002
2024-09-20 13:55:37.218000,429.7000390635541,103
2024-09-20 13:55:37.388000,429.6972260325311,101
2024-09-20 13:55:37.675000,429.6651861156333,999
2024-09-20 13:55:37.769000,429.6737552880553,996
2024-09-20 13:55:37.805000,429.6691383537329,998
2024-09-20 13:55:37.837000,429.6791754644865,7
2024-09-20 13:55:37.950000,429.6925318223105,9
2024-09-20 13:55:37.952000,429.6838665883904,101
2024-09-20 13:55:38.046000,429.6738874670821,9
2024-09-20 13:55:38.054000,429.68097654168383,1003
2024-09-20 13:55:38.120000,429.69086738957054,1003
2024-09-20 13:55:38.143000,429.66780704581225,1005
2024-09-20 13:55:38.148000,429.64976974026087,15
2024-09-20 13:55:38.152000,429.6545090875941,15
2024-09-20 13:55:38.177000,429.6693293311271,100
2024-09-20 13:55:38.232000,429.6636149289357,997
2024-09-20 13:55:38.239000,429.6854956349012,999
2024-09-20 13:55:38.341000,429.6626559779456,102
2024-09-20 13:55:38.433000,429.6539685109064,1005
2024-09-20 13:55:38.466000,429.6486426491985,998
2024-09-20 13:55:38.500000,429.64431171216006,15
2024-09-20 13:55:38.507000,429.67588805893513,10
2024-09-20 13:55:38.509000,429.6595635863794,12
2024-09-20 13:55:38.594000,429.6680941419495,100
2024-09-20 13:55:38.674000,429.6698020407546,12
2024-09-20 13:55:38.702000,429.6957518186536,1001
2024-09-20 13:55:38.717000,429.6691902102024,1004
2024-09-20 13:55:38.768000,429.6630729514816,105
2024-09-20 13:55:38.834000,429.6713844258399,104
2024-09-20 13:55:38.864000,429.668948670709,1000
2024-09-20 13:55:38.885000,429.64411683941177,12
2024-09-20 13:55:38.952000,429.6503126750464,996
2024-09-20 13:55:39.110000,429.6143929193533,1004
2024-09-20 13:55:39.244000,429.5767667394781,997
2024-09-20 13:55:39.440000,429.6522430915853,95
2024-09-20 13:55:39.541000,429.6461062985536,99
2024-09-20 13:55:39.612000,429.6012988030255,100
2024-09-20 13:55:39.712000,429.58166381648846,1001
2024-09-20 13:55:39.743000,429.5904894415256,96
2024-09-20 13:55:39.768000,429.6526739331424,1004
2024-09-20 13:55:39.783000,429.6088713595336,1000
2024-09-20 13:55:39.815000,429.62595346349593,1003
2024-09-20 13:55:39.836000,429.6133546852517,1002
2024-09-20 13:55:40.005000,429.6870905932727,10
2024-09-20 13:55:40.008000,429.6106353061832,104
2024-09-20 13:55:40.011000,429.6366181041972,102
2024-09-20 13:55:40.157000,429.6598406691099,1000
2024-09-20 13:55:40.176000,429.5712076119996,9
2024-09-20 13:55:40.199000,429.578286205505,104
2024-09-20 13:55:40.203000,429.5923646091685,100
2024-09-20 13:55:40.245000,429.59422960701664,14
2024-09-20 13:55:40.295000,429.5558552657197,5
2024-09-20 13:55:40.328000,429.7074522207829,102
2024-09-20 13:55:40.351000,429.6509435315672,96
2024-09-20 13:55:40.432000,429.6746689053181,11
2024-09-20 13:55:40.433000,429.65861593576,104
2024-09-20 13:55:40.434000,429.6685748056389,6
2024-09-20 13:55:40.442000,429.6646360773785,95
2024-09-20 13:55:40.452000,429.60650637113474,1005
2024-09-20 13:55:40.466000,429.6906657622922,98
2024-09-20 13:55:40.668000,429.6455564738448,9
2024-09-20 13:55:40.786000,429.6357629331734,996
2024-09-20 13:55:40.813000,429.5896093048136,104
2024-09-20 13:55:40.861000,429.5814315974049,98
2024-09-20 13:55:40.908000,429.6441898301492,99
2024-09-20 13:55:40.946000,429.59871516063504,5
2024-09-20 13:55:40.958000,429.6940267246263,1002
2024-09-20 13:55:40.979000,429.6854316658672,7
2024-09-20 13:55:40.999000,429.6031910478423,8
2024-09-20 13:55:41.327000,429.6161223263326,101
2024-09-20 13:55:41.400000,429.6514035092978,998
2024-09-20 13:55:41.504000,429.62944585188575,100
2024-09-20 13:55:41.594000,429.6319688165132,1000
2024-09-20 13:55:41.741000,429.6499218380695,96
2024-09-20 13:55:41.798000,429.6240765027109,10
2024-09-20 13:55:41.878000,429.6200107126581,100
2024-09-20 13:55:42.079000,429.5971631099128,98
2024-09-20 13:55:42.201000,429.6195357267607,995
2024-09-20 13:55:42.216000,429.61557802087486,999
2024-09-20 13:55:42.227000,429.6047019505042,7
2024-09-20 13:55:42.395000,429.6137084091154,9
2024-09-20 13:55:42.418000,429.6187010559223,996
2024-09-20 13:55:42.431000,429.5912730482203,12
2024-09-20 13:55:42.510000,429.5944075808168,98
2024-09-20 13:55:42.557000,429.65012514847047,1002
2024-09-20 13:55:42.557000,429.5898253997287,5
2024-09-20 13:55:42.595000,429.6050237628392,1004
2024-09-20 13:55:42.702000,429.624312614294,100
2024-09-20 13:55:42.718000,429.6321507465543,105
2024-09-20 13:55:42.730000,429.6152644946211,105
2024-09-20 13:55:42.826000,429.6207104173628,995
2024-09-20 13:55:42.876000,429.63572658854815,99
2024-09-20 13:55:42.949000,429.63029687357033,1000
2024-09-20 13:55:43.038000,429.5948875885328,15
2024-09-20 13:55:43.038000,429.540188880798,14
2024-09-20 13:55:43.093000,429.5153379636326,97
2024-09-20 13:55:43.095000,429.5229837998388,104
2024-09-20 13:55:43.121000,429.52092373644814,97
2024-09-20 13:55:43.122000,429.5908366295972,14
2024-09-20 13:55:43.130000,429.5524184701791,103
2024-09-20 13:55:43.225000,429.5084629479056,13
2024-09-20 13:55:43.243000,429.5346468651896,104
2024-09-20 13:55:43.259000,429.5359771923198,97
2024-09-20 13:55:43.342000,429.56980278676536,104
2024-09-20 13:55:43.397000,429.505640954518,95
2024-09-20 13:55:43.446000,429.5318896788067,95
2024-09-20 13:55:43.459000,429.5073696478855,1000
2024-09-20 13:55:43.488000,429.5151015717782,12
2024-09-20 13:55:43.559000,429.51422152239945,6
2024-09-20 13:55:43.623000,429.53770153617927,998
2024-09-20 13:55:43.625000,429.5771807069368,1001
2024-09-20 13:55:43.716000,429.57635793438095,97
2024-09-20 13:55:43.724000,429.59163852169337,99
2024-09-20 13:55:43.832000,429.6121136459951,101
2024-09-20 13:55:43.879000,429.5795918928309,98
2024-09-20 13:55:43.897000,429.5507258492095,998
2024-09-20 13:55:43.926000,429.5939568677175,96
2024-09-20 13:55:44.075000,429.5365115975759,14
2024-09-20 13:55:44.144000,429.5378006478343,99
2024-09-20 13:55:44.552000,429.53375003063616,996
2024-09-20 13:55:44.617000,429.5478138709228,103
2024-09-20 13:55:44.622000,429.5485037672802,102
2024-09-20 13:55:44.690000,429.5320348396237,105
2024-09-20 13:55:44.780000,429.5216761824436,14
2024-09-20 13:55:44.886000,429.5403353179991,99
2024-09-20 13:55:44.977000,429.53261553086855,100
2024-09-20 13:55:45.008000,429.56953946329753,95
2024-09-20 13:55:45.342000,429.5531319913162,10
2024-09-20 13:55:45.450000,429.5577224171332,1001
2024-09-20 13:55:45.715000,429.5868933292596,105
2024-09-20 13:55:46.044000,429.5714965827469,95
2024-09-20 13:55:46.179000,429.5562564448482,14
2024-09-20 13:55:46.219000,429.5744961670042,12
2024-09-20 13:55:46.333000,429.5669469827342,102
2024-09-20 13:55:46.416000,429.57976860086217,1002
2024-09-20 13:55:46.533000,429.56691615342174,98
2024-09-20 13:55:46.550000,429.573165746097,6
2024-09-20 13:55:46.614000,429.5530112595549,1004
2024-09-20 13:55:46.734000,429.58072382258246,103
2024-09-20 13:55:46.787000,429.5524890165384,1004
2024-09-20 13:55:46.844000,429.56120327729735,1000
2024-09-20 13:55:46.845000,429.54769447703103,100
2024-09-20 13:55:46.922000,429.5518579996811,101
2024-09-20 13:55:47.001000,429.5398330756461,99
2024-09-20 13:55:47.080000,429.5294395911235,98
2024-09-20 13:55:47.150000,429.5544059771639,97
2024-09-20 13:55:47.201000,429.5416813753402,97
2024-09-20 13:55:47.206000,429.5424002752327,15
2024-09-20 13:55:47.463000,429.54143843534814,7
2024-09-20 13:55:47.467000,429.5345000349239,1001
2024-09-20 13:55:47.521000,429.55180795534295,1000
2024-09-20 13:55:47.540000,429.4587712045338,1003
2024-09-20 13:55:47.561000,429.5478233695408,99
2024-09-20 13:55:47.575000,429.5553289184507,100
2024-09-20 13:55:47.611000,429.54457086989896,998
2024-09-20 13:55:47.687000,429.5391471888792,98
2024-09-20 13:55:47.706000,429.4570697082366,101
2024-09-20 13:55:47.789000,429.565627708434,99
2024-09-20 13:55:47.798000,429.55247343077,101
2024-09-20 13:55:47.811000,429.513103065476,1000
2024-09-20 13:55:47.813000,429.5770763477757,98
2024-09-20 13:55:47.890000,429.5314134485952,1001
2024-09-20 13:55:47.951000,429.5084528721063,98
2024-09-20 13:55:47.959000,429.451079228676,995
2024-09-20 13:55:47.965000,429.5462048765551,998
2024-09-20 13:55:47.973000,429.4887232407378,104
2024-09-20 13:55:48.034000,429.4161969723036,96
2024-09-20 13:55:48.089000,429.4646400502372,1000
2024-09-20 13:55:48.111000,429.4471618942149,5
2024-09-20 13:55:48.211000,429.4380973722049,10
2024-09-20 13:55:48.223000,429.4617719728019,6
2024-09-20 13:55:48.250000,429.4890327282816,97
2024-09-20 13:55:48.251000,429.46433429610113,9
2024-09-20 13:55:48.252000,429.4692190334129,96
2024-09-20 13:55:48.288000,429.4896807195152,12
2024-09-20 13:55:48.315000,429.4254893857444,7
2024-09-20 13:55:48.469000,429.4943756507446,13
2024-09-20 13:55:48.469000,429.4887760074072,1002
2024-09-20 13:55:48.503000,429.4356068132379,10
2024-09-20 13:55:48.648000,429.4309142609979,99
2024-09-20 13:55:48.730000,429.4523720167341,9
2024-09-20 13:55:48.845000,429.4523369162585,1004
2024-09-20 13:55:48.909000,429.49482488125193,15
2024-09-20 13:55:48.968000,429.4574126614285,104
2024-09-20 13:55:48.991000,429.4361666442721,997
2024-09-20 13:55:49.017000,429.4535062361357,13
2024-09-20 13:55:49.075000,429.4641581754264,9
2024-09-20 13:55:49.085000,429.4416725937642,95
2024-09-20 13:55:49.215000,429.4373631496427,998
2024-09-20 13:55:49.225000,429.4569221412892,7
2024-09-20 13:55:49.231000,429.4458814530221,9
2024-09-20 13:55:49.273000,429.41410537905057,6
2024-09-20 13:55:49.304000,429.422463249016,1003
2024-09-20 13:55:49.312000,429.3724493951326,14
2024-09-20 13:55:49.378000,429.4586014112141,102
2024-09-20 13:55:49.409000,429.3931343198372,15
2024-09-20 13:55:49.464000,429.4292354649307,11
2024-09-20 13:55:49.638000,429.4524428364276,1004
2024-09-20 13:55:49.674000,429.4398083357016,5
2024-09-20 13:55:49.678000,429.4540390588773,8
2024-09-20 13:55:49.695000,429.42306085751534,103
2024-09-20 13:55:49.703000,429.4449869474333,13
2024-09-20 13:55:49.750000,429.42015288508486,995
2024-09-20 13:55:49.807000,429.4612208179519,101
2024-09-20 13:55:49.864000,429.4462308564592,1001
2024-09-20 13:55:49.888000,429.36241163973983,1005
2024-09-20 13:55:49.938000,429.3833407415849,1001
2024-09-20 13:55:49.984000,429.4522674763938,101
2024-09-20 13:55:50.011000,429.368433348162,10
2024-09-20 13:55:50.012000,429.3847963409856,12
2024-09-20 13:55:50.018000,429.38495806138206,105
2024-09-20 13:55:50.056000,429.3635415319907,95
2024-09-20 13:55:50.080000,429.3902287620488,98
2024-09-20 13:55:50.256000,429.39248808842,1000
2024-09-20 13:55:50.326000,429.42126017600094,1003
2024-09-20 13:55:50.398000,429.3859478620691,102
2024-09-20 13:55:50.399000,429.3589237686938,105
2024-09-20 13:55:50.539000,429.3375348031225,1003
2024-09-20 13:55:50.555000,429.3982055258536,104
2024-09-20 13:55:50.576000,429.4047923690173,98
2024-09-20 13:55:50.615000,429.37176528814143,98
2024-09-20 13:55:50.663000,429.3761141391437,1005
2024-09-20 13:55:50.684000,429.38666150981805,12
2024-09-20 13:55:50.687000,429.4026896242001,101
2024-09-20 13:55:50.696000,429.4093814879455,996
2024-09-20 13:55:50.729000,429.3950997849976,100
2024-09-20 13:55:50.735000,429.3537216198079,995
2024-09-20 13:55:50.786000,429.3993646523923,6
2024-09-20 13:55:50.942000,429.4095953547266,96
2024-09-20 13:55:50.958000,429.39235710571546,12
2024-09-20 13:55:51.071000,429.4772857041822,14
2024-09-20 13:55:51.080000,429.4298850006369,996
2024-09-20 13:55:51.111000,429.48780525428526,1002
2024-09-20 13:55:51.128000,429.4252782879463,95
2024-09-20 13:55:51.145000,429.4798359895824,999
2024-09-20 13:55:51.260000,429.4785278834375,998
2024-09-20 13:55:51.313000,429.4144930542152,1003
2024-09-20 13:55:51.408000,429.4730468353011,96
2024-09-20 13:55:51.447000,429.47464874085176,9
2024-09-20 13:55:51.480000,429.4461159609625,105
2024-09-20 13:55:51.551000,429.4560770834578,1001
2024-09-20 13:55:51.635000,429.4445183575609,15
2024-09-20 13:55:51.658000,429.4385300520243,103
2024-09-20 13:55:51.724000,429.4529508101001,5
2024-09-20 13:55:51.846000,429.4686666800021,999
2024-09-20 13:55:51.932000,429.48880389502574,101
2024-09-20 13:55:51.946000,429.4413767009679,1004
2024-09-20 13:55:52.071000,429.5270924553971,1002
2024-09-20 13:55:52.072000,429.5435513818523,995
2024-09-20 13:55:52.151000,429.50242710745806,102
2024-09-20 13:55:52.152000,429.5465803053641,97
2024-09-20 13:55:52.191000,429.5338050031016,14
2024-09-20 13:55:52.263000,429.5304413215664,995
2024-09-20 13:55:52.322000,429.5135348893013,104
2024-09-20 13:55:52.378000,429.5420878196719,999
2024-09-20 13:55:52.382000,429.4959791316039,104
2024-09-20 13:55:52.427000,429.5272746848498,1003
2024-09-20 13:55:52.535000,429.5174383163665,7
2024-09-20 13:55:52.551000,429.5178659752107,998
2024-09-20 13:55:52.582000,429.5302319887717,99
2024-09-20 13:55:52.642000,429.5175429180605,98
2024-09-20 13:55:52.657000,429.5313513822955,6
2024-09-20 13:55:52.700000,429.5429731739396,98
2024-09-20 13:55:52.752000,429.5025135648043,997
2024-09-20 13:55:52.919000,429.53023893289344,14
2024-09-20 13:55:52.926000,429.5441164557803,14
2024-09-20 13:55:52.948000,429.510793178098,97
2024-09-20 13:55:53.038000,429.51138270525087,1000
2024-09-20 13:55:53.044000,429.4805550724981,15
2024-09-20 13:55:53.240000,429.4935782801088,996
2024-09-20 13:55:53.386000,429.47748105748207,9
2024-09-20 13:55:53.499000,429.4954615890661,5
2024-09-20 13:55:53.528000,429.5086072607099,1002
2024-09-20 13:55:53.777000,429.48160605361545,11
2024-09-20 13:55:53.865000,429.5215286327605,998
2024-09-20 13:55:53.890000,429.48329628756994,97
2024-09-20 13:55:54.015000,429.5218007532484,1005
2024-09-20 13:55:54.047000,429.62724494711216,9
2024-09-20 13:55:54.262000,429.53637698861655,1000
2024-09-20 13:55:54.308000,429.5465650293307,13
2024-09-20 13:55:54.356000,429.5108484674292,1005
2024-09-20 13:55:54.364000,429.5470362008605,101
2024-09-20 13:55:54.532000,429.64365566649815,97
2024-09-20 13:55:54.644000,429.5999136639634,95
2024-09-20 13:55:54.659000,429.6581982800833,8
2024-09-20 13:55:54.690000,429.5408951805635,10
2024-09-20 13:55:54.818000,429.6535182763992,1002
2024-09-20 13:55:54.842000,429.64239597719,105
2024-09-20 13:55:54.850000,429.5372157920673,104
2024-09-20 13:55:54.860000,429.6069161489553,10
2024-09-20 13:55:54.908000,429.5508744152826,104
2024-09-20 13:55:54.931000,429.56698373274656,5
2024-09-20 13:55:55.006000,429.6258397154464,96
2024-09-20 13:55:55.007000,429.610756902001,101
2024-09-20 13:55:55.008000,429.6400341366588,9
2024-09-20 13:55:55.023000,429.6268535811571,997
2024-09-20 13:55:55.100000,429.64853416578654,1001
2024-09-20 13:55:55.180000,429.6197964250147,105
2024-09-20 13:55:55.194000,429.6134792519284,1001
2024-09-20 13:55:55.206000,429.61935289256496,996
2024-09-20 13:55:55.208000,429.6442067507267,12
2024-09-20 13:55:55.267000,429.6078728501331,97
2024-09-20 13:55:55.282000,429.64520301585577,998
2024-09-20 13:55:55.287000,429.6513105749896,12
2024-09-20 13:55:55.321000,429.621326774805,103
2024-09-20 13:55:55.380000,429.61406173190346,10
2024-09-20 13:55:55.390000,429.6175969997669,1005
2024-09-20 13:55:55.479000,429.61109704324974,1005
2024-09-20 13:55:55.547000,429.6517584536869,11
2024-09-20 13:55:55.570000,429.6214054725352,14
2024-09-20 13:55:55.570000,429.6442545774989,103
2024-09-20 13:55:55.586000,429.6049033897252,1005
2024-09-20 13:55:55.689000,429.6452850138131,96
2024-09-20 13:55:55.732000,429.6081039192837,995
2024-09-20 13:55:55.783000,429.60200744533216,1000
2024-09-20 13:55:55.804000,429.6505767666805,1005
2024-09-20 13:55:55.875000,429.6111460679957,8
2024-09-20 13:55:55.879000,429.6360921975634,999
2024-09-20 13:55:55.918000,429.6031059174681,999
2024-09-20 13:55:56.188000,429.6411560853868,100
2024-09-20 13:55:56.460000,429.64378602605706,1005
2024-09-20 13:55:56.468000,429.63648104553806,14
2024-09-20 13:55:56.598000,429.646849975094,101
2024-09-20 13:55:56.955000,429.6361450697877,15
2024-09-20 13:55:57.069000,429.6484219945256,1000
2024-09-20 13:55:57.251000,429.6060245991905,102
2024-09-20 13:55:57.395000,429.64299630067154,103
2024-09-20 13:55:57.398000,429.5921027865649,6
2024-09-20 13:55:57.845000,429.62132273044665,7
2024-09-20 13:55:57.888000,429.64892397901656,998
2024-09-20 13:55:57.938000,429.59365183454094,11
2024-09-20 13:55:57.987000,429.63638626426285,15
2024-09-20 13:55:58.042000,429.51468979955945,1001
2024-09-20 13:55:58.087000,429.5771174425922,15
2024-09-20 13:55:58.107000,429.5024406140594,14
2024-09-20 13:55:58.220000,429.59308379812063,100
2024-09-20 13:55:58.221000,429.5081970272244,9
2024-09-20 13:55:58.250000,429.5132558832832,99
2024-09-20 13:55:58.255000,429.5793295003423,1002
2024-09-20 13:55:58.266000,429.5387004739156,15
2024-09-20 13:55:58.274000,429.5260454622429,102
2024-09-20 13:55:58.284000,429.5196729954169,995
2024-09-20 13:55:58.313000,429.57214735572006,95
2024-09-20 13:55:58.342000,429.5697756878534,995
2024-09-20 13:55:58.381000,429.5095260821184,999
2024-09-20 13:55:58.395000,429.57982909960407,99
2024-09-20 13:55:58.461000,429.4962326335588,12
2024-09-20 13:55:58.479000,429.5124412571169,12
2024-09-20 13:55:58.514000,429.5908021701039,999
2024-09-20 13:55:58.530000,429.5008319305242,1004
2024-09-20 13:55:58.567000,429.5952638810433,995
2024-09-20 13:55:58.683000,429.5265592817585,105
2024-09-20 13:55:58.737000,429.5350356845639,995
2024-09-20 13:55:58.789000,429.5087363598226,95
2024-09-20 13:55:58.793000,429.5053924778605,997
2024-09-20 13:55:58.864000,429.5728988566041,13
2024-09-20 13:55:58.892000,429.49824560101735,1000
2024-09-20 13:55:58.907000,429.5565297588757,101
2024-09-20 13:55:59.052000,429.5933472310335,1002
2024-09-20 13:55:59.070000,429.59030428051045,98
2024-09-20 13:55:59.111000,429.5899872260191,14
2024-09-20 13:55:59.184000,429.5478382093697,99
2024-09-20 13:55:59.199000,429.52691255461934,997
2024-09-20 13:55:59.207000,429.5133442217262,100
2024-09-20 13:55:59.216000,429.6096990477637,1002
2024-09-20 13:55:59.231000,429.5159661787058,10
2024-09-20 13:55:59.263000,429.60588150356426,1003
2024-09-20 13:55:59.292000,429.5759967320797,12
2024-09-20 13:55:59.366000,429.50088354823055,11
2024-09-20 13:55:59.395000,429.5548433874147,12
2024-09-20 13:55:59.421000,429.6030079369364,103
2024-09-20 13:55:59.485000,429.51891378647406,95
2024-09-20 13:55:59.490000,429.5757500347491,1002
2024-09-20 13:55:59.539000,429.5508881458984,105
2024-09-20 13:55:59.554000,429.5474161802035,13
2024-09-20 13:55:59.629000,429.5999007321163,15
2024-09-20 13:55:59.673000,429.5432275848276,1002
2024-09-20 13:55:59.678000,429.5556686947084,14
2024-09-20 13:55:59.735000,429.5206776496311,13
2024-09-20 13:55:59.746000,429.5620979804884,97
2024-09-20 13:55:59.761000,429.50662650719306,999
2024-09-20 13:55:59.805000,429.61553759085285,13
2024-09-20 13:55:59.884000,429.5060206032578,10
2024-09-20 13:55:59.889000,429.5935231112045,99
2024-09-20 13:55:59.912000,429.59674105085486,1003
2024-09-20 13:55:59.941000,429.4857049922964,997
