Timestamp,Price,Size
2024-09-18 10:22:00.043000,410.1902286915541,1003
2024-09-18 10:22:00.101000,410.1700546468031,9
2024-09-18 10:22:00.208000,410.21134526011264,13
2024-09-18 10:22:00.241000,410.176843198875,98
2024-09-18 10:22:00.254000,410.1863173129463,1001
2024-09-18 10:22:00.377000,410.1838425927692,5
2024-09-18 10:22:00.446000,410.1746218610148,104
2024-09-18 10:22:00.488000,410.2125155900334,100
2024-09-18 10:22:00.567000,410.17803249514645,15
2024-09-18 10:22:00.715000,410.1701669240159,995
2024-09-18 10:22:00.746000,410.16699518845087,8
2024-09-18 10:22:00.789000,410.1783613258622,8
2024-09-18 10:22:00.995000,410.18541308219386,99
2024-09-18 10:22:01.021000,410.13787482537566,101
2024-09-18 10:22:01.035000,410.17211718571065,998
2024-09-18 10:22:01.064000,410.1236461622389,97
2024-09-18 10:22:01.089000,410.1237435333335,98
2024-09-18 10:22:01.168000,410.1787180181723,1004
2024-09-18 10:22:01.360000,410.1427269867436,6
2024-09-18 10:22:01.374000,410.1188117263768,996
2024-09-18 10:22:01.465000,410.12560258416136,12
2024-09-18 10:22:01.494000,410.1424587884797,997
2024-09-18 10:22:01.547000,410.13328126261,1000
2024-09-18 10:22:01.557000,410.1455071707151,7
2024-09-18 10:22:01.579000,410.13563013649537,13
2024-09-18 10:22:01.587000,410.1201015156651,995
2024-09-18 10:22:01.597000,410.1495115386519,5
2024-09-18 10:22:01.624000,410.1105201794709,101
2024-09-18 10:22:01.655000,410.137558508501,6
2024-09-18 10:22:01.758000,410.1386344634877,12
2024-09-18 10:22:01.884000,410.1213034786369,11
2024-09-18 10:22:01.912000,410.1514478705369,102
2024-09-18 10:22:01.929000,410.137111381858,105
2024-09-18 10:22:01.991000,410.1563700310709,101
2024-09-18 10:22:01.994000,410.1511308659397,96
2024-09-18 10:22:02.040000,410.2016284305748,95
2024-09-18 10:22:02.075000,410.2055042185903,1003
2024-09-18 10:22:02.091000,410.1898435376476,1001
2024-09-18 10:22:02.155000,410.1860324785623,12
2024-09-18 10:22:02.165000,410.1861110586212,96
2024-09-18 10:22:02.188000,410.2397614272485,8
2024-09-18 10:22:02.254000,410.2446371510921,98
2024-09-18 10:22:02.267000,410.2005715545192,105
2024-09-18 10:22:02.286000,410.18134208888216,995
2024-09-18 10:22:02.287000,410.2711267581531,12
2024-09-18 10:22:02.310000,410.2276701311615,7
2024-09-18 10:22:02.361000,410.2409418665032,99
2024-09-18 10:22:02.368000,410.2552760460596,995
2024-09-18 10:22:02.384000,410.17311970119215,8
2024-09-18 10:22:02.396000,410.2050945149668,1000
2024-09-18 10:22:02.519000,410.1941957503206,11
2024-09-18 10:22:02.570000,410.1783235104411,1000
2024-09-18 10:22:02.627000,410.1675253845757,98
2024-09-18 10:22:02.680000,410.1926887059931,1000
2024-09-18 10:22:02.702000,410.2629874197554,1003
2024-09-18 10:22:02.711000,410.2672398893002,5
2024-09-18 10:22:02.728000,410.2649175205147,102
2024-09-18 10:22:02.802000,410.2532599806566,15
2024-09-18 10:22:02.865000,410.1854589216829,97
2024-09-18 10:22:02.946000,410.1726001082585,1004
2024-09-18 10:22:03.093000,410.25734496639336,10
2024-09-18 10:22:03.228000,410.2469003454086,10
2024-09-18 10:22:03.367000,410.2571772110156,5
2024-09-18 10:22:03.553000,410.2444466323433,100
2024-09-18 10:22:03.640000,410.2664020219249,11
2024-09-18 10:22:03.683000,410.2372767392394,1005
2024-09-18 10:22:03.824000,410.2589882590719,1003
2024-09-18 10:22:04.049000,410.2994773831096,995
2024-09-18 10:22:04.064000,410.3239294661005,15
2024-09-18 10:22:04.069000,410.3076741343,10
2024-09-18 10:22:04.220000,410.3199813852776,12
2024-09-18 10:22:04.291000,410.3171750741325,100
2024-09-18 10:22:04.303000,410.2883647482972,998
2024-09-18 10:22:04.304000,410.32110850993206,103
2024-09-18 10:22:04.360000,410.3118913722076,99
2024-09-18 10:22:04.361000,410.31415207192265,14
2024-09-18 10:22:04.374000,410.291644629784,999
2024-09-18 10:22:04.424000,410.29467772903695,5
2024-09-18 10:22:04.492000,410.2964602596474,1000
2024-09-18 10:22:04.550000,410.281013456238,102
2024-09-18 10:22:04.609000,410.3229501362128,5
2024-09-18 10:22:04.636000,410.3250920630881,7
2024-09-18 10:22:04.670000,410.3265303828363,7
2024-09-18 10:22:04.787000,410.3030932418777,96
2024-09-18 10:22:04.801000,410.3091402931408,97
2024-09-18 10:22:04.827000,410.30689010670665,8
2024-09-18 10:22:04.953000,410.2974578304186,96
2024-09-18 10:22:05.093000,410.3279780282328,96
2024-09-18 10:22:05.148000,410.3633178451765,96
2024-09-18 10:22:05.354000,410.2960121791271,1003
2024-09-18 10:22:05.482000,410.31685179670063,98
2024-09-18 10:22:05.522000,410.3319215705124,11
2024-09-18 10:22:05.666000,410.370365163491,97
2024-09-18 10:22:05.773000,410.3755754335269,998
2024-09-18 10:22:05.843000,410.3237366122633,8
2024-09-18 10:22:05.847000,410.3454895272589,103
2024-09-18 10:22:05.944000,410.2916881774025,101
2024-09-18 10:22:05.968000,410.35020666444746,1001
2024-09-18 10:22:05.995000,410.3206190512108,98
2024-09-18 10:22:06.011000,410.2162031209565,98
2024-09-18 10:22:06.025000,410.2069379241317,1005
2024-09-18 10:22:06.043000,410.2483714385263,98
2024-09-18 10:22:06.045000,410.303496004682,7
2024-09-18 10:22:06.056000,410.3077660429892,100
2024-09-18 10:22:06.062000,410.3458929318466,997
2024-09-18 10:22:06.078000,410.2202981356419,997
2024-09-18 10:22:06.102000,410.2417278397484,998
2024-09-18 10:22:06.116000,410.2249628813001,10
2024-09-18 10:22:06.135000,410.2296864327474,97
2024-09-18 10:22:06.167000,410.2742329840803,997
2024-09-18 10:22:06.180000,410.3598972146079,12
2024-09-18 10:22:06.183000,410.30613103677234,104
2024-09-18 10:22:06.198000,410.23222579326847,101
2024-09-18 10:22:06.212000,410.19926010796826,8
2024-09-18 10:22:06.278000,410.36531099095697,10
2024-09-18 10:22:06.284000,410.2891335795106,5
2024-09-18 10:22:06.351000,410.2267099290876,5
2024-09-18 10:22:06.402000,410.21364053337874,96
2024-09-18 10:22:06.482000,410.3127280892051,6
2024-09-18 10:22:06.498000,410.3452067769243,12
2024-09-18 10:22:06.542000,410.3600418586345,98
2024-09-18 10:22:06.605000,410.216685029586,97
2024-09-18 10:22:06.704000,410.3741447036865,105
2024-09-18 10:22:06.762000,410.3782289362186,102
2024-09-18 10:22:06.826000,410.2092882744816,998
2024-09-18 10:22:06.887000,410.3183781235596,105
2024-09-18 10:22:06.897000,410.2280851568976,105
2024-09-18 10:22:06.936000,410.3262703992812,11
2024-09-18 10:22:06.952000,410.3646180886616,6
2024-09-18 10:22:07.005000,410.2767466361968,102
2024-09-18 10:22:07.049000,410.275185632014,997
2024-09-18 10:22:07.103000,410.3599223361468,8
2024-09-18 10:22:07.115000,410.3233977125289,101
2024-09-18 10:22:07.173000,410.2734754941183,997
2024-09-18 10:22:07.264000,410.2456069214627,6
2024-09-18 10:22:07.269000,410.3708758777852,13
2024-09-18 10:22:07.328000,410.2796088657124,6
2024-09-18 10:22:07.336000,410.312628144456,995
2024-09-18 10:22:07.398000,410.3558858441656,95
2024-09-18 10:22:07.413000,410.3023244570268,995
2024-09-18 10:22:07.426000,410.2597618973497,95
2024-09-18 10:22:07.470000,410.36625243215656,14
2024-09-18 10:22:07.540000,410.36060462950775,101
2024-09-18 10:22:07.578000,410.30047754613867,6
2024-09-18 10:22:07.584000,410.3121613933544,13
2024-09-18 10:22:07.600000,410.28444240274456,1001
2024-09-18 10:22:07.646000,410.3661908992916,998
2024-09-18 10:22:07.674000,410.297226750996,13
2024-09-18 10:22:07.685000,410.3941942367406,8
2024-09-18 10:22:07.705000,410.3485806445437,95
2024-09-18 10:22:07.723000,410.3374478261297,101
2024-09-18 10:22:07.771000,410.2958319964045,105
2024-09-18 10:22:07.795000,410.2798894276656,1001
2024-09-18 10:22:07.871000,410.30964698765007,1002
2024-09-18 10:22:07.907000,410.2989646355293,15
2024-09-18 10:22:07.945000,410.2801661276459,997
2024-09-18 10:22:08.009000,410.37141258792553,7
2024-09-18 10:22:08.010000,410.3360643205421,1005
2024-09-18 10:22:08.126000,410.3900035136837,103
2024-09-18 10:22:08.196000,410.4022940097035,1004
2024-09-18 10:22:08.312000,410.37670887974247,97
2024-09-18 10:22:08.409000,410.3498663447667,998
2024-09-18 10:22:08.454000,410.3813308170247,99
2024-09-18 10:22:08.640000,410.319153149641,13
2024-09-18 10:22:08.676000,410.4230029914247,1002
2024-09-18 10:22:08.727000,410.3547682643463,104
2024-09-18 10:22:08.731000,410.4056892581969,1002
2024-09-18 10:22:08.758000,410.430355282152,1001
2024-09-18 10:22:08.773000,410.35975080735466,12
2024-09-18 10:22:08.878000,410.4510412618265,9
2024-09-18 10:22:08.878000,410.3915103778834,14
2024-09-18 10:22:08.912000,410.35561992137,10
2024-09-18 10:22:08.915000,410.4184927170682,7
2024-09-18 10:22:08.915000,410.3684611675631,6
2024-09-18 10:22:09.415000,410.3367590286203,999
2024-09-18 10:22:09.454000,410.3463449672125,12
2024-09-18 10:22:09.516000,410.3309435961043,5
2024-09-18 10:22:09.654000,410.3328915707285,1002
2024-09-18 10:22:09.706000,410.3315145914009,104
2024-09-18 10:22:09.742000,410.3424544227241,1004
2024-09-18 10:22:09.791000,410.3108882594038,10
2024-09-18 10:22:09.882000,410.3402787624978,103
2024-09-18 10:22:09.903000,410.31501650201136,7
2024-09-18 10:22:10.034000,410.408724116852,95
2024-09-18 10:22:10.095000,410.3567407367132,996
2024-09-18 10:22:10.135000,410.341613972769,104
2024-09-18 10:22:10.265000,410.38188363819455,996
2024-09-18 10:22:10.432000,410.3561352945439,98
2024-09-18 10:22:10.434000,410.3316475116863,9
2024-09-18 10:22:10.579000,410.3714510611776,996
2024-09-18 10:22:10.916000,410.3883010140349,5
2024-09-18 10:22:11.033000,410.4289446236576,1004
2024-09-18 10:22:11.131000,410.4309773078544,8
2024-09-18 10:22:11.264000,410.4295091475211,13
2024-09-18 10:22:11.278000,410.38935756518174,97
2024-09-18 10:22:11.314000,410.43194131974457,1000
2024-09-18 10:22:11.322000,410.40295365098666,96
2024-09-18 10:22:11.345000,410.3974509545067,9
2024-09-18 10:22:11.461000,410.41517980598456,102
2024-09-18 10:22:11.494000,410.41287430576085,12
2024-09-18 10:22:11.505000,410.4284777820505,105
2024-09-18 10:22:11.509000,410.4044621555133,999
2024-09-18 10:22:11.528000,410.3995200858657,98
2024-09-18 10:22:11.605000,410.4295096048472,1002
2024-09-18 10:22:11.656000,410.4024114996948,1000
2024-09-18 10:22:11.684000,410.4365622182941,13
2024-09-18 10:22:11.792000,410.4097074327602,1002
2024-09-18 10:22:11.806000,410.4395360456599,6
2024-09-18 10:22:12.221000,410.3845619410738,95
2024-09-18 10:22:12.361000,410.3533005292988,995
2024-09-18 10:22:12.489000,410.38036406259727,1004
2024-09-18 10:22:12.564000,410.3873324118116,1002
2024-09-18 10:22:12.948000,410.3847571296537,13
2024-09-18 10:22:12.994000,410.4096424817567,98
2024-09-18 10:22:13.654000,410.3620997453224,95
2024-09-18 10:22:13.669000,410.3698741640584,14
2024-09-18 10:22:14.017000,410.39753522863776,1002
2024-09-18 10:22:14.058000,410.37298829732816,996
2024-09-18 10:22:14.086000,410.38436711865927,1004
2024-09-18 10:22:14.108000,410.3909100751076,1004
2024-09-18 10:22:14.173000,410.3727002306397,6
2024-09-18 10:22:14.179000,410.3745457668143,105
2024-09-18 10:22:14.210000,410.3679039987477,997
2024-09-18 10:22:14.289000,410.3819236864529,1003
2024-09-18 10:22:14.290000,410.4024269944921,100
2024-09-18 10:22:14.319000,410.3984254327016,96
2024-09-18 10:22:14.330000,410.3883480501856,101
2024-09-18 10:22:14.350000,410.3605491385603,105
2024-09-18 10:22:14.359000,410.4097362353529,6
2024-09-18 10:22:14.380000,410.3828469836188,11
2024-09-18 10:22:14.416000,410.3417361655648,1001
2024-09-18 10:22:14.430000,410.3969210238316,1002
2024-09-18 10:22:14.584000,410.3582085579191,14
2024-09-18 10:22:14.617000,410.3354531474384,6
2024-09-18 10:22:14.671000,410.3989091226815,996
2024-09-18 10:22:14.680000,410.3602340735014,998
2024-09-18 10:22:14.700000,410.3493900867618,97
2024-09-18 10:22:14.716000,410.3832408291982,99
2024-09-18 10:22:14.776000,410.401197779203,1000
2024-09-18 10:22:14.787000,410.4020699168373,1003
2024-09-18 10:22:14.912000,410.4061145182773,99
2024-09-18 10:22:14.913000,410.4082365149733,10
2024-09-18 10:22:14.914000,410.373326407543,998
2024-09-18 10:22:14.999000,410.3888839930004,102
2024-09-18 10:22:15.219000,410.4059328089336,12
2024-09-18 10:22:15.242000,410.4248635616287,13
2024-09-18 10:22:15.367000,410.4016936913992,996
2024-09-18 10:22:15.426000,410.4009241480172,14
2024-09-18 10:22:15.580000,410.4179486346634,5
2024-09-18 10:22:15.598000,410.4207916527906,98
2024-09-18 10:22:15.749000,410.4072611653039,997
2024-09-18 10:22:15.773000,410.4172800224488,100
2024-09-18 10:22:15.777000,410.4043416863224,14
2024-09-18 10:22:15.897000,410.41545045500567,105
2024-09-18 10:22:16.095000,410.48257558596026,999
2024-09-18 10:22:16.104000,410.4071232729356,95
2024-09-18 10:22:16.117000,410.4684636111233,7
2024-09-18 10:22:16.147000,410.4587117422937,996
2024-09-18 10:22:16.278000,410.4309464912492,5
2024-09-18 10:22:16.395000,410.4077975362115,11
2024-09-18 10:22:16.454000,410.4162967614549,95
2024-09-18 10:22:16.604000,410.463175213854,101
2024-09-18 10:22:16.624000,410.42411000819055,99
2024-09-18 10:22:16.651000,410.41086854990425,105
2024-09-18 10:22:16.705000,410.4606038441369,99
2024-09-18 10:22:16.860000,410.4310621057364,9
2024-09-18 10:22:16.894000,410.44932286618194,996
2024-09-18 10:22:16.995000,410.4409436324204,10
2024-09-18 10:22:17.034000,410.4777131361817,100
2024-09-18 10:22:17.058000,410.4942594825772,98
2024-09-18 10:22:17.082000,410.42643756169633,10
2024-09-18 10:22:17.186000,410.4452953492713,995
2024-09-18 10:22:17.187000,410.42950883368593,12
2024-09-18 10:22:17.303000,410.41027053657655,996
2024-09-18 10:22:17.306000,410.455686305646,1002
2024-09-18 10:22:17.334000,410.4589371691457,99
2024-09-18 10:22:17.391000,410.4593655650073,98
2024-09-18 10:22:17.397000,410.4533780463895,996
2024-09-18 10:22:17.400000,410.4561755652372,1000
2024-09-18 10:22:17.438000,410.44819043371416,6
2024-09-18 10:22:17.439000,410.4777279674708,7
2024-09-18 10:22:17.589000,410.4223879378766,12
2024-09-18 10:22:17.788000,410.4668879557223,104
2024-09-18 10:22:17.826000,410.4413863176014,12
2024-09-18 10:22:17.840000,410.4331443109653,103
2024-09-18 10:22:17.868000,410.4791373080574,996
2024-09-18 10:22:17.868000,410.4019377583769,105
2024-09-18 10:22:17.899000,410.4325803950437,97
2024-09-18 10:22:17.958000,410.425420449732,15
2024-09-18 10:22:18.006000,410.4240875552919,996
2024-09-18 10:22:18.049000,410.3999360258137,95
2024-09-18 10:22:18.074000,410.39045089070254,96
2024-09-18 10:22:18.099000,410.3930698506068,1004
2024-09-18 10:22:18.172000,410.39262084460944,7
2024-09-18 10:22:18.197000,410.4371862475496,15
2024-09-18 10:22:18.221000,410.4342593917718,13
2024-09-18 10:22:18.249000,410.42458973830014,5
2024-09-18 10:22:18.251000,410.36854407345095,11
2024-09-18 10:22:18.337000,410.4355423146513,8
2024-09-18 10:22:18.365000,410.3870266453769,104
2024-09-18 10:22:18.405000,410.4193459362283,6
2024-09-18 10:22:18.429000,410.4410882415656,1000
2024-09-18 10:22:18.457000,410.45484148063207,104
2024-09-18 10:22:18.480000,410.4338926047394,7
2024-09-18 10:22:18.584000,410.3887865204791,15
2024-09-18 10:22:18.594000,410.4191667300726,104
2024-09-18 10:22:18.636000,410.4107515935932,1000
2024-09-18 10:22:18.637000,410.4423457791741,99
2024-09-18 10:22:18.929000,410.43312108660376,1002
2024-09-18 10:22:19.154000,410.3607668776026,12
2024-09-18 10:22:19.168000,410.3642964514936,98
2024-09-18 10:22:19.342000,410.3793711775053,1000
2024-09-18 10:22:19.388000,410.3728829073772,101
2024-09-18 10:22:19.503000,410.3813646704788,101
2024-09-18 10:22:19.551000,410.3710167350294,999
2024-09-18 10:22:19.574000,410.375035364014,7
2024-09-18 10:22:19.610000,410.3827158957028,1005
2024-09-18 10:22:19.659000,410.3478868752944,103
2024-09-18 10:22:19.874000,410.358131590434,8
2024-09-18 10:22:19.898000,410.3825976114251,6
2024-09-18 10:22:19.933000,410.3832182816751,6
2024-09-18 10:22:20,410.3382326225465,9
2024-09-18 10:22:20.184000,410.3492110354519,13
2024-09-18 10:22:20.341000,410.3489686943737,1002
2024-09-18 10:22:20.533000,410.3385904424168,995
2024-09-18 10:22:20.542000,410.3671314821191,10
2024-09-18 10:22:21.001000,410.41532203400885,97
2024-09-18 10:22:21.049000,410.3559801452754,13
2024-09-18 10:22:21.141000,410.4101550118813,9
2024-09-18 10:22:21.178000,410.33344169632096,102
2024-09-18 10:22:21.499000,410.3683946210599,1003
2024-09-18 10:22:21.565000,410.3274052613941,5
2024-09-18 10:22:21.992000,410.38153682494095,104
2024-09-18 10:22:22.012000,410.4251854498728,10
2024-09-18 10:22:22.224000,410.4216192087655,101
2024-09-18 10:22:22.241000,410.4205455102511,1001
2024-09-18 10:22:22.266000,410.42237125291086,98
2024-09-18 10:22:22.342000,410.4221503020745,97
2024-09-18 10:22:22.565000,410.42807818203767,102
2024-09-18 10:22:22.567000,410.419387263024,13
2024-09-18 10:22:22.628000,410.4102929811693,95
2024-09-18 10:22:22.815000,410.427055259594,9
2024-09-18 10:22:22.831000,410.4314059131924,15
2024-09-18 10:22:22.840000,410.430908079744,996
2024-09-18 10:22:22.913000,410.41370069613737,1000
2024-09-18 10:22:22.972000,410.4221286029452,14
2024-09-18 10:22:23.361000,410.4399482543744,11
2024-09-18 10:22:24.027000,410.4714899071344,7
2024-09-18 10:22:24.044000,410.472369933401,10
2024-09-18 10:22:24.102000,410.487956977282,1000
2024-09-18 10:22:24.154000,410.5050494341798,99
2024-09-18 10:22:24.174000,410.5238981831148,998
2024-09-18 10:22:24.189000,410.512442233549,995
2024-09-18 10:22:24.214000,410.5113646038059,1005
2024-09-18 10:22:24.275000,410.47995364881314,998
2024-09-18 10:22:24.284000,410.4871936387225,95
2024-09-18 10:22:24.338000,410.5001034519497,995
2024-09-18 10:22:24.356000,410.49451982970544,103
2024-09-18 10:22:24.557000,410.4834732725467,998
2024-09-18 10:22:24.579000,410.4422104476777,11
2024-09-18 10:22:24.612000,410.4910178545368,1000
2024-09-18 10:22:24.720000,410.4773363713139,996
2024-09-18 10:22:25.096000,410.49488345743794,15
2024-09-18 10:22:25.126000,410.50357927452905,99
2024-09-18 10:22:25.164000,410.5025615807767,7
2024-09-18 10:22:25.168000,410.53749773661445,1004
2024-09-18 10:22:25.243000,410.5404334419545,1004
2024-09-18 10:22:25.293000,410.4818595929582,11
2024-09-18 10:22:25.334000,410.534775257364,9
2024-09-18 10:22:25.380000,410.48894073633153,98
2024-09-18 10:22:25.497000,410.5164297120284,12
2024-09-18 10:22:25.503000,410.54240726210026,1003
2024-09-18 10:22:25.521000,410.4920519544421,1002
2024-09-18 10:22:25.684000,410.4939438180834,15
2024-09-18 10:22:25.702000,410.5085277317782,14
2024-09-18 10:22:25.944000,410.5134344024693,1002
2024-09-18 10:22:25.945000,410.4903698069002,96
2024-09-18 10:22:25.958000,410.5069545063973,15
2024-09-18 10:22:25.988000,410.46894732090993,999
2024-09-18 10:22:26.013000,410.5085414296912,998
2024-09-18 10:22:26.040000,410.4885438188384,103
2024-09-18 10:22:26.070000,410.5262398618912,11
2024-09-18 10:22:26.086000,410.4818760205238,14
2024-09-18 10:22:26.138000,410.50092976560336,1004
2024-09-18 10:22:26.172000,410.5159754479434,998
2024-09-18 10:22:26.173000,410.48274488034593,995
2024-09-18 10:22:26.192000,410.4865806267224,997
2024-09-18 10:22:26.287000,410.4881970819613,1004
2024-09-18 10:22:26.321000,410.5138003229014,13
2024-09-18 10:22:26.393000,410.49384530558746,14
2024-09-18 10:22:26.407000,410.4908516707631,1000
2024-09-18 10:22:26.418000,410.5058360765177,12
2024-09-18 10:22:26.433000,410.48773135739714,997
2024-09-18 10:22:26.441000,410.5147173829421,98
2024-09-18 10:22:26.459000,410.4889619986484,98
2024-09-18 10:22:26.608000,410.5047170398573,13
2024-09-18 10:22:26.692000,410.4835205269313,1002
2024-09-18 10:22:26.701000,410.4864122981,1000
2024-09-18 10:22:26.772000,410.50743464316525,1003
2024-09-18 10:22:26.790000,410.5180423462536,1001
2024-09-18 10:22:26.965000,410.4780047943564,100
2024-09-18 10:22:27.004000,410.4834612634666,9
2024-09-18 10:22:27.146000,410.4965892827908,9
2024-09-18 10:22:27.254000,410.5360636616264,9
2024-09-18 10:22:27.258000,410.4883273989399,102
2024-09-18 10:22:27.260000,410.5058015865899,105
2024-09-18 10:22:27.481000,410.523139387704,13
2024-09-18 10:22:27.528000,410.4944350377485,997
2024-09-18 10:22:27.554000,410.50078603770567,99
2024-09-18 10:22:27.708000,410.51506852221024,995
2024-09-18 10:22:27.748000,410.51066773855655,6
2024-09-18 10:22:27.756000,410.5217304165041,103
2024-09-18 10:22:27.804000,410.471386208543,11
2024-09-18 10:22:27.860000,410.49897162854455,97
2024-09-18 10:22:27.893000,410.5133693966263,13
2024-09-18 10:22:27.905000,410.51734935419614,997
2024-09-18 10:22:27.996000,410.4678642156223,1004
2024-09-18 10:22:28.027000,410.4636704138666,5
2024-09-18 10:22:28.183000,410.433178456433,10
2024-09-18 10:22:28.186000,410.4396465901568,104
2024-09-18 10:22:28.370000,410.4395737763013,995
2024-09-18 10:22:28.371000,410.4712281623959,98
2024-09-18 10:22:28.395000,410.4923891821011,1005
2024-09-18 10:22:28.437000,410.4848023030148,1001
2024-09-18 10:22:28.440000,410.4798461257941,1003
2024-09-18 10:22:28.676000,410.4669009432976,999
2024-09-18 10:22:28.764000,410.4668046825095,95
2024-09-18 10:22:28.766000,410.444561239396,9
2024-09-18 10:22:28.828000,410.48827863441153,6
2024-09-18 10:22:28.881000,410.47393224360286,996
2024-09-18 10:22:28.892000,410.4826785335321,96
2024-09-18 10:22:28.907000,410.4869863662129,10
2024-09-18 10:22:28.916000,410.4848070192064,12
2024-09-18 10:22:28.953000,410.4632708279872,97
2024-09-18 10:22:29.053000,410.4742108387978,104
2024-09-18 10:22:29.342000,410.4590344255117,995
2024-09-18 10:22:29.454000,410.4670309642488,1001
2024-09-18 10:22:29.459000,410.4627244428043,98
2024-09-18 10:22:29.471000,410.4493140627771,95
2024-09-18 10:22:29.560000,410.4453959333986,997
2024-09-18 10:22:29.660000,410.4430254944703,13
2024-09-18 10:22:29.929000,410.4370536937816,8
2024-09-18 10:22:30.038000,410.5125959707133,99
2024-09-18 10:22:30.152000,410.476612653204,97
2024-09-18 10:22:30.238000,410.470168036916,105
2024-09-18 10:22:30.284000,410.4641270380816,95
2024-09-18 10:22:30.322000,410.490725566665,15
2024-09-18 10:22:30.365000,410.4917297503231,7
2024-09-18 10:22:30.426000,410.496578540373,5
2024-09-18 10:22:30.435000,410.4556819901711,105
2024-09-18 10:22:30.459000,410.4634573686057,99
2024-09-18 10:22:30.463000,410.4970861384162,98
2024-09-18 10:22:30.509000,410.48908515970686,1001
2024-09-18 10:22:30.509000,410.52138577545554,9
2024-09-18 10:22:30.537000,410.51040211175984,100
2024-09-18 10:22:30.933000,410.491057435328,95
2024-09-18 10:22:30.959000,410.4925170679514,996
2024-09-18 10:22:31.088000,410.52960064351527,996
2024-09-18 10:22:31.158000,410.5072341204877,11
2024-09-18 10:22:31.173000,410.52589775228046,98
2024-09-18 10:22:31.335000,410.5035182426726,997
2024-09-18 10:22:31.354000,410.5231205237209,11
2024-09-18 10:22:31.370000,410.50958105562944,96
2024-09-18 10:22:31.371000,410.49681371495086,1004
2024-09-18 10:22:31.379000,410.4938301350562,105
2024-09-18 10:22:31.680000,410.5072210401881,101
2024-09-18 10:22:31.720000,410.5008257161921,1004
2024-09-18 10:22:31.866000,410.52976104153504,1005
2024-09-18 10:22:31.877000,410.499025170837,1001
2024-09-18 10:22:31.900000,410.5180026018039,997
2024-09-18 10:22:31.934000,410.5065661680688,995
2024-09-18 10:22:31.971000,410.5085277547264,8
2024-09-18 10:22:32.004000,410.54315797566335,96
2024-09-18 10:22:32.145000,410.55437184760746,998
2024-09-18 10:22:32.177000,410.46672677575714,105
2024-09-18 10:22:32.199000,410.55728431315856,7
2024-09-18 10:22:32.211000,410.5644419872757,13
2024-09-18 10:22:32.249000,410.5379166709019,102
2024-09-18 10:22:32.294000,410.5350124417234,96
2024-09-18 10:22:32.502000,410.5551381448849,95
2024-09-18 10:22:32.530000,410.5212277584309,996
2024-09-18 10:22:32.545000,410.5366761059682,105
2024-09-18 10:22:32.547000,410.5703920869336,13
2024-09-18 10:22:32.547000,410.5046635322847,15
2024-09-18 10:22:32.553000,410.55061397478113,105
2024-09-18 10:22:32.553000,410.4936043386589,99
2024-09-18 10:22:32.572000,410.4861436955758,95
2024-09-18 10:22:32.677000,410.4937603722302,1000
2024-09-18 10:22:32.781000,410.5034738177485,13
2024-09-18 10:22:32.862000,410.5371597171622,995
2024-09-18 10:22:32.881000,410.5561657904891,995
2024-09-18 10:22:33.040000,410.62486814828594,995
2024-09-18 10:22:33.069000,410.5616076924895,8
2024-09-18 10:22:33.164000,410.6264097728582,98
2024-09-18 10:22:33.208000,410.6482510622722,995
2024-09-18 10:22:33.269000,410.63906981293314,1000
2024-09-18 10:22:33.276000,410.578380418456,995
2024-09-18 10:22:33.359000,410.5514253971119,999
2024-09-18 10:22:33.431000,410.6413870601719,13
2024-09-18 10:22:33.442000,410.6484479133422,12
2024-09-18 10:22:33.537000,410.6165557786444,5
2024-09-18 10:22:33.538000,410.5550484120233,103
2024-09-18 10:22:33.539000,410.6102926717783,12
2024-09-18 10:22:33.550000,410.5934530325938,1004
2024-09-18 10:22:33.566000,410.6328845356578,96
2024-09-18 10:22:33.603000,410.5618230657512,1001
2024-09-18 10:22:33.618000,410.5572210690264,996
2024-09-18 10:22:33.645000,410.6267036242175,1005
2024-09-18 10:22:33.689000,410.59990718409614,999
2024-09-18 10:22:33.693000,410.6338348689922,999
2024-09-18 10:22:33.829000,410.61910969417386,10
2024-09-18 10:22:33.849000,410.634558939794,99
2024-09-18 10:22:33.889000,410.6137461985813,102
2024-09-18 10:22:33.991000,410.6079154671067,1004
2024-09-18 10:22:34.157000,410.60994666170166,6
2024-09-18 10:22:35.008000,410.6266962571996,102
2024-09-18 10:22:35.052000,410.59634207545525,10
2024-09-18 10:22:35.168000,410.590754166858,98
2024-09-18 10:22:35.185000,410.59005803629134,1000
2024-09-18 10:22:35.223000,410.6078878198903,9
2024-09-18 10:22:35.337000,410.6087235783879,1003
2024-09-18 10:22:35.358000,410.5683470627852,95
2024-09-18 10:22:35.391000,410.5634791774593,5
2024-09-18 10:22:35.396000,410.5745104828072,995
2024-09-18 10:22:35.397000,410.6083103590103,13
2024-09-18 10:22:35.489000,410.6058190227073,95
2024-09-18 10:22:35.570000,410.5624872028966,9
2024-09-18 10:22:35.606000,410.61957025274177,14
2024-09-18 10:22:35.609000,410.5863027635894,104
2024-09-18 10:22:35.744000,410.5991359264357,104
2024-09-18 10:22:35.759000,410.6026144189692,11
2024-09-18 10:22:35.887000,410.616599654564,1004
2024-09-18 10:22:35.943000,410.5709138900201,95
2024-09-18 10:22:35.961000,410.6079135765582,1005
2024-09-18 10:22:36.191000,410.6372429174202,1003
2024-09-18 10:22:36.442000,410.6511479538471,96
2024-09-18 10:22:36.762000,410.6099495161096,5
2024-09-18 10:22:37.051000,410.64929919482864,995
2024-09-18 10:22:37.149000,410.6585420863343,997
2024-09-18 10:22:37.161000,410.661235912958,15
2024-09-18 10:22:37.393000,410.601325648745,8
2024-09-18 10:22:37.520000,410.6122532817496,1000
2024-09-18 10:22:37.670000,410.60133189826814,998
2024-09-18 10:22:37.793000,410.64917063845377,1005
2024-09-18 10:22:37.818000,410.6569457465122,1002
2024-09-18 10:22:37.985000,410.614776884706,996
2024-09-18 10:22:38.005000,410.6694718847679,6
2024-09-18 10:22:38.016000,410.7139609569346,1003
2024-09-18 10:22:38.037000,410.6420606180579,15
2024-09-18 10:22:38.049000,410.70532596610514,100
2024-09-18 10:22:38.078000,410.6912439664204,14
2024-09-18 10:22:38.111000,410.637788489524,8
2024-09-18 10:22:38.123000,410.6926692111052,12
2024-09-18 10:22:38.135000,410.6956613727348,97
2024-09-18 10:22:38.227000,410.70743232146606,15
2024-09-18 10:22:38.236000,410.7114359007438,995
2024-09-18 10:22:38.337000,410.70188324262665,1002
2024-09-18 10:22:38.351000,410.7011618340319,997
2024-09-18 10:22:38.382000,410.7020942304733,13
2024-09-18 10:22:38.417000,410.7013343267697,100
2024-09-18 10:22:38.466000,410.7069544106652,1002
2024-09-18 10:22:38.492000,410.6458900397838,96
2024-09-18 10:22:38.535000,410.6325754065584,1002
2024-09-18 10:22:38.564000,410.71895013731177,105
2024-09-18 10:22:38.596000,410.7192849559488,97
2024-09-18 10:22:38.627000,410.64552276444897,1001
2024-09-18 10:22:38.685000,410.68192019479847,13
2024-09-18 10:22:38.778000,410.7300870203328,1000
2024-09-18 10:22:38.909000,410.6807304048168,997
2024-09-18 10:22:38.941000,410.696244371164,95
2024-09-18 10:22:38.951000,410.6926692669802,997
2024-09-18 10:22:38.987000,410.7281926307417,8
2024-09-18 10:22:39.113000,410.7279638709931,1005
2024-09-18 10:22:39.301000,410.7204706377271,10
2024-09-18 10:22:39.441000,410.7428420021012,997
2024-09-18 10:22:39.657000,410.70867450753735,9
2024-09-18 10:22:39.787000,410.7191722160555,9
2024-09-18 10:22:39.971000,410.71984683047526,96
2024-09-18 10:22:40.074000,410.80659332272336,98
2024-09-18 10:22:40.155000,410.8335519068999,97
2024-09-18 10:22:40.210000,410.8364489057741,101
2024-09-18 10:22:40.288000,410.7972358072221,10
2024-09-18 10:22:40.389000,410.8267541707372,1000
2024-09-18 10:22:40.457000,410.78470875081086,95
2024-09-18 10:22:40.463000,410.7353627525415,100
2024-09-18 10:22:40.580000,410.73034544201886,99
2024-09-18 10:22:40.603000,410.7962062606138,15
2024-09-18 10:22:40.853000,410.8215062268636,1001
2024-09-18 10:22:40.857000,410.7373147439172,10
2024-09-18 10:22:40.918000,410.71516258338,15
2024-09-18 10:22:40.937000,410.8326323985959,95
2024-09-18 10:22:40.942000,410.812002553388,9
2024-09-18 10:22:40.958000,410.8303039295028,997
2024-09-18 10:22:40.966000,410.7657235832818,6
2024-09-18 10:22:41.021000,410.74599170772336,96
2024-09-18 10:22:41.034000,410.83064853925646,1004
2024-09-18 10:22:41.048000,410.831031706592,104
2024-09-18 10:22:41.226000,410.7712473479861,996
2024-09-18 10:22:41.286000,410.7603955847334,99
2024-09-18 10:22:41.305000,410.7846792789751,104
2024-09-18 10:22:41.333000,410.73344000898857,1002
2024-09-18 10:22:41.347000,410.78463004425976,97
2024-09-18 10:22:41.448000,410.7653672986104,998
2024-09-18 10:22:41.497000,410.7706081319739,1003
2024-09-18 10:22:41.500000,410.7582468800181,96
2024-09-18 10:22:41.502000,410.7487858560447,98
2024-09-18 10:22:41.516000,410.73550132138456,7
2024-09-18 10:22:41.531000,410.7918975449229,5
2024-09-18 10:22:41.542000,410.8426397300953,95
2024-09-18 10:22:41.578000,410.8231973566856,97
2024-09-18 10:22:41.676000,410.7737629585136,97
2024-09-18 10:22:41.733000,410.78303342340064,1005
2024-09-18 10:22:41.885000,410.7753680862392,997
2024-09-18 10:22:41.910000,410.8146632038087,1004
2024-09-18 10:22:41.965000,410.7598009873776,102
2024-09-18 10:22:41.967000,410.8116428252554,997
2024-09-18 10:22:41.974000,410.7361328213722,12
2024-09-18 10:22:42.017000,410.7507069966531,104
2024-09-18 10:22:42.038000,410.7422827466524,99
2024-09-18 10:22:42.064000,410.7403151675151,1003
2024-09-18 10:22:42.253000,410.759382632281,103
2024-09-18 10:22:42.298000,410.7574470548713,996
2024-09-18 10:22:42.328000,410.767923375209,96
2024-09-18 10:22:42.405000,410.76279222946056,5
2024-09-18 10:22:42.424000,410.7661754523431,99
2024-09-18 10:22:42.617000,410.75340339158606,1002
2024-09-18 10:22:42.619000,410.746865277872,1001
2024-09-18 10:22:42.706000,410.7377877581376,1001
2024-09-18 10:22:42.715000,410.7358985902882,1002
2024-09-18 10:22:42.718000,410.738041413743,5
2024-09-18 10:22:42.767000,410.7719024886564,96
2024-09-18 10:22:42.855000,410.7468260980816,100
2024-09-18 10:22:42.859000,410.753631186045,12
2024-09-18 10:22:42.980000,410.752002694424,11
2024-09-18 10:22:43.234000,410.7491530029423,1001
2024-09-18 10:22:43.541000,410.7359489696657,1001
2024-09-18 10:22:43.838000,410.7479453369496,1003
2024-09-18 10:22:43.892000,410.74113425828347,9
2024-09-18 10:22:43.941000,410.74297315474826,1004
2024-09-18 10:22:44.080000,410.6882723117801,6
2024-09-18 10:22:44.164000,410.6948170693589,996
2024-09-18 10:22:44.191000,410.70454489061024,97
2024-09-18 10:22:44.298000,410.7391697420861,5
2024-09-18 10:22:44.442000,410.70054338041285,101
2024-09-18 10:22:44.823000,410.7045763529943,14
2024-09-18 10:22:44.906000,410.7147205972408,103
2024-09-18 10:22:44.931000,410.7238610786294,101
2024-09-18 10:22:45.039000,410.7236305811618,8
2024-09-18 10:22:45.081000,410.73411265458793,13
2024-09-18 10:22:45.084000,410.7327622781845,105
2024-09-18 10:22:45.151000,410.7006197471372,1004
2024-09-18 10:22:45.153000,410.7132147827885,14
2024-09-18 10:22:45.168000,410.7100310149325,995
2024-09-18 10:22:45.208000,410.6994717658743,995
2024-09-18 10:22:45.310000,410.7182874831739,100
2024-09-18 10:22:45.344000,410.7285044331495,998
2024-09-18 10:22:45.373000,410.7252532692653,97
2024-09-18 10:22:45.376000,410.7155758375002,7
2024-09-18 10:22:45.392000,410.6274144027266,998
2024-09-18 10:22:45.396000,410.7389708233592,1005
2024-09-18 10:22:45.411000,410.7220904052404,95
2024-09-18 10:22:45.451000,410.61725150059226,101
2024-09-18 10:22:45.496000,410.6907785638023,997
2024-09-18 10:22:45.509000,410.7277620344608,101
2024-09-18 10:22:45.541000,410.7227781471517,103
2024-09-18 10:22:45.547000,410.6180438040104,13
2024-09-18 10:22:45.547000,410.7498497862703,997
2024-09-18 10:22:45.606000,410.710792399188,96
2024-09-18 10:22:45.631000,410.6826904990143,8
2024-09-18 10:22:45.716000,410.7351777694216,6
2024-09-18 10:22:45.743000,410.621172266986,105
2024-09-18 10:22:45.778000,410.62801137980057,100
2024-09-18 10:22:45.806000,410.6914805066152,103
2024-09-18 10:22:45.921000,410.65316498305606,999
2024-09-18 10:22:45.981000,410.7256034467641,7
2024-09-18 10:22:46.013000,410.6011912252533,96
2024-09-18 10:22:46.229000,410.59758163944855,103
2024-09-18 10:22:46.241000,410.57203503620855,997
2024-09-18 10:22:46.346000,410.62003942152126,13
2024-09-18 10:22:46.410000,410.6156362767702,1005
2024-09-18 10:22:46.432000,410.56214960276606,1005
2024-09-18 10:22:46.542000,410.5358998987293,101
2024-09-18 10:22:46.644000,410.6194227281784,1005
2024-09-18 10:22:46.682000,410.5498393369254,14
2024-09-18 10:22:46.692000,410.5494398283842,15
2024-09-18 10:22:46.714000,410.5722865057065,96
2024-09-18 10:22:46.775000,410.6061934856619,996
2024-09-18 10:22:46.784000,410.5494547063036,9
2024-09-18 10:22:46.840000,410.5146819049316,1000
2024-09-18 10:22:46.858000,410.5464284881952,1001
2024-09-18 10:22:46.863000,410.54704968688304,14
2024-09-18 10:22:46.914000,410.6082269389042,1005
2024-09-18 10:22:46.946000,410.6091673687647,7
2024-09-18 10:22:46.981000,410.5048449274713,6
2024-09-18 10:22:47.185000,410.5191584794472,98
2024-09-18 10:22:47.525000,410.5103147560903,999
2024-09-18 10:22:47.809000,410.5187288687928,12
2024-09-18 10:22:48.054000,410.581410753629,96
2024-09-18 10:22:48.063000,410.6403890736734,14
2024-09-18 10:22:48.154000,410.5574674631427,98
2024-09-18 10:22:48.169000,410.6349282695009,996
2024-09-18 10:22:48.185000,410.6659318176162,101
2024-09-18 10:22:48.234000,410.66705582333975,1005
2024-09-18 10:22:48.314000,410.60740670883706,5
2024-09-18 10:22:48.398000,410.65567094216783,1001
2024-09-18 10:22:48.428000,410.6079701879349,6
2024-09-18 10:22:48.437000,410.6473830887744,1003
2024-09-18 10:22:48.454000,410.6133470346046,995
2024-09-18 10:22:48.515000,410.5590745697427,7
2024-09-18 10:22:48.625000,410.6402891082856,6
2024-09-18 10:22:48.680000,410.66480706539073,999
2024-09-18 10:22:48.702000,410.60250664815646,100
2024-09-18 10:22:48.721000,410.6185030168062,105
2024-09-18 10:22:48.858000,410.60924580954185,1002
2024-09-18 10:22:48.866000,410.630886677569,105
2024-09-18 10:22:48.890000,410.6012997229647,1003
2024-09-18 10:22:48.891000,410.6336018383271,105
2024-09-18 10:22:48.921000,410.6225309119408,1004
2024-09-18 10:22:48.933000,410.62110333086247,103
2024-09-18 10:22:48.970000,410.5488455968773,14
2024-09-18 10:22:48.986000,410.6679554657121,6
2024-09-18 10:22:49.001000,410.5653318395749,11
2024-09-18 10:22:49.011000,410.5793131189004,100
2024-09-18 10:22:49.137000,410.63900472712646,1003
2024-09-18 10:22:49.214000,410.575249977958,6
2024-09-18 10:22:49.284000,410.56653079786105,13
2024-09-18 10:22:49.306000,410.612943003646,103
2024-09-18 10:22:49.425000,410.6230251989773,999
2024-09-18 10:22:49.444000,410.6089529429106,9
2024-09-18 10:22:49.474000,410.59869874202434,1004
2024-09-18 10:22:49.480000,410.600836920653,101
2024-09-18 10:22:49.514000,410.63926434143934,5
2024-09-18 10:22:49.548000,410.59966885517343,1005
2024-09-18 10:22:49.573000,410.58473714034864,15
2024-09-18 10:22:49.591000,410.6607408746653,11
2024-09-18 10:22:49.645000,410.5632419253269,95
2024-09-18 10:22:49.679000,410.5829840096752,1001
2024-09-18 10:22:49.687000,410.65276397292746,999
2024-09-18 10:22:49.710000,410.5823461637255,995
2024-09-18 10:22:49.731000,410.5886037827705,1004
2024-09-18 10:22:49.739000,410.5675306043632,97
2024-09-18 10:22:49.799000,410.6078548409319,9
2024-09-18 10:22:49.801000,410.65430461292095,1001
2024-09-18 10:22:49.803000,410.5668910277674,998
2024-09-18 10:22:49.838000,410.5689483701439,997
2024-09-18 10:22:49.872000,410.6143672063649,10
2024-09-18 10:22:49.882000,410.5762659195442,998
2024-09-18 10:22:50.027000,410.5809922153222,999
2024-09-18 10:22:50.079000,410.55797065662335,98
2024-09-18 10:22:50.088000,410.5450815455207,9
2024-09-18 10:22:50.095000,410.6110246879285,6
2024-09-18 10:22:50.135000,410.6094099083317,6
2024-09-18 10:22:50.141000,410.5940938466704,100
2024-09-18 10:22:50.184000,410.5872212249658,1000
2024-09-18 10:22:50.263000,410.5805820926051,95
2024-09-18 10:22:50.306000,410.5720566821761,97
2024-09-18 10:22:50.384000,410.5807027334259,10
2024-09-18 10:22:50.403000,410.5669386049036,1003
2024-09-18 10:22:50.516000,410.55321020367205,15
2024-09-18 10:22:50.552000,410.62592321012863,105
2024-09-18 10:22:50.578000,410.6037545449669,1003
2024-09-18 10:22:50.593000,410.543440430502,6
2024-09-18 10:22:50.715000,410.5590027995613,99
2024-09-18 10:22:50.733000,410.5564281649129,7
2024-09-18 10:22:50.737000,410.5710797983716,998
2024-09-18 10:22:50.775000,410.5600391304939,96
2024-09-18 10:22:50.820000,410.5904374983612,1001
2024-09-18 10:22:50.867000,410.5716629316103,1004
2024-09-18 10:22:50.914000,410.5721887123439,1004
2024-09-18 10:22:50.921000,410.55099134072697,101
2024-09-18 10:22:50.943000,410.54081814005633,1005
2024-09-18 10:22:50.948000,410.5703489392062,9
2024-09-18 10:22:50.955000,410.6161759683116,1000
2024-09-18 10:22:50.994000,410.5666075856106,105
2024-09-18 10:22:51.067000,410.5005356357812,105
2024-09-18 10:22:51.101000,410.65383626079085,5
2024-09-18 10:22:51.124000,410.49872901183375,1003
2024-09-18 10:22:51.172000,410.4954651593981,97
2024-09-18 10:22:51.196000,410.5268522938944,11
2024-09-18 10:22:51.207000,410.5711956899144,6
2024-09-18 10:22:51.210000,410.5527875953144,97
2024-09-18 10:22:51.240000,410.56161070934,95
2024-09-18 10:22:51.255000,410.6026303489011,9
2024-09-18 10:22:51.266000,410.6555229437724,5
2024-09-18 10:22:51.320000,410.5703528146168,8
2024-09-18 10:22:51.383000,410.6454332665061,1000
2024-09-18 10:22:51.438000,410.4734909172123,105
2024-09-18 10:22:51.450000,410.5619575295779,1001
2024-09-18 10:22:51.462000,410.5890307729544,104
2024-09-18 10:22:51.500000,410.63042146427136,6
2024-09-18 10:22:51.543000,410.6355730112912,96
2024-09-18 10:22:51.563000,410.54503608238247,996
2024-09-18 10:22:51.599000,410.639993519957,6
2024-09-18 10:22:51.692000,410.56778150721686,98
2024-09-18 10:22:51.727000,410.5337301374333,7
2024-09-18 10:22:51.812000,410.5538322893431,105
2024-09-18 10:22:51.813000,410.63351571725696,14
2024-09-18 10:22:51.912000,410.63618977284506,99
2024-09-18 10:22:51.929000,410.5449884144373,104
2024-09-18 10:22:51.936000,410.5735808730173,102
2024-09-18 10:22:51.964000,410.6159381734879,1005
2024-09-18 10:22:51.996000,410.6389741268191,99
2024-09-18 10:22:52.041000,410.5722059098203,13
2024-09-18 10:22:52.045000,410.564134851164,7
2024-09-18 10:22:52.072000,410.557613533788,14
2024-09-18 10:22:52.079000,410.54403763023447,104
2024-09-18 10:22:52.103000,410.59133296826514,8
2024-09-18 10:22:52.131000,410.5007795585938,996
2024-09-18 10:22:52.179000,410.5263309407964,99
2024-09-18 10:22:52.186000,410.5990043260751,7
2024-09-18 10:22:52.202000,410.5143740309432,1003
2024-09-18 10:22:52.263000,410.49533833731925,103
2024-09-18 10:22:52.286000,410.524839414958,102
2024-09-18 10:22:52.331000,410.49953344375206,105
2024-09-18 10:22:52.352000,410.5327578118582,5
2024-09-18 10:22:52.460000,410.5077286430599,1003
2024-09-18 10:22:52.508000,410.5361580248087,999
2024-09-18 10:22:52.646000,410.5270172609676,95
2024-09-18 10:22:52.693000,410.5529154744257,11
2024-09-18 10:22:52.704000,410.51258069397335,12
2024-09-18 10:22:52.708000,410.5450740865444,1001
2024-09-18 10:22:52.741000,410.5182318512008,999
2024-09-18 10:22:52.810000,410.5268074602598,99
2024-09-18 10:22:52.882000,410.52367249048,5
2024-09-18 10:22:52.958000,410.5472894024207,11
2024-09-18 10:22:54.207000,410.6094315263164,97
2024-09-18 10:22:54.226000,410.6207936335065,1005
2024-09-18 10:22:54.375000,410.61247536524337,1005
2024-09-18 10:22:54.761000,410.63454749703874,997
2024-09-18 10:22:54.879000,410.6164117007555,1002
2024-09-18 10:22:55.038000,410.6049205260911,96
2024-09-18 10:22:55.054000,410.669621861172,995
2024-09-18 10:22:55.113000,410.6610283057476,102
2024-09-18 10:22:55.129000,410.660939674963,14
2024-09-18 10:22:55.142000,410.6561640824187,9
2024-09-18 10:22:55.168000,410.6633718445896,15
2024-09-18 10:22:55.174000,410.6637154737985,95
2024-09-18 10:22:55.235000,410.68778460081336,99
2024-09-18 10:22:55.250000,410.6865924745613,95
2024-09-18 10:22:55.257000,410.6219958859813,1005
2024-09-18 10:22:55.265000,410.6803829418208,999
2024-09-18 10:22:55.291000,410.6763346753282,99
2024-09-18 10:22:55.298000,410.6004623793545,997
2024-09-18 10:22:55.352000,410.64454006237696,95
2024-09-18 10:22:55.413000,410.6259103877264,5
2024-09-18 10:22:55.427000,410.6748182315585,10
2024-09-18 10:22:55.455000,410.6705419747579,13
2024-09-18 10:22:55.514000,410.6158641119498,1004
2024-09-18 10:22:55.539000,410.6286418917592,95
2024-09-18 10:22:55.645000,410.6196680852077,999
2024-09-18 10:22:55.675000,410.61213158459947,1000
2024-09-18 10:22:55.676000,410.6892676089777,14
2024-09-18 10:22:55.725000,410.6770027682864,995
2024-09-18 10:22:55.792000,410.6446261599143,996
2024-09-18 10:22:55.952000,410.6592646597073,1001
2024-09-18 10:22:56.064000,410.664406932014,997
2024-09-18 10:22:56.069000,410.73107101832863,5
2024-09-18 10:22:56.133000,410.6766575846675,11
2024-09-18 10:22:56.169000,410.7077611641717,1001
2024-09-18 10:22:56.218000,410.6737945451523,997
2024-09-18 10:22:56.318000,410.7342325160501,5
2024-09-18 10:22:56.331000,410.6728746398129,98
2024-09-18 10:22:56.384000,410.74386376136727,7
2024-09-18 10:22:56.419000,410.666600463136,15
2024-09-18 10:22:56.421000,410.658835829089,102
2024-09-18 10:22:56.457000,410.72871289623873,103
2024-09-18 10:22:56.601000,410.7201874195805,104
2024-09-18 10:22:56.609000,410.6757180598871,999
2024-09-18 10:22:56.614000,410.6722565771862,104
2024-09-18 10:22:56.635000,410.71476260048127,104
2024-09-18 10:22:56.677000,410.7121029716749,103
2024-09-18 10:22:56.680000,410.7161017989068,101
2024-09-18 10:22:56.774000,410.7155154406043,9
2024-09-18 10:22:56.783000,410.7013038476924,1002
2024-09-18 10:22:56.795000,410.6906233772434,103
2024-09-18 10:22:56.809000,410.68430789306296,105
2024-09-18 10:22:56.894000,410.6736082215653,995
2024-09-18 10:22:56.907000,410.69489290343006,1003
2024-09-18 10:22:56.909000,410.672539315409,11
2024-09-18 10:22:57.043000,410.6282076253139,999
2024-09-18 10:22:57.152000,410.6793497566712,996
2024-09-18 10:22:57.237000,410.6274561714922,1002
2024-09-18 10:22:57.261000,410.6657437893053,6
2024-09-18 10:22:57.278000,410.64814146069983,102
2024-09-18 10:22:57.279000,410.691293941247,104
2024-09-18 10:22:57.309000,410.5941434569978,997
2024-09-18 10:22:57.391000,410.6504592906572,1001
2024-09-18 10:22:57.392000,410.60003825508295,5
2024-09-18 10:22:57.393000,410.6817535931957,96
2024-09-18 10:22:57.416000,410.6103183538608,6
2024-09-18 10:22:57.520000,410.68706745915455,95
2024-09-18 10:22:57.586000,410.6437105323996,13
2024-09-18 10:22:57.592000,410.65031889429554,1005
2024-09-18 10:22:57.652000,410.6005504088133,1005
2024-09-18 10:22:57.663000,410.6454782113914,995
2024-09-18 10:22:57.910000,410.678581357951,9
2024-09-18 10:22:58.002000,410.63801157524495,13
2024-09-18 10:22:58.027000,410.5995752233432,9
2024-09-18 10:22:58.127000,410.625079762346,8
2024-09-18 10:22:58.138000,410.6402224928676,9
2024-09-18 10:22:58.310000,410.5920850979626,1004
2024-09-18 10:22:58.338000,410.6397555744791,10
2024-09-18 10:22:58.400000,410.6491389348268,5
2024-09-18 10:22:58.541000,410.62222503005137,105
2024-09-18 10:22:58.688000,410.6347196040925,995
2024-09-18 10:22:58.693000,410.6056555390272,14
2024-09-18 10:22:58.737000,410.6217512088205,10
2024-09-18 10:22:58.877000,410.5955114773505,1002
2024-09-18 10:22:58.894000,410.5724525663224,96
2024-09-18 10:22:58.968000,410.6298293028168,8
2024-09-18 10:22:58.970000,410.6432927577245,999
2024-09-18 10:22:59.025000,410.54983093209296,9
2024-09-18 10:22:59.040000,410.5328830332998,7
2024-09-18 10:22:59.110000,410.52256209837793,15
2024-09-18 10:22:59.171000,410.5535160158244,995
2024-09-18 10:22:59.176000,410.5389575182115,11
2024-09-18 10:22:59.344000,410.5676186891003,5
2024-09-18 10:22:59.434000,410.5392059306489,1003
2024-09-18 10:22:59.490000,410.5728935632347,13
2024-09-18 10:22:59.507000,410.5899967748359,101
2024-09-18 10:22:59.517000,410.5322445300248,9
2024-09-18 10:22:59.524000,410.5484891591124,999
2024-09-18 10:22:59.578000,410.5078919242537,99
2024-09-18 10:22:59.688000,410.519633471339,1000
2024-09-18 10:22:59.771000,410.5489651166033,9
2024-09-18 10:22:59.825000,410.5338854549231,12
2024-09-18 10:22:59.829000,410.5324291448552,999
