Timestamp,Price,Size
2024-09-18 15:15:00.009000,415.51760873905886,103
2024-09-18 15:15:00.030000,415.55831532728615,999
2024-09-18 15:15:00.071000,415.5126102221319,12
2024-09-18 15:15:00.076000,415.55788377225286,999
2024-09-18 15:15:00.105000,415.5370307538161,14
2024-09-18 15:15:00.116000,415.4918951853596,100
2024-09-18 15:15:00.169000,415.54823874475454,97
2024-09-18 15:15:00.206000,415.4991904670511,999
2024-09-18 15:15:00.222000,415.5505224892625,102
2024-09-18 15:15:00.300000,415.5220430221181,7
2024-09-18 15:15:00.336000,415.5585681195407,1002
2024-09-18 15:15:00.340000,415.5299678444314,101
2024-09-18 15:15:00.355000,415.5100702402197,995
2024-09-18 15:15:00.396000,415.5116060953975,104
2024-09-18 15:15:00.496000,415.5038953738854,99
2024-09-18 15:15:00.533000,415.51842977842017,96
2024-09-18 15:15:00.561000,415.5213202760535,1004
2024-09-18 15:15:00.588000,415.5042955195751,995
2024-09-18 15:15:00.621000,415.52932954614425,14
2024-09-18 15:15:00.636000,415.5677090410114,9
2024-09-18 15:15:00.698000,415.5051723783588,14
2024-09-18 15:15:00.750000,415.4996329281702,102
2024-09-18 15:15:00.789000,415.4993063968718,13
2024-09-18 15:15:00.878000,415.4944422837844,1005
2024-09-18 15:15:00.890000,415.4805521669277,96
2024-09-18 15:15:00.978000,415.5391958301863,6
2024-09-18 15:15:00.992000,415.50001818920174,7
2024-09-18 15:15:01.221000,415.54735917683735,95
2024-09-18 15:15:01.231000,415.6351642112948,999
2024-09-18 15:15:01.243000,415.5805254990636,997
2024-09-18 15:15:01.293000,415.5658858364365,997
2024-09-18 15:15:01.332000,415.5406063017127,96
2024-09-18 15:15:01.366000,415.6057017340884,95
2024-09-18 15:15:01.386000,415.5472881654175,5
2024-09-18 15:15:01.405000,415.5206426559509,1005
2024-09-18 15:15:01.451000,415.5481986049963,11
2024-09-18 15:15:01.521000,415.6196332508835,7
2024-09-18 15:15:01.527000,415.5854350658004,1001
2024-09-18 15:15:01.566000,415.5549673987594,998
2024-09-18 15:15:01.615000,415.5912261169688,100
2024-09-18 15:15:01.621000,415.52935976462976,96
2024-09-18 15:15:01.687000,415.562589770982,6
2024-09-18 15:15:01.716000,415.556862674748,8
2024-09-18 15:15:01.760000,415.54514762669726,996
2024-09-18 15:15:01.823000,415.5893011464982,9
2024-09-18 15:15:01.831000,415.5218787162855,96
2024-09-18 15:15:01.878000,415.5172824650608,100
2024-09-18 15:15:01.895000,415.5322256473916,9
2024-09-18 15:15:01.899000,415.5409778986285,1005
2024-09-18 15:15:01.929000,415.6210865147037,15
2024-09-18 15:15:01.938000,415.5451367283773,1001
2024-09-18 15:15:01.942000,415.5784499045896,15
2024-09-18 15:15:02.150000,415.6230525781821,1000
2024-09-18 15:15:02.193000,415.6113380899748,10
2024-09-18 15:15:02.311000,415.58795204651113,996
2024-09-18 15:15:02.346000,415.6333531253296,1001
2024-09-18 15:15:02.377000,415.6160267506001,102
2024-09-18 15:15:02.410000,415.6253732355388,999
2024-09-18 15:15:02.466000,415.5979488075756,1003
2024-09-18 15:15:02.530000,415.6362711000032,1003
2024-09-18 15:15:02.560000,415.6347078169577,9
2024-09-18 15:15:02.571000,415.64816916530486,1002
2024-09-18 15:15:02.666000,415.6361301689476,102
2024-09-18 15:15:02.672000,415.6179398962674,11
2024-09-18 15:15:02.764000,415.611823497029,98
2024-09-18 15:15:02.794000,415.6086790382095,13
2024-09-18 15:15:02.840000,415.6170256738247,996
2024-09-18 15:15:03.186000,415.6189862100224,99
2024-09-18 15:15:03.204000,415.6532174006789,104
2024-09-18 15:15:03.257000,415.62539484054753,998
2024-09-18 15:15:03.314000,415.6587070572632,1004
2024-09-18 15:15:03.320000,410.994937115045,12
2024-09-18 15:15:03.345000,415.6466638346168,13
2024-09-18 15:15:03.473000,415.65298281027486,99
2024-09-18 15:15:03.481000,415.6292901003475,97
2024-09-18 15:15:03.637000,415.63920322711976,996
2024-09-18 15:15:03.665000,410.9628286431815,1003
2024-09-18 15:15:03.702000,415.63751007338976,100
2024-09-18 15:15:03.760000,415.6282144254863,998
2024-09-18 15:15:03.818000,415.65829271844353,6
2024-09-18 15:15:03.936000,415.62134284251255,95
2024-09-18 15:15:04.070000,415.672190783308,99
2024-09-18 15:15:04.181000,415.6806929575571,999
2024-09-18 15:15:04.283000,415.6727761103896,99
2024-09-18 15:15:04.345000,415.6755085177685,6
2024-09-18 15:15:04.427000,415.6910650243878,1004
2024-09-18 15:15:04.920000,415.6594618724593,14
2024-09-18 15:15:05.030000,415.66249485421537,1003
2024-09-18 15:15:05.089000,415.6396813234711,104
2024-09-18 15:15:05.389000,415.6533087736044,9
2024-09-18 15:15:05.407000,415.6396541003077,996
2024-09-18 15:15:05.506000,415.65130186339815,1001
2024-09-18 15:15:05.637000,415.64236056101424,995
2024-09-18 15:15:05.703000,415.6297173556808,96
2024-09-18 15:15:05.843000,415.657015478928,6
2024-09-18 15:15:05.926000,415.6590168057126,999
2024-09-18 15:15:05.971000,415.6430067356354,995
2024-09-18 15:15:06.006000,415.6088525104116,99
2024-09-18 15:15:06.049000,415.65402880246126,104
2024-09-18 15:15:06.167000,415.6252517456852,6
2024-09-18 15:15:06.217000,415.631258642201,99
2024-09-18 15:15:06.266000,415.6119954750196,1002
2024-09-18 15:15:06.370000,415.61537951072,1005
2024-09-18 15:15:06.374000,415.6447393917265,105
2024-09-18 15:15:06.429000,415.6456827010964,103
2024-09-18 15:15:06.431000,415.6285732927367,999
2024-09-18 15:15:06.441000,415.64294647642816,104
2024-09-18 15:15:06.454000,415.6387790922437,12
2024-09-18 15:15:06.467000,415.6429376367119,6
2024-09-18 15:15:06.486000,415.5802206592017,11
2024-09-18 15:15:06.542000,415.5986492477418,12
2024-09-18 15:15:06.581000,415.65002269317057,995
2024-09-18 15:15:06.583000,415.5930395390959,12
2024-09-18 15:15:06.593000,415.6207278251106,100
2024-09-18 15:15:06.597000,415.6444789733828,99
2024-09-18 15:15:06.605000,415.6156033163124,1005
2024-09-18 15:15:06.620000,415.65269788965054,996
2024-09-18 15:15:06.641000,415.60792844791285,1003
2024-09-18 15:15:06.642000,415.6273520937006,13
2024-09-18 15:15:06.741000,415.65985276327183,995
2024-09-18 15:15:06.763000,415.64120822220576,10
2024-09-18 15:15:06.830000,415.64375494621936,104
2024-09-18 15:15:06.893000,415.62158026383344,11
2024-09-18 15:15:06.896000,415.6108438218274,98
2024-09-18 15:15:06.986000,415.6310946794415,9
2024-09-18 15:15:07.085000,415.66918000151287,103
2024-09-18 15:15:07.105000,415.630234112477,105
2024-09-18 15:15:07.199000,415.6262779552587,996
2024-09-18 15:15:07.242000,415.6679242385305,101
2024-09-18 15:15:07.256000,415.6307909854343,997
2024-09-18 15:15:07.269000,415.64762078511615,96
2024-09-18 15:15:07.344000,415.6492887705288,995
2024-09-18 15:15:07.389000,415.64039734064096,1000
2024-09-18 15:15:07.520000,415.6653180023777,7
2024-09-18 15:15:07.629000,415.6767437516033,998
2024-09-18 15:15:07.700000,415.6117253042897,15
2024-09-18 15:15:07.703000,415.6440067726202,104
2024-09-18 15:15:07.793000,415.70116193563774,95
2024-09-18 15:15:07.895000,415.64633827260593,12
2024-09-18 15:15:07.902000,415.6653515182718,999
2024-09-18 15:15:07.916000,415.697661073754,6
2024-09-18 15:15:07.941000,415.6943761769841,9
2024-09-18 15:15:08.801000,415.6352504700834,1004
2024-09-18 15:15:09.045000,415.6110038074044,102
2024-09-18 15:15:09.288000,415.6162460117116,999
2024-09-18 15:15:09.298000,415.6228111544066,999
2024-09-18 15:15:09.596000,415.6111151992769,100
2024-09-18 15:15:10.171000,415.5952740186248,8
2024-09-18 15:15:10.171000,415.586839929033,5
2024-09-18 15:15:10.187000,415.6227609968632,1002
2024-09-18 15:15:10.409000,415.5911303212628,101
2024-09-18 15:15:10.482000,415.5998656932583,103
2024-09-18 15:15:10.525000,415.57761554626586,5
2024-09-18 15:15:10.602000,415.5684124622973,15
2024-09-18 15:15:10.694000,415.5788922216127,1004
2024-09-18 15:15:10.933000,415.576375354644,6
2024-09-18 15:15:10.980000,415.5447262181184,103
2024-09-18 15:15:11.052000,415.65247930786194,102
2024-09-18 15:15:11.279000,415.6212524304494,997
2024-09-18 15:15:11.508000,415.6232258460001,95
2024-09-18 15:15:11.572000,415.6437942390169,97
2024-09-18 15:15:11.892000,415.6480261519609,97
2024-09-18 15:15:11.937000,415.6140035486083,105
2024-09-18 15:15:12.363000,415.6408132068168,97
2024-09-18 15:15:12.464000,415.6720236537845,14
2024-09-18 15:15:12.475000,415.6450477389283,96
2024-09-18 15:15:12.508000,415.6540383778823,6
2024-09-18 15:15:12.559000,415.6553099492101,10
2024-09-18 15:15:12.929000,415.6690415208192,8
2024-09-18 15:15:12.986000,415.64217800187225,995
2024-09-18 15:15:13.052000,415.5477788119792,998
2024-09-18 15:15:13.089000,415.59655260283614,97
2024-09-18 15:15:13.202000,415.52610975588016,100
2024-09-18 15:15:13.276000,415.6115691577372,14
2024-09-18 15:15:13.403000,415.5579089888861,999
2024-09-18 15:15:13.407000,415.5191435547854,105
2024-09-18 15:15:13.446000,415.60805848437104,1005
2024-09-18 15:15:13.466000,415.5638927937998,15
2024-09-18 15:15:13.597000,415.52407056649497,14
2024-09-18 15:15:13.650000,415.59782906229856,14
2024-09-18 15:15:13.685000,415.56573886633566,103
2024-09-18 15:15:13.718000,415.558207722273,14
2024-09-18 15:15:13.732000,415.5966544409785,102
2024-09-18 15:15:13.778000,415.5426223458739,103
2024-09-18 15:15:13.789000,415.5706074899291,101
2024-09-18 15:15:13.865000,415.6070589211173,11
2024-09-18 15:15:14.018000,415.5586132422875,15
2024-09-18 15:15:14.259000,415.5458791450115,1005
2024-09-18 15:15:14.268000,415.5370382490352,104
2024-09-18 15:15:14.271000,415.52999504162113,999
2024-09-18 15:15:14.363000,415.5391530730304,11
2024-09-18 15:15:14.426000,415.5257507414488,1000
2024-09-18 15:15:14.538000,415.5561449655056,1001
2024-09-18 15:15:14.619000,415.5283686502612,95
2024-09-18 15:15:14.713000,410.5281315892137,999
2024-09-18 15:15:14.802000,415.54645490615,103
2024-09-18 15:15:14.986000,415.54237576928,9
2024-09-18 15:15:15.174000,415.5443169600241,14
2024-09-18 15:15:15.183000,415.53773896732247,998
2024-09-18 15:15:15.199000,415.5060962571527,97
2024-09-18 15:15:15.443000,415.5413339613072,1004
2024-09-18 15:15:15.466000,415.5306408163682,6
2024-09-18 15:15:15.523000,415.5180424265977,8
2024-09-18 15:15:15.536000,415.5485878273973,8
2024-09-18 15:15:15.634000,415.540968963187,105
2024-09-18 15:15:15.705000,415.5057726996697,1004
2024-09-18 15:15:15.732000,415.484602945292,1002
2024-09-18 15:15:15.765000,415.5095037064045,8
2024-09-18 15:15:15.850000,415.5295873007319,1002
2024-09-18 15:15:15.855000,415.5382924447962,102
2024-09-18 15:15:15.861000,415.54913587710126,11
2024-09-18 15:15:15.920000,415.50891429990287,996
2024-09-18 15:15:15.995000,415.52920600080114,6
2024-09-18 15:15:16.029000,415.5111724860533,98
2024-09-18 15:15:16.093000,415.5706742620244,1003
2024-09-18 15:15:16.135000,415.4967030424185,997
2024-09-18 15:15:16.142000,415.4864783161335,1004
2024-09-18 15:15:16.248000,415.51871214056496,1003
2024-09-18 15:15:16.279000,415.5200240419918,95
2024-09-18 15:15:16.289000,415.4960393654905,996
2024-09-18 15:15:16.302000,415.5696869057361,13
2024-09-18 15:15:16.315000,415.5389658652663,5
2024-09-18 15:15:16.350000,415.5672165536332,1002
2024-09-18 15:15:16.356000,415.51680760600567,996
2024-09-18 15:15:16.425000,415.52458187836,1000
2024-09-18 15:15:16.472000,415.520589468478,1005
2024-09-18 15:15:16.475000,415.5425913026141,100
2024-09-18 15:15:16.485000,415.5442049200384,101
2024-09-18 15:15:16.510000,415.5139939474648,12
2024-09-18 15:15:16.532000,415.5182531352296,1000
2024-09-18 15:15:16.547000,415.58644280892,7
2024-09-18 15:15:16.561000,415.579626001215,1003
2024-09-18 15:15:16.575000,415.516920653008,995
2024-09-18 15:15:16.616000,415.52079642240886,7
2024-09-18 15:15:16.616000,415.5136996594312,1003
2024-09-18 15:15:16.666000,415.5131770935997,97
2024-09-18 15:15:16.770000,415.52622877412665,12
2024-09-18 15:15:16.814000,415.54177325696327,14
2024-09-18 15:15:16.874000,415.5744355547126,9
2024-09-18 15:15:16.900000,415.5143771733058,15
2024-09-18 15:15:17.134000,415.4760335643351,996
2024-09-18 15:15:17.243000,415.48712152284577,102
2024-09-18 15:15:17.512000,415.475018822704,101
2024-09-18 15:15:17.622000,415.4805574952585,102
2024-09-18 15:15:17.712000,415.4939372031493,7
2024-09-18 15:15:17.902000,415.484662291269,11
2024-09-18 15:15:18.059000,415.4747839516592,10
2024-09-18 15:15:18.321000,410.5119943067096,97
2024-09-18 15:15:18.368000,415.48076992012574,998
2024-09-18 15:15:18.393000,415.487689503494,11
2024-09-18 15:15:18.451000,415.4682730402792,8
2024-09-18 15:15:18.724000,415.4661864535115,102
2024-09-18 15:15:18.942000,415.4720913754815,103
2024-09-18 15:15:18.944000,415.48008213660006,100
2024-09-18 15:15:19.016000,415.4538094090277,1000
2024-09-18 15:15:19.097000,415.45883478366994,8
2024-09-18 15:15:19.178000,415.4697337834688,1000
2024-09-18 15:15:19.179000,415.4403756308681,99
2024-09-18 15:15:19.214000,415.4191263926678,5
2024-09-18 15:15:19.238000,415.4166988908577,997
2024-09-18 15:15:19.352000,415.4280368224731,14
2024-09-18 15:15:19.394000,415.43749438856537,11
2024-09-18 15:15:19.445000,415.4504263485097,995
2024-09-18 15:15:19.458000,415.42413309556855,15
2024-09-18 15:15:19.496000,415.4361038297393,999
2024-09-18 15:15:19.578000,415.4657934914324,10
2024-09-18 15:15:19.647000,415.462990929778,99
2024-09-18 15:15:19.741000,415.4557705251701,95
2024-09-18 15:15:19.908000,415.4461195460778,102
2024-09-18 15:15:19.960000,415.41742516849337,1003
2024-09-18 15:15:19.966000,415.4411604785744,97
2024-09-18 15:15:19.968000,415.4675569094048,1004
2024-09-18 15:15:20.079000,415.5124837721492,9
2024-09-18 15:15:20.124000,415.51211626428267,102
2024-09-18 15:15:20.355000,415.4879487272448,11
2024-09-18 15:15:20.411000,415.4885174681188,10
2024-09-18 15:15:20.456000,415.46250484663386,11
2024-09-18 15:15:20.545000,415.5179694570509,1000
2024-09-18 15:15:20.570000,415.5227571805728,15
2024-09-18 15:15:20.613000,415.5083969784149,1002
2024-09-18 15:15:20.785000,415.5128804447919,99
2024-09-18 15:15:20.815000,415.5128448082214,104
2024-09-18 15:15:20.841000,415.5013049947104,100
2024-09-18 15:15:20.868000,415.4554193666563,1003
2024-09-18 15:15:21.075000,415.5084074133204,12
2024-09-18 15:15:21.131000,415.4904991227416,6
2024-09-18 15:15:21.154000,415.47926589146704,102
2024-09-18 15:15:21.343000,415.5190179094857,998
2024-09-18 15:15:21.350000,415.4586490001205,995
2024-09-18 15:15:21.403000,415.5102410449976,96
2024-09-18 15:15:21.451000,415.44891047353326,7
2024-09-18 15:15:21.463000,415.5049989287392,102
2024-09-18 15:15:21.510000,415.51249520659496,5
2024-09-18 15:15:21.597000,415.50029954967255,8
2024-09-18 15:15:21.647000,415.514534070583,102
2024-09-18 15:15:21.698000,415.5043739788222,95
2024-09-18 15:15:21.719000,415.4971024726902,1003
2024-09-18 15:15:21.732000,415.4627672046373,13
2024-09-18 15:15:21.776000,415.4574655160311,11
2024-09-18 15:15:21.841000,415.4456058209336,15
2024-09-18 15:15:21.854000,415.5086525913148,100
2024-09-18 15:15:21.883000,415.4646439731465,998
2024-09-18 15:15:21.910000,415.49819051914267,1002
2024-09-18 15:15:21.914000,415.5007639281273,15
2024-09-18 15:15:21.922000,415.4591235816652,102
2024-09-18 15:15:21.939000,415.4515001833671,6
2024-09-18 15:15:22.069000,415.4095722830851,101
2024-09-18 15:15:22.079000,415.4444556377104,100
2024-09-18 15:15:22.170000,415.4008321142696,997
2024-09-18 15:15:22.190000,415.44678915001526,99
2024-09-18 15:15:22.195000,415.4605659284541,105
2024-09-18 15:15:22.212000,415.445842019505,11
2024-09-18 15:15:22.270000,415.43983658822543,95
2024-09-18 15:15:22.327000,415.4626218463389,15
2024-09-18 15:15:22.339000,415.4392700747436,12
2024-09-18 15:15:22.356000,415.39796292652846,104
2024-09-18 15:15:22.451000,415.3984768247336,1004
2024-09-18 15:15:22.496000,415.4128093759556,11
2024-09-18 15:15:22.519000,415.459823721881,998
2024-09-18 15:15:22.543000,415.430151005336,995
2024-09-18 15:15:22.544000,415.4567214856775,101
2024-09-18 15:15:22.565000,415.43280860600805,103
2024-09-18 15:15:22.585000,415.4447728223974,101
2024-09-18 15:15:22.615000,415.43659351246754,996
2024-09-18 15:15:22.715000,415.4252395322016,105
2024-09-18 15:15:22.718000,415.40196754683046,98
2024-09-18 15:15:22.729000,415.3875885165768,7
2024-09-18 15:15:22.732000,415.3912974936448,996
2024-09-18 15:15:22.762000,415.4036474648401,7
2024-09-18 15:15:22.785000,415.4268995825698,14
2024-09-18 15:15:22.796000,415.4078644392011,7
2024-09-18 15:15:22.903000,415.4289572085704,1005
2024-09-18 15:15:22.927000,415.4578913856113,103
2024-09-18 15:15:22.929000,415.4550983611464,9
2024-09-18 15:15:22.931000,415.38348963082143,1000
2024-09-18 15:15:23.068000,415.4367449856991,12
2024-09-18 15:15:23.315000,415.4163158381255,998
2024-09-18 15:15:23.337000,415.3953550645517,100
2024-09-18 15:15:23.401000,415.4028476875421,9
2024-09-18 15:15:23.451000,415.40530142381886,102
2024-09-18 15:15:23.459000,415.4351457076712,9
2024-09-18 15:15:23.488000,415.4154787312682,6
2024-09-18 15:15:23.512000,415.3996910826567,1001
2024-09-18 15:15:23.583000,415.43383766549965,998
2024-09-18 15:15:23.586000,415.4257670679409,96
2024-09-18 15:15:23.611000,415.4304927781408,1002
2024-09-18 15:15:23.620000,415.4239959546434,13
2024-09-18 15:15:23.643000,415.4064980526045,14
2024-09-18 15:15:23.664000,415.4121968285426,101
2024-09-18 15:15:23.737000,415.4526529886136,9
2024-09-18 15:15:23.748000,415.4577341424863,102
2024-09-18 15:15:23.760000,415.43733905626544,105
2024-09-18 15:15:23.799000,415.4156479320155,7
2024-09-18 15:15:23.804000,415.4078727936953,8
2024-09-18 15:15:23.816000,415.4103728769752,95
2024-09-18 15:15:23.817000,415.4484324341406,10
2024-09-18 15:15:23.835000,415.4356511670296,10
2024-09-18 15:15:23.839000,415.4350824937918,1002
2024-09-18 15:15:23.843000,415.4328406786189,998
2024-09-18 15:15:23.953000,415.4329973813232,8
2024-09-18 15:15:24.022000,415.3941820321737,6
2024-09-18 15:15:24.091000,415.3899904198365,8
2024-09-18 15:15:24.127000,415.37520306352906,996
2024-09-18 15:15:24.142000,415.4029907279108,5
2024-09-18 15:15:24.161000,415.3857121930534,5
2024-09-18 15:15:24.416000,415.3721733561151,13
2024-09-18 15:15:24.428000,415.4014986207919,6
2024-09-18 15:15:24.514000,415.3813854938593,102
2024-09-18 15:15:24.555000,415.382493956156,98
2024-09-18 15:15:24.615000,415.40767377954336,1000
2024-09-18 15:15:24.621000,415.39008490470064,15
2024-09-18 15:15:24.724000,415.3894161376763,999
2024-09-18 15:15:24.726000,415.38505920742233,998
2024-09-18 15:15:24.751000,415.3648324660309,100
2024-09-18 15:15:24.811000,415.3707772006397,999
2024-09-18 15:15:24.915000,415.3795064603756,105
2024-09-18 15:15:25.110000,415.4146897502269,1000
2024-09-18 15:15:25.115000,415.4280766275999,101
2024-09-18 15:15:25.160000,415.4218839174329,99
2024-09-18 15:15:25.183000,415.4327699400504,98
2024-09-18 15:15:25.212000,415.3742150486337,9
2024-09-18 15:15:25.233000,415.4053150528107,13
2024-09-18 15:15:25.470000,415.41167507670497,999
2024-09-18 15:15:25.527000,415.3956580117455,1002
2024-09-18 15:15:25.584000,415.4035062642966,8
2024-09-18 15:15:25.588000,415.4362395099605,13
2024-09-18 15:15:25.596000,415.41311179907984,100
2024-09-18 15:15:25.611000,415.402648444219,96
2024-09-18 15:15:25.676000,415.40643852348313,15
2024-09-18 15:15:25.759000,415.42683538902617,996
2024-09-18 15:15:25.840000,415.43536361899646,1004
2024-09-18 15:15:25.935000,415.4130567792511,12
2024-09-18 15:15:25.964000,415.4109244332855,6
2024-09-18 15:15:26.048000,415.4344625243488,11
2024-09-18 15:15:26.058000,415.4505434035679,96
2024-09-18 15:15:26.063000,415.4276349674363,995
2024-09-18 15:15:26.160000,415.4496630457233,103
2024-09-18 15:15:26.169000,415.4464689983034,997
2024-09-18 15:15:26.218000,415.44820935577786,104
2024-09-18 15:15:26.368000,415.4254084039042,105
2024-09-18 15:15:26.393000,415.4433021214172,96
2024-09-18 15:15:26.505000,415.44593410885057,98
2024-09-18 15:15:26.551000,415.4440080261508,999
2024-09-18 15:15:26.769000,415.43234048113385,104
2024-09-18 15:15:26.817000,415.447468827142,8
2024-09-18 15:15:26.819000,415.4467317279136,5
2024-09-18 15:15:26.995000,415.4602403035763,103
2024-09-18 15:15:26.999000,415.4304723311242,97
2024-09-18 15:15:27,415.41799245299,1001
2024-09-18 15:15:27.028000,415.4084956341703,102
2024-09-18 15:15:27.080000,415.42072742618245,5
2024-09-18 15:15:27.190000,415.3932181586029,7
2024-09-18 15:15:27.301000,415.4359047629189,998
2024-09-18 15:15:27.332000,415.43627874768646,98
2024-09-18 15:15:27.382000,415.4233897890776,7
2024-09-18 15:15:27.421000,415.4043037541355,997
2024-09-18 15:15:27.428000,415.4436862346939,102
2024-09-18 15:15:27.479000,415.4277159829541,10
2024-09-18 15:15:27.529000,415.43863733837287,98
2024-09-18 15:15:27.611000,415.4171102814139,996
2024-09-18 15:15:27.611000,415.42009447991904,15
2024-09-18 15:15:27.716000,415.4289762605936,97
2024-09-18 15:15:27.816000,415.3857191860106,100
2024-09-18 15:15:27.822000,415.41474819327686,1003
2024-09-18 15:15:27.849000,415.399762388188,999
2024-09-18 15:15:27.875000,415.4171219895573,101
2024-09-18 15:15:27.889000,415.4154170610671,105
2024-09-18 15:15:27.905000,415.43755580412153,5
2024-09-18 15:15:27.924000,415.3877767517863,997
2024-09-18 15:15:27.926000,415.4166306286494,104
2024-09-18 15:15:27.987000,415.42690945634337,97
2024-09-18 15:15:27.998000,415.4098116528895,11
2024-09-18 15:15:28.003000,415.3678077150579,6
2024-09-18 15:15:28.032000,415.3973087292066,998
2024-09-18 15:15:28.102000,415.4142800270202,100
2024-09-18 15:15:28.113000,415.3960697736182,10
2024-09-18 15:15:28.174000,415.3510569160078,1005
2024-09-18 15:15:28.203000,415.41847497758187,99
2024-09-18 15:15:28.208000,415.38335987722377,12
2024-09-18 15:15:28.361000,415.4056889620069,10
2024-09-18 15:15:28.403000,415.40874057190246,11
2024-09-18 15:15:28.422000,415.3626305117305,7
2024-09-18 15:15:28.425000,415.4220531984432,102
2024-09-18 15:15:28.445000,415.4021596760245,10
2024-09-18 15:15:28.468000,415.4250119185349,1002
2024-09-18 15:15:28.490000,415.3974540991312,8
2024-09-18 15:15:28.518000,415.4056729557984,10
2024-09-18 15:15:28.529000,415.4151097221095,102
2024-09-18 15:15:28.605000,415.3859815763644,14
2024-09-18 15:15:28.638000,415.3820532312373,13
2024-09-18 15:15:28.639000,415.393013487142,9
2024-09-18 15:15:28.712000,415.4111659937888,95
2024-09-18 15:15:28.782000,415.39350812935743,1004
2024-09-18 15:15:28.793000,415.4094374042453,998
2024-09-18 15:15:28.823000,415.38781351190806,1005
2024-09-18 15:15:28.868000,415.3597378997876,996
2024-09-18 15:15:28.933000,415.3924274560686,995
2024-09-18 15:15:28.986000,415.39919518361694,12
2024-09-18 15:15:28.991000,415.3771249917648,99
2024-09-18 15:15:29.011000,415.4169511658362,97
2024-09-18 15:15:29.086000,415.4421744790056,6
2024-09-18 15:15:29.237000,415.4204385949654,15
2024-09-18 15:15:29.324000,415.4336638105477,13
2024-09-18 15:15:29.417000,415.42550871355377,997
2024-09-18 15:15:29.514000,415.43092821128505,996
2024-09-18 15:15:29.587000,415.4283266264717,995
2024-09-18 15:15:29.599000,415.4125165945228,1002
2024-09-18 15:15:29.698000,415.43077836822334,1001
2024-09-18 15:15:29.718000,415.40868388975457,12
2024-09-18 15:15:29.777000,415.414075216002,99
2024-09-18 15:15:29.845000,415.4441270611094,8
2024-09-18 15:15:30.051000,415.3484543519333,15
2024-09-18 15:15:30.084000,415.3341763103731,1004
2024-09-18 15:15:30.181000,415.3645979506994,12
2024-09-18 15:15:30.279000,415.361175000779,14
2024-09-18 15:15:30.382000,415.3976811968099,996
2024-09-18 15:15:30.429000,415.3911686306764,995
2024-09-18 15:15:30.509000,415.37077190992864,1003
2024-09-18 15:15:30.539000,415.40289473173726,105
2024-09-18 15:15:30.563000,415.3824904034095,14
2024-09-18 15:15:30.635000,415.3638404833954,999
2024-09-18 15:15:30.669000,415.3639544702966,1004
2024-09-18 15:15:30.676000,415.3369117146271,104
2024-09-18 15:15:30.719000,415.3962698678084,98
2024-09-18 15:15:30.760000,415.3421371345704,7
2024-09-18 15:15:30.777000,415.3537239295756,1001
2024-09-18 15:15:30.872000,415.3995372688434,101
2024-09-18 15:15:30.888000,415.40059474162246,98
2024-09-18 15:15:30.962000,415.3870157334501,11
2024-09-18 15:15:30.989000,415.41793975833775,6
2024-09-18 15:15:31.027000,415.3914728318359,99
2024-09-18 15:15:31.147000,415.3838912692906,1004
2024-09-18 15:15:31.157000,415.3970327953153,100
2024-09-18 15:15:31.171000,415.3692407583916,998
2024-09-18 15:15:31.200000,415.3817533378064,95
2024-09-18 15:15:31.290000,415.3935450666293,1005
2024-09-18 15:15:31.344000,415.38607433783847,99
2024-09-18 15:15:31.382000,415.354096004148,15
2024-09-18 15:15:31.427000,415.3858261654307,12
2024-09-18 15:15:31.436000,415.3566037691073,7
2024-09-18 15:15:31.462000,415.3906891501945,10
2024-09-18 15:15:31.497000,415.3623600120665,9
2024-09-18 15:15:31.516000,415.3874303560164,1004
2024-09-18 15:15:31.535000,415.3775332051964,96
2024-09-18 15:15:31.558000,415.40557540008257,1002
2024-09-18 15:15:31.577000,415.3821167566036,97
2024-09-18 15:15:31.583000,415.37314290365407,1001
2024-09-18 15:15:31.595000,415.35881320574725,101
2024-09-18 15:15:31.907000,415.3968548752741,1005
2024-09-18 15:15:31.975000,415.3548881861268,9
2024-09-18 15:15:32.128000,415.3566694725689,97
2024-09-18 15:15:32.798000,415.3684715319144,6
2024-09-18 15:15:33.119000,415.3525368058063,1003
2024-09-18 15:15:33.205000,415.3306555133522,12
2024-09-18 15:15:33.257000,415.3157072444579,995
2024-09-18 15:15:33.259000,415.31666658780415,15
2024-09-18 15:15:33.326000,415.3084660931944,96
2024-09-18 15:15:33.335000,415.3324659806343,101
2024-09-18 15:15:33.547000,415.3356033535577,995
2024-09-18 15:15:33.628000,415.3224076987168,95
2024-09-18 15:15:33.770000,415.33788226328767,98
2024-09-18 15:15:33.890000,415.3362452362749,15
2024-09-18 15:15:33.917000,415.3272894353915,103
2024-09-18 15:15:33.971000,415.3172719925655,995
2024-09-18 15:15:34.023000,415.3179085939778,1003
2024-09-18 15:15:34.299000,415.3069333884109,96
2024-09-18 15:15:34.317000,415.3245305119564,13
2024-09-18 15:15:34.593000,415.3459838989455,1004
2024-09-18 15:15:35.020000,415.285151149832,5
2024-09-18 15:15:35.057000,415.3389463981163,15
2024-09-18 15:15:35.100000,415.3239511828712,13
2024-09-18 15:15:35.168000,415.2945605207993,95
2024-09-18 15:15:35.209000,415.291464054558,6
2024-09-18 15:15:35.227000,415.34670211108977,12
2024-09-18 15:15:35.264000,415.3664744369146,6
2024-09-18 15:15:35.286000,415.37384901755536,15
2024-09-18 15:15:35.291000,415.3224375458856,11
2024-09-18 15:15:35.379000,415.2798363193125,8
2024-09-18 15:15:35.402000,415.2819421976485,100
2024-09-18 15:15:35.423000,415.3104635419388,97
2024-09-18 15:15:35.463000,415.3130897890789,1001
2024-09-18 15:15:35.472000,415.3277248326816,998
2024-09-18 15:15:35.566000,415.27943119260857,1002
2024-09-18 15:15:35.600000,415.3323640976083,105
2024-09-18 15:15:35.601000,415.3562812697145,1002
2024-09-18 15:15:35.619000,415.3105989480003,1000
2024-09-18 15:15:35.623000,415.3157888555836,14
2024-09-18 15:15:35.730000,415.3081561069301,104
2024-09-18 15:15:35.732000,415.349245769529,1002
2024-09-18 15:15:35.782000,415.3261546420695,8
2024-09-18 15:15:35.839000,415.32043922945365,98
2024-09-18 15:15:35.844000,415.33778204074383,101
2024-09-18 15:15:35.849000,415.3121140820553,96
2024-09-18 15:15:35.854000,415.3532970845612,103
2024-09-18 15:15:35.875000,415.3419611227912,1003
2024-09-18 15:15:35.877000,415.3364898106334,7
2024-09-18 15:15:35.914000,415.3168589576448,102
2024-09-18 15:15:36.256000,415.2813401280988,99
2024-09-18 15:15:36.339000,415.2777121819363,10
2024-09-18 15:15:36.344000,415.2912021697149,999
2024-09-18 15:15:36.381000,415.2636627017026,101
2024-09-18 15:15:36.545000,415.2840689702981,98
2024-09-18 15:15:36.553000,415.28065762098754,5
2024-09-18 15:15:36.582000,415.2904729416053,97
2024-09-18 15:15:36.721000,415.2852317031116,8
2024-09-18 15:15:36.818000,415.2814564085712,1005
2024-09-18 15:15:36.839000,415.2978315386904,100
2024-09-18 15:15:36.845000,415.2830954277061,9
2024-09-18 15:15:37.107000,415.3216365393024,105
2024-09-18 15:15:37.117000,415.3064732577757,996
2024-09-18 15:15:37.144000,415.3178160935038,995
2024-09-18 15:15:37.162000,415.3562308123046,997
2024-09-18 15:15:37.166000,415.276149597659,100
2024-09-18 15:15:37.232000,415.35100463553925,6
2024-09-18 15:15:37.252000,415.3762216479264,13
2024-09-18 15:15:37.301000,415.3274646122664,9
2024-09-18 15:15:37.322000,415.3402139523707,96
2024-09-18 15:15:37.354000,415.32843971025017,5
2024-09-18 15:15:37.411000,415.3167672809641,1003
2024-09-18 15:15:37.488000,415.3519856502729,995
2024-09-18 15:15:37.491000,415.307178407244,101
2024-09-18 15:15:37.593000,415.3550664763976,11
2024-09-18 15:15:37.608000,415.3207294987727,997
2024-09-18 15:15:37.630000,415.31234698109137,998
2024-09-18 15:15:37.670000,415.3928571724351,8
2024-09-18 15:15:37.678000,415.3765932062278,96
2024-09-18 15:15:37.682000,415.2778402566154,98
2024-09-18 15:15:37.750000,415.338040894752,105
2024-09-18 15:15:37.827000,415.3323282336524,95
2024-09-18 15:15:37.849000,415.3206361378424,105
2024-09-18 15:15:37.883000,415.30301150777854,995
2024-09-18 15:15:37.921000,415.3364219462492,15
2024-09-18 15:15:37.926000,415.31677423843377,6
2024-09-18 15:15:37.979000,415.32970509748384,1001
2024-09-18 15:15:37.999000,415.29280859667193,12
2024-09-18 15:15:38.019000,415.3845959445316,10
2024-09-18 15:15:38.112000,415.3859865178376,999
2024-09-18 15:15:38.156000,415.3848927084186,95
2024-09-18 15:15:38.220000,415.3839405109647,9
2024-09-18 15:15:38.265000,415.39942111443,12
2024-09-18 15:15:38.291000,415.3897935901546,1003
2024-09-18 15:15:38.294000,415.38272983552565,97
2024-09-18 15:15:38.439000,415.39869817180886,5
2024-09-18 15:15:38.506000,415.3906607760882,8
2024-09-18 15:15:38.515000,415.3835811909523,1000
2024-09-18 15:15:38.684000,415.3704631718821,95
2024-09-18 15:15:38.893000,415.3770163688386,997
2024-09-18 15:15:38.901000,415.4033441323664,998
2024-09-18 15:15:38.953000,415.3964535350779,1002
2024-09-18 15:15:39.018000,415.4168451831559,12
2024-09-18 15:15:39.080000,415.41381442582025,12
2024-09-18 15:15:39.097000,415.4419728154249,11
2024-09-18 15:15:39.228000,415.4318291002818,14
2024-09-18 15:15:39.290000,415.4161334309955,12
2024-09-18 15:15:39.350000,415.4179544313348,999
2024-09-18 15:15:39.423000,415.4242256302393,5
2024-09-18 15:15:39.587000,415.437174967838,1002
2024-09-18 15:15:39.886000,415.4255442284952,1004
2024-09-18 15:15:40.002000,415.4434147163332,15
2024-09-18 15:15:40.015000,415.3999333876278,1000
2024-09-18 15:15:40.017000,415.43928027134575,12
2024-09-18 15:15:40.075000,415.39519289760784,1003
2024-09-18 15:15:40.172000,415.4188691302765,5
2024-09-18 15:15:40.174000,415.452134720116,13
2024-09-18 15:15:40.203000,415.3904882588495,104
2024-09-18 15:15:40.222000,415.4131905607466,11
2024-09-18 15:15:40.266000,415.4629876406249,15
2024-09-18 15:15:40.266000,415.4284865724932,1002
2024-09-18 15:15:40.411000,415.457574444533,997
2024-09-18 15:15:40.420000,415.4603169308234,99
2024-09-18 15:15:40.445000,415.4355908206734,1001
2024-09-18 15:15:40.446000,415.473313779739,8
2024-09-18 15:15:40.468000,415.45679332306304,998
2024-09-18 15:15:40.539000,415.3999239934845,95
2024-09-18 15:15:40.558000,415.4659108015829,100
2024-09-18 15:15:40.589000,415.45140053816937,999
2024-09-18 15:15:40.598000,415.4682038125901,10
2024-09-18 15:15:40.609000,415.3944866042365,15
2024-09-18 15:15:40.624000,415.4162846867624,9
2024-09-18 15:15:40.647000,415.4214591257032,97
2024-09-18 15:15:40.683000,415.3930804506174,95
2024-09-18 15:15:40.762000,415.432817028462,995
2024-09-18 15:15:40.791000,415.4651692107905,105
2024-09-18 15:15:40.794000,415.452787214206,96
2024-09-18 15:15:40.820000,415.4676814331794,97
2024-09-18 15:15:40.860000,415.45887035281135,995
2024-09-18 15:15:40.903000,415.4229263130284,99
2024-09-18 15:15:41.006000,415.4855511021676,96
2024-09-18 15:15:41.010000,415.4644942589408,1002
2024-09-18 15:15:41.017000,415.4598382323268,1004
2024-09-18 15:15:41.018000,415.4389234977493,101
2024-09-18 15:15:41.035000,415.4385057061259,1003
2024-09-18 15:15:41.337000,415.4675024620814,12
2024-09-18 15:15:41.375000,415.4318671720196,8
2024-09-18 15:15:41.428000,415.4704475308319,1000
2024-09-18 15:15:41.438000,415.4480725728609,12
2024-09-18 15:15:41.443000,415.46802789839154,8
2024-09-18 15:15:41.456000,415.4863732368101,13
2024-09-18 15:15:41.467000,415.4367697489966,15
2024-09-18 15:15:41.488000,415.4426335929158,1001
2024-09-18 15:15:41.497000,415.4939800939635,1004
2024-09-18 15:15:41.539000,415.4597801521492,1004
2024-09-18 15:15:41.551000,415.4612533105056,100
2024-09-18 15:15:41.565000,415.4400154509886,1000
2024-09-18 15:15:41.581000,415.46948175811326,1002
2024-09-18 15:15:41.586000,415.4209734154833,1003
2024-09-18 15:15:41.597000,415.47090093805673,100
2024-09-18 15:15:41.628000,415.47459313330125,11
2024-09-18 15:15:41.639000,415.47946426103687,995
2024-09-18 15:15:41.639000,415.48116339651153,98
2024-09-18 15:15:41.790000,415.4490094294586,1003
2024-09-18 15:15:41.897000,415.5067760770922,997
2024-09-18 15:15:42.028000,415.5102713469156,1003
2024-09-18 15:15:42.060000,415.5252187264514,99
2024-09-18 15:15:42.194000,415.4754705920337,997
2024-09-18 15:15:42.449000,415.5197110934576,1001
2024-09-18 15:15:42.527000,415.51153393445503,6
2024-09-18 15:15:42.703000,415.5152915688628,95
2024-09-18 15:15:42.773000,415.4914069571861,999
2024-09-18 15:15:42.845000,415.507061477239,103
2024-09-18 15:15:42.909000,415.47762925442896,103
2024-09-18 15:15:42.950000,415.5033758363857,101
2024-09-18 15:15:43.090000,415.4992285315024,101
2024-09-18 15:15:43.286000,415.4850020207037,10
2024-09-18 15:15:43.327000,415.488583556104,100
2024-09-18 15:15:43.580000,410.6744806019522,999
2024-09-18 15:15:43.637000,415.5068941491758,15
2024-09-18 15:15:43.653000,415.5000060063639,995
2024-09-18 15:15:43.699000,410.6723269915675,8
2024-09-18 15:15:44.005000,415.5511319693753,11
2024-09-18 15:15:44.016000,415.5569227474165,995
2024-09-18 15:15:44.096000,415.5454025902936,12
2024-09-18 15:15:44.226000,415.4919988480029,14
2024-09-18 15:15:44.228000,415.4753604145226,999
2024-09-18 15:15:44.294000,415.5568506601776,9
2024-09-18 15:15:44.344000,415.54127624558487,996
2024-09-18 15:15:44.400000,415.58275982967103,100
2024-09-18 15:15:44.410000,415.57247786647656,104
2024-09-18 15:15:44.431000,415.5423462078673,1004
2024-09-18 15:15:44.467000,415.5364360175411,1003
2024-09-18 15:15:44.470000,415.5411956921601,6
2024-09-18 15:15:44.501000,415.5499945757187,104
2024-09-18 15:15:44.581000,415.5489131051801,103
2024-09-18 15:15:44.635000,415.5617172047711,12
2024-09-18 15:15:44.662000,415.49778934392896,7
2024-09-18 15:15:44.682000,415.5483886675327,14
2024-09-18 15:15:44.695000,415.5236224623412,100
2024-09-18 15:15:44.704000,415.55203524484347,6
2024-09-18 15:15:44.750000,415.5470581660217,8
2024-09-18 15:15:44.876000,415.5921798201927,15
2024-09-18 15:15:44.908000,415.5779419787283,995
2024-09-18 15:15:44.922000,415.5613660083332,99
2024-09-18 15:15:44.965000,415.5568095592686,98
2024-09-18 15:15:44.974000,415.5845477536116,8
2024-09-18 15:15:45.087000,415.5885356933829,14
2024-09-18 15:15:45.095000,415.5985456345157,100
2024-09-18 15:15:45.125000,415.5828300745539,6
2024-09-18 15:15:45.256000,415.58061327172913,100
2024-09-18 15:15:45.378000,415.55137394441147,996
2024-09-18 15:15:45.385000,415.5751811780617,1004
2024-09-18 15:15:45.417000,415.6132981297186,998
2024-09-18 15:15:45.438000,415.5829283621362,997
2024-09-18 15:15:45.548000,415.5595112708247,9
2024-09-18 15:15:45.619000,415.5924214344081,5
2024-09-18 15:15:45.660000,415.5718899477232,96
2024-09-18 15:15:45.672000,415.6008497623085,15
2024-09-18 15:15:45.674000,415.6080373702879,14
2024-09-18 15:15:45.756000,415.5671336908737,14
2024-09-18 15:15:45.829000,415.5871624307416,7
2024-09-18 15:15:45.837000,415.5929301443311,1005
2024-09-18 15:15:45.897000,415.5969674490616,8
2024-09-18 15:15:45.900000,415.582205470697,14
2024-09-18 15:15:45.986000,415.60329918083806,101
2024-09-18 15:15:46.028000,415.5884680582242,13
2024-09-18 15:15:46.030000,415.6190526792333,999
2024-09-18 15:15:46.057000,415.6701497893668,1003
2024-09-18 15:15:46.080000,415.6584619749569,1003
2024-09-18 15:15:46.124000,415.6630372771789,100
2024-09-18 15:15:46.136000,415.6553028860192,104
2024-09-18 15:15:46.183000,415.665572432573,1005
2024-09-18 15:15:46.195000,415.6332455208317,13
2024-09-18 15:15:46.351000,415.6476021299255,13
2024-09-18 15:15:46.353000,415.67576101957,6
2024-09-18 15:15:46.372000,415.6662827710167,1001
2024-09-18 15:15:46.399000,415.6776081521694,8
2024-09-18 15:15:46.426000,415.6368845136172,1001
2024-09-18 15:15:46.428000,415.6581617072499,998
2024-09-18 15:15:46.461000,415.6936931421133,14
2024-09-18 15:15:46.462000,415.638505288948,1005
2024-09-18 15:15:46.484000,415.6988130371918,999
2024-09-18 15:15:46.491000,415.6373152928532,6
2024-09-18 15:15:46.551000,415.65511937625456,7
2024-09-18 15:15:46.716000,415.6175327973461,100
2024-09-18 15:15:46.744000,415.6384881591896,97
2024-09-18 15:15:46.753000,415.6827129760144,997
2024-09-18 15:15:46.880000,415.66071482433824,13
2024-09-18 15:15:46.885000,415.61319487534337,6
2024-09-18 15:15:46.888000,415.6438411927151,95
2024-09-18 15:15:46.911000,415.6107633962588,95
2024-09-18 15:15:46.977000,415.66341319055874,8
2024-09-18 15:15:47.031000,415.7080609927148,1000
2024-09-18 15:15:47.065000,415.7274089648824,1003
2024-09-18 15:15:47.099000,415.7009318863381,1000
2024-09-18 15:15:47.133000,415.7180308513116,5
2024-09-18 15:15:47.198000,415.6766405236175,103
2024-09-18 15:15:47.259000,415.6936962548979,5
2024-09-18 15:15:47.345000,415.7032764602603,10
2024-09-18 15:15:47.496000,415.6865770763724,6
2024-09-18 15:15:47.566000,415.70621271811945,10
2024-09-18 15:15:47.605000,415.70219645225313,1003
2024-09-18 15:15:47.615000,415.6825646858452,995
2024-09-18 15:15:47.671000,415.6899457152125,1001
2024-09-18 15:15:47.679000,415.6870841284503,100
2024-09-18 15:15:47.691000,415.7072583274588,995
2024-09-18 15:15:47.732000,415.7154018410511,99
2024-09-18 15:15:47.791000,415.6866955142692,995
2024-09-18 15:15:47.830000,415.6819264092211,996
2024-09-18 15:15:47.932000,415.67917003430017,95
2024-09-18 15:15:47.934000,415.69574515584736,96
2024-09-18 15:15:48.044000,415.7657316501818,100
2024-09-18 15:15:48.048000,415.7609389655096,996
2024-09-18 15:15:48.065000,415.73269772123086,996
2024-09-18 15:15:48.296000,415.7576465729807,8
2024-09-18 15:15:48.395000,415.76592784006834,103
2024-09-18 15:15:48.607000,415.7289085408384,103
2024-09-18 15:15:48.741000,415.7472527855371,14
2024-09-18 15:15:48.775000,415.75819722533726,14
2024-09-18 15:15:48.913000,415.7415569953893,999
2024-09-18 15:15:48.936000,415.7214702003462,996
2024-09-18 15:15:48.989000,415.76232351480735,97
2024-09-18 15:15:49.104000,415.8004879668036,1003
2024-09-18 15:15:49.117000,415.81558100809366,10
2024-09-18 15:15:49.272000,415.8383307032434,14
2024-09-18 15:15:49.438000,415.7893231429732,6
2024-09-18 15:15:49.475000,415.8310701025131,8
2024-09-18 15:15:49.492000,415.7833113892081,10
2024-09-18 15:15:49.500000,415.8022370029341,6
2024-09-18 15:15:49.553000,415.7715924679643,1001
2024-09-18 15:15:49.555000,415.79234639866206,102
2024-09-18 15:15:49.718000,415.8071290335659,5
2024-09-18 15:15:49.788000,415.8063843404193,10
2024-09-18 15:15:49.909000,415.8205735469981,8
2024-09-18 15:15:50.012000,415.8198339600893,103
2024-09-18 15:15:50.014000,415.7950706122376,100
2024-09-18 15:15:50.016000,415.7935045947057,12
2024-09-18 15:15:50.109000,415.83388112641234,1000
2024-09-18 15:15:50.193000,415.7629060082879,100
2024-09-18 15:15:50.332000,415.8352575104301,105
2024-09-18 15:15:50.342000,415.8084465971956,15
2024-09-18 15:15:50.462000,415.8301537827713,6
2024-09-18 15:15:50.490000,415.7841415434176,101
2024-09-18 15:15:50.503000,415.8000061471597,10
2024-09-18 15:15:50.560000,415.78116860242665,999
2024-09-18 15:15:50.693000,415.775311079098,995
2024-09-18 15:15:50.721000,415.7790649864807,997
2024-09-18 15:15:50.752000,415.8332708257847,998
2024-09-18 15:15:50.822000,415.827737446544,96
2024-09-18 15:15:50.880000,415.8003863328,1003
2024-09-18 15:15:50.963000,415.8181821858879,15
2024-09-18 15:15:50.964000,415.8357035190991,1004
2024-09-18 15:15:50.980000,415.78952674881697,999
2024-09-18 15:15:50.989000,415.77251660771566,1000
2024-09-18 15:15:51.089000,415.7769799471719,998
2024-09-18 15:15:51.164000,415.8003877128836,104
2024-09-18 15:15:51.201000,415.7894710562263,6
2024-09-18 15:15:51.218000,415.7936975003223,97
2024-09-18 15:15:51.239000,415.8535401974349,12
2024-09-18 15:15:51.245000,415.8253416508693,96
2024-09-18 15:15:51.273000,415.8305276067056,103
2024-09-18 15:15:51.317000,415.8017410716761,103
2024-09-18 15:15:51.379000,415.7835705082263,101
2024-09-18 15:15:51.439000,415.789523874891,6
2024-09-18 15:15:51.440000,415.8029024665513,6
2024-09-18 15:15:51.455000,415.7937199184735,13
2024-09-18 15:15:51.460000,415.7753833472174,100
2024-09-18 15:15:51.468000,415.80684645377966,10
2024-09-18 15:15:51.473000,415.8469070562329,105
2024-09-18 15:15:51.494000,415.7902869891825,12
2024-09-18 15:15:51.504000,415.82498266490006,1004
2024-09-18 15:15:51.574000,415.810181927168,9
2024-09-18 15:15:51.606000,415.8184999275956,1004
2024-09-18 15:15:51.658000,415.80327108151954,11
2024-09-18 15:15:51.758000,415.8127744824045,105
2024-09-18 15:15:51.766000,415.800716818054,9
2024-09-18 15:15:51.782000,415.77887575904026,7
2024-09-18 15:15:51.788000,415.8081854079467,1005
2024-09-18 15:15:51.820000,415.8371653972272,99
2024-09-18 15:15:51.877000,415.847086084538,9
2024-09-18 15:15:51.882000,415.7960646039776,7
2024-09-18 15:15:51.973000,415.8172894121879,97
2024-09-18 15:15:51.983000,415.8409614289487,6
2024-09-18 15:15:52.119000,415.7414556700916,7
2024-09-18 15:15:52.122000,415.7236713273519,96
2024-09-18 15:15:52.166000,415.7515027558138,102
2024-09-18 15:15:52.219000,415.7625994041744,8
2024-09-18 15:15:52.262000,415.7546545645855,13
2024-09-18 15:15:52.397000,415.725118704613,13
2024-09-18 15:15:52.447000,415.7305958074338,995
2024-09-18 15:15:52.566000,415.73759630903,999
2024-09-18 15:15:52.590000,415.7743943992459,1005
2024-09-18 15:15:52.612000,415.73064496593497,6
2024-09-18 15:15:52.618000,415.7718221541092,96
2024-09-18 15:15:52.665000,415.7521361641987,995
2024-09-18 15:15:52.672000,415.71001236326487,101
2024-09-18 15:15:52.799000,415.7487815445894,7
2024-09-18 15:15:52.861000,415.718038065185,11
2024-09-18 15:15:53.003000,415.7644376373335,12
2024-09-18 15:15:53.051000,415.7877761215577,996
2024-09-18 15:15:53.077000,415.7738228043536,12
2024-09-18 15:15:53.087000,415.755128606918,5
2024-09-18 15:15:53.202000,415.78393707317065,1005
2024-09-18 15:15:53.274000,415.7942370507106,5
2024-09-18 15:15:53.375000,415.7507116763593,999
2024-09-18 15:15:53.401000,415.7885769510012,95
2024-09-18 15:15:53.484000,415.750049444554,9
2024-09-18 15:15:53.611000,415.7746529926784,11
2024-09-18 15:15:53.769000,415.7866739365216,5
2024-09-18 15:15:53.830000,415.7538792147444,10
2024-09-18 15:15:53.831000,415.75271362085874,12
2024-09-18 15:15:53.867000,415.7571279489023,10
2024-09-18 15:15:53.885000,415.7788820221516,10
2024-09-18 15:15:53.892000,415.78230001230486,1003
2024-09-18 15:15:53.958000,415.7452637387943,104
2024-09-18 15:15:53.975000,415.7778427665331,99
2024-09-18 15:15:53.998000,415.7665124122008,8
2024-09-18 15:15:54.154000,415.7730545494162,105
2024-09-18 15:15:54.346000,415.7816473137007,101
2024-09-18 15:15:54.383000,415.78570618090674,1000
2024-09-18 15:15:54.522000,415.7894648881773,101
2024-09-18 15:15:54.552000,415.78028364292015,97
2024-09-18 15:15:54.652000,415.7746843003047,13
2024-09-18 15:15:54.845000,415.78596240773066,104
2024-09-18 15:15:54.851000,415.7891446306334,997
2024-09-18 15:15:54.861000,415.789490879333,9
2024-09-18 15:15:55,415.7576250110423,11
2024-09-18 15:15:55.007000,415.7699385811355,96
2024-09-18 15:15:55.173000,415.8148066246599,999
2024-09-18 15:15:55.247000,415.8470225066093,10
2024-09-18 15:15:55.281000,415.8606050163,1004
2024-09-18 15:15:55.356000,415.747681648987,14
2024-09-18 15:15:55.402000,415.74219179185656,97
2024-09-18 15:15:55.471000,415.8018940456004,996
2024-09-18 15:15:55.541000,415.786065368882,99
2024-09-18 15:15:55.578000,415.7535678741221,103
2024-09-18 15:15:55.593000,415.7649186094551,95
2024-09-18 15:15:55.675000,415.76888798297216,99
2024-09-18 15:15:55.699000,415.7577029711656,102
2024-09-18 15:15:55.754000,415.801256943409,6
2024-09-18 15:15:55.815000,415.781977936568,1003
2024-09-18 15:15:55.850000,415.7932802130287,103
2024-09-18 15:15:55.882000,415.7716924690285,98
2024-09-18 15:15:55.973000,415.8011037824944,6
2024-09-18 15:15:56.223000,415.8282359160066,101
2024-09-18 15:15:56.285000,415.83265546457824,1005
2024-09-18 15:15:56.472000,415.8467662129232,995
2024-09-18 15:15:57.028000,415.793397630696,999
2024-09-18 15:15:57.075000,415.7783950879808,996
2024-09-18 15:15:57.089000,415.7767390177496,95
2024-09-18 15:15:57.170000,415.7902529020637,98
2024-09-18 15:15:57.176000,415.7815991033707,7
2024-09-18 15:15:57.293000,415.7519366161131,1000
2024-09-18 15:15:57.295000,415.82185750806366,104
2024-09-18 15:15:57.301000,415.76835445232297,102
2024-09-18 15:15:57.320000,415.77601226019016,5
2024-09-18 15:15:57.334000,415.7953756432832,1001
2024-09-18 15:15:57.357000,415.7657976161836,7
2024-09-18 15:15:57.585000,415.77828206814144,1005
2024-09-18 15:15:57.610000,415.7855470916567,101
2024-09-18 15:15:57.700000,415.8208921935455,995
2024-09-18 15:15:57.702000,415.7970111422335,1002
2024-09-18 15:15:57.725000,415.7946122325636,1002
2024-09-18 15:15:57.734000,415.8181323853848,5
2024-09-18 15:15:57.746000,415.7607664021213,102
2024-09-18 15:15:57.754000,415.8218655313506,1002
2024-09-18 15:15:57.757000,415.7832294506603,99
2024-09-18 15:15:57.760000,415.8027107826608,997
2024-09-18 15:15:57.762000,415.7478088755362,998
2024-09-18 15:15:57.828000,415.7709933843662,1004
2024-09-18 15:15:57.864000,415.8161993171883,995
2024-09-18 15:15:58.604000,415.7240180321981,97
2024-09-18 15:15:58.763000,415.71660519354384,995
2024-09-18 15:15:58.832000,415.7166974403735,1001
2024-09-18 15:15:58.948000,415.72641688730073,97
2024-09-18 15:15:59.007000,415.73028215440513,103
2024-09-18 15:15:59.081000,415.7549016319832,11
2024-09-18 15:15:59.381000,415.77291926515176,995
2024-09-18 15:15:59.497000,415.7681712306108,1005
2024-09-18 15:15:59.790000,415.7593527251227,1004
2024-09-18 15:15:59.839000,415.7369405755679,15
2024-09-18 15:15:59.932000,415.7747372062782,999
