Timestamp,Price,Size
2024-09-18 14:43:00.064000,413.3169319100121,997
2024-09-18 14:43:00.091000,413.336127818176,1000
2024-09-18 14:43:00.208000,413.3135700092846,15
2024-09-18 14:43:00.216000,413.3101326630514,103
2024-09-18 14:43:00.254000,413.3348536761675,5
2024-09-18 14:43:00.263000,413.3181884483564,15
2024-09-18 14:43:00.370000,413.2958408824379,1000
2024-09-18 14:43:00.435000,413.328098452734,998
2024-09-18 14:43:00.503000,413.308477276184,104
2024-09-18 14:43:00.570000,413.2851549580787,1002
2024-09-18 14:43:00.614000,413.31715944667457,98
2024-09-18 14:43:00.652000,413.31082181502944,98
2024-09-18 14:43:00.769000,413.31758799181057,103
2024-09-18 14:43:00.774000,413.2941949269463,1000
2024-09-18 14:43:00.854000,413.2855231896336,1000
2024-09-18 14:43:00.854000,413.3062628231177,12
2024-09-18 14:43:00.874000,413.28766779790885,6
2024-09-18 14:43:00.966000,413.3239372741844,10
2024-09-18 14:43:00.983000,413.3342331825295,998
2024-09-18 14:43:00.987000,413.2948151629431,10
2024-09-18 14:43:01.080000,413.2681684335627,102
2024-09-18 14:43:01.203000,413.2838930951871,95
2024-09-18 14:43:01.382000,413.3141214426617,13
2024-09-18 14:43:01.513000,413.3516735303601,96
2024-09-18 14:43:01.703000,413.3137349008829,1001
2024-09-18 14:43:01.712000,413.27226199655297,1003
2024-09-18 14:43:01.835000,413.29326531752247,96
2024-09-18 14:43:01.878000,413.27120064380847,996
2024-09-18 14:43:01.901000,413.2591349383276,10
2024-09-18 14:43:01.951000,413.2630085343056,1005
2024-09-18 14:43:02.433000,413.3386346628122,104
2024-09-18 14:43:02.731000,413.32246249185584,11
2024-09-18 14:43:02.746000,413.3342450213049,105
2024-09-18 14:43:02.827000,413.34386967047686,103
2024-09-18 14:43:03,413.3226555305785,14
2024-09-18 14:43:03.012000,413.3108324512022,1004
2024-09-18 14:43:03.019000,413.2830811661872,1000
2024-09-18 14:43:03.103000,413.26996429119225,1000
2024-09-18 14:43:03.128000,413.27578582168513,12
2024-09-18 14:43:03.135000,413.3209119848839,996
2024-09-18 14:43:03.201000,413.2631500827331,101
2024-09-18 14:43:03.217000,413.3061602539955,1000
2024-09-18 14:43:03.270000,413.2954794021736,96
2024-09-18 14:43:03.331000,413.2740973579926,997
2024-09-18 14:43:03.346000,413.3007529260785,999
2024-09-18 14:43:03.361000,413.2767236558139,995
2024-09-18 14:43:03.426000,413.2803097993726,998
2024-09-18 14:43:03.432000,413.273263039406,96
2024-09-18 14:43:03.596000,413.2992544805916,14
2024-09-18 14:43:03.607000,413.2852956301174,996
2024-09-18 14:43:03.642000,413.2704615612033,8
2024-09-18 14:43:03.684000,413.3268824707321,102
2024-09-18 14:43:03.734000,413.2847023806156,1000
2024-09-18 14:43:03.762000,413.3090000231351,1004
2024-09-18 14:43:03.780000,413.2581148120539,12
2024-09-18 14:43:03.810000,413.2870159422307,1002
2024-09-18 14:43:03.852000,413.3095805869523,1001
2024-09-18 14:43:03.862000,413.2715053342223,102
2024-09-18 14:43:03.866000,413.2650137359668,105
2024-09-18 14:43:03.882000,413.2568238907959,104
2024-09-18 14:43:03.903000,413.3073231910524,6
2024-09-18 14:43:03.917000,413.2451053017597,1002
2024-09-18 14:43:03.960000,413.2978769013926,1002
2024-09-18 14:43:03.961000,413.2669168118977,6
2024-09-18 14:43:04.571000,408.040466534621,10
2024-09-18 14:43:04.693000,408.0113899045506,8
2024-09-18 14:43:04.948000,413.26830326516153,1002
2024-09-18 14:43:05.314000,413.2501880604436,99
2024-09-18 14:43:05.335000,413.238442112362,5
2024-09-18 14:43:05.507000,413.2530051122038,1001
2024-09-18 14:43:05.654000,413.2389791364375,1004
2024-09-18 14:43:05.703000,413.23624509712215,9
2024-09-18 14:43:06.019000,413.347949153461,13
2024-09-18 14:43:06.066000,413.3320417572958,103
2024-09-18 14:43:06.071000,413.3505043271842,1000
2024-09-18 14:43:06.188000,413.30199131825015,10
2024-09-18 14:43:06.311000,413.3355275248626,105
2024-09-18 14:43:06.341000,413.3098025029112,13
2024-09-18 14:43:06.432000,413.2481581961726,998
2024-09-18 14:43:06.529000,413.3134750600687,1004
2024-09-18 14:43:06.592000,413.2645229689565,8
2024-09-18 14:43:06.631000,413.2397853987191,1005
2024-09-18 14:43:06.658000,413.24634969226616,101
2024-09-18 14:43:06.731000,413.3447401149044,12
2024-09-18 14:43:06.747000,413.2846746782983,7
2024-09-18 14:43:06.790000,413.29040499081606,103
2024-09-18 14:43:06.822000,413.2602390462396,98
2024-09-18 14:43:06.858000,413.315939480417,97
2024-09-18 14:43:07.106000,413.386175517236,1004
2024-09-18 14:43:07.241000,413.3470632890632,101
2024-09-18 14:43:07.615000,413.3699200097023,9
2024-09-18 14:43:07.791000,413.3552221851735,997
2024-09-18 14:43:07.905000,413.3794601033289,996
2024-09-18 14:43:08.005000,413.36780417300446,5
2024-09-18 14:43:08.038000,413.3660524447933,103
2024-09-18 14:43:08.075000,413.3722417509784,101
2024-09-18 14:43:08.080000,413.3486501394245,11
2024-09-18 14:43:08.133000,413.3692442266532,1000
2024-09-18 14:43:08.261000,413.3536218379245,12
2024-09-18 14:43:08.262000,413.3656173723843,1002
2024-09-18 14:43:08.305000,413.362020076957,98
2024-09-18 14:43:08.313000,413.3698868785748,995
2024-09-18 14:43:08.407000,413.3568681238871,15
2024-09-18 14:43:08.661000,413.3683298432349,12
2024-09-18 14:43:08.739000,413.3598844802704,15
2024-09-18 14:43:08.878000,413.37453764031056,7
2024-09-18 14:43:09.653000,413.3623300456495,15
2024-09-18 14:43:09.811000,413.3588464822822,1000
2024-09-18 14:43:09.814000,413.37132297915554,97
2024-09-18 14:43:10.370000,413.3903174470336,995
2024-09-18 14:43:10.794000,413.3833307170015,11
2024-09-18 14:43:11.080000,413.35594653188673,14
2024-09-18 14:43:11.086000,413.3690525884278,8
2024-09-18 14:43:11.174000,413.371527551256,1002
2024-09-18 14:43:11.184000,413.36771223497055,97
2024-09-18 14:43:11.205000,413.3319546262448,99
2024-09-18 14:43:11.309000,413.3287696833096,99
2024-09-18 14:43:11.342000,413.3688578814753,96
2024-09-18 14:43:11.363000,413.3291692134644,99
2024-09-18 14:43:11.366000,413.3354886108722,1000
2024-09-18 14:43:11.368000,413.3032496963617,1005
2024-09-18 14:43:11.370000,413.2948436070302,7
2024-09-18 14:43:11.401000,413.3433851180452,95
2024-09-18 14:43:11.413000,413.3672639860643,1001
2024-09-18 14:43:11.427000,413.33318147754255,14
2024-09-18 14:43:11.442000,413.3944269587852,1000
2024-09-18 14:43:11.451000,413.32803479568463,1004
2024-09-18 14:43:11.485000,413.3957368061222,14
2024-09-18 14:43:11.486000,413.3051375256821,98
2024-09-18 14:43:11.489000,413.3267625346329,1002
2024-09-18 14:43:11.522000,413.35090939385503,96
2024-09-18 14:43:11.536000,413.3171315507042,1004
2024-09-18 14:43:11.700000,413.3221129384048,995
2024-09-18 14:43:11.791000,413.357105843897,1003
2024-09-18 14:43:11.803000,413.352695412569,6
2024-09-18 14:43:11.808000,413.3330150274371,14
2024-09-18 14:43:11.844000,413.40038166316526,1001
2024-09-18 14:43:11.846000,413.39021831488486,1004
2024-09-18 14:43:11.871000,413.3370782968819,996
2024-09-18 14:43:11.962000,413.38322380006593,14
2024-09-18 14:43:12.073000,413.3850195029066,1004
2024-09-18 14:43:12.439000,413.3736268774574,95
2024-09-18 14:43:12.450000,413.4094676247877,101
2024-09-18 14:43:12.504000,413.36995836275287,101
2024-09-18 14:43:12.567000,413.3992312614043,1001
2024-09-18 14:43:12.585000,413.4128257039019,1000
2024-09-18 14:43:12.625000,413.3870214916819,105
2024-09-18 14:43:12.662000,413.4030408629304,97
2024-09-18 14:43:12.717000,413.3557254432829,1005
2024-09-18 14:43:12.931000,413.4054488723296,97
2024-09-18 14:43:13.111000,413.4663123881215,1000
2024-09-18 14:43:13.146000,413.43078112408034,14
2024-09-18 14:43:13.153000,413.4546705385996,99
2024-09-18 14:43:13.231000,413.4467066014765,996
2024-09-18 14:43:13.309000,413.4345215643409,98
2024-09-18 14:43:13.322000,413.4481008592559,1002
2024-09-18 14:43:13.348000,413.47247750439954,11
2024-09-18 14:43:13.371000,413.4447593096608,999
2024-09-18 14:43:13.453000,413.42298370762825,103
2024-09-18 14:43:13.485000,413.4471707482309,95
2024-09-18 14:43:13.503000,413.4698011303461,999
2024-09-18 14:43:13.522000,413.45263085933794,1005
2024-09-18 14:43:13.541000,413.4663104133841,7
2024-09-18 14:43:13.542000,413.4717318327015,998
2024-09-18 14:43:13.609000,413.4563510730633,102
2024-09-18 14:43:13.612000,413.4637976245384,9
2024-09-18 14:43:13.701000,413.4538819591381,9
2024-09-18 14:43:13.724000,413.4238783066877,101
2024-09-18 14:43:13.747000,413.44991163474106,1001
2024-09-18 14:43:13.829000,413.4348287078191,99
2024-09-18 14:43:13.831000,413.4326768927517,11
2024-09-18 14:43:13.835000,413.474455694152,97
2024-09-18 14:43:13.928000,413.4475079996534,95
2024-09-18 14:43:13.982000,413.43847017653655,14
2024-09-18 14:43:13.984000,413.45519050311714,1004
2024-09-18 14:43:15.130000,413.4620905173654,11
2024-09-18 14:43:15.201000,413.472558983212,95
2024-09-18 14:43:15.279000,413.4902292702661,98
2024-09-18 14:43:15.487000,413.4623457800415,104
2024-09-18 14:43:15.508000,413.4499746480228,96
2024-09-18 14:43:15.531000,413.4709673346864,13
2024-09-18 14:43:15.632000,413.47212569410925,996
2024-09-18 14:43:15.657000,413.4585669009349,12
2024-09-18 14:43:15.688000,413.4701243122512,8
2024-09-18 14:43:15.703000,413.4684702614055,96
2024-09-18 14:43:15.732000,413.4647060547552,102
2024-09-18 14:43:15.824000,413.4564286462669,97
2024-09-18 14:43:15.847000,413.4696831914338,96
2024-09-18 14:43:16.108000,413.4582832455954,103
2024-09-18 14:43:16.252000,413.4390785311072,997
2024-09-18 14:43:16.267000,413.4395898114859,5
2024-09-18 14:43:16.288000,413.45979178861546,997
2024-09-18 14:43:16.350000,413.4698690482514,15
2024-09-18 14:43:17,413.3706172294556,15
2024-09-18 14:43:17.088000,413.3716384677529,101
2024-09-18 14:43:17.096000,413.3770423689952,997
2024-09-18 14:43:17.109000,413.4176331614538,99
2024-09-18 14:43:17.160000,413.3912838736271,104
2024-09-18 14:43:17.163000,413.4576452621231,12
2024-09-18 14:43:17.179000,413.4201572897324,1000
2024-09-18 14:43:17.243000,413.3945969415719,100
2024-09-18 14:43:17.296000,413.3881751082183,999
2024-09-18 14:43:17.336000,413.40337038116905,998
2024-09-18 14:43:17.363000,413.367655628644,104
2024-09-18 14:43:17.365000,413.4101303973981,15
2024-09-18 14:43:17.405000,413.4089722947991,998
2024-09-18 14:43:17.433000,413.3921190603397,997
2024-09-18 14:43:17.485000,413.4453092452874,102
2024-09-18 14:43:17.490000,413.43581851713896,7
2024-09-18 14:43:17.529000,413.3875779196703,5
2024-09-18 14:43:17.531000,413.3719742062101,101
2024-09-18 14:43:17.541000,413.4479906407138,11
2024-09-18 14:43:17.569000,413.4187440063898,11
2024-09-18 14:43:17.613000,413.39432008029047,9
2024-09-18 14:43:17.754000,413.4035613890879,1004
2024-09-18 14:43:17.765000,413.4062404458763,5
2024-09-18 14:43:17.788000,413.3979778983184,10
2024-09-18 14:43:17.846000,413.3961372930574,1004
2024-09-18 14:43:17.848000,413.3816061431783,996
2024-09-18 14:43:17.954000,413.3708076819387,15
2024-09-18 14:43:17.988000,413.4025392586447,96
2024-09-18 14:43:18.003000,413.434756934116,98
2024-09-18 14:43:18.060000,413.4384181398309,95
2024-09-18 14:43:18.071000,413.4012304643666,1000
2024-09-18 14:43:18.206000,413.4052208399431,9
2024-09-18 14:43:18.234000,413.390032674924,1001
2024-09-18 14:43:18.280000,413.3936761924693,99
2024-09-18 14:43:18.288000,413.3945166446916,1000
2024-09-18 14:43:18.295000,413.4120158253961,10
2024-09-18 14:43:18.302000,413.3952567635331,1004
2024-09-18 14:43:18.377000,413.4655420719668,96
2024-09-18 14:43:18.384000,413.39521787126006,11
2024-09-18 14:43:18.399000,413.3829153014615,997
2024-09-18 14:43:18.417000,413.3853336435771,1002
2024-09-18 14:43:18.423000,413.4143456967591,15
2024-09-18 14:43:18.449000,413.4170152360908,103
2024-09-18 14:43:18.468000,413.4006431124244,11
2024-09-18 14:43:18.489000,413.4110967464711,1002
2024-09-18 14:43:18.502000,413.43997436588063,998
2024-09-18 14:43:18.526000,413.4138840495939,95
2024-09-18 14:43:18.730000,413.4319137007695,10
2024-09-18 14:43:18.741000,413.3959226896066,10
2024-09-18 14:43:18.974000,413.3836679539149,1005
2024-09-18 14:43:19.008000,413.4064610105386,10
2024-09-18 14:43:19.028000,413.3502954444104,13
2024-09-18 14:43:19.046000,413.407189738234,1002
2024-09-18 14:43:19.229000,413.3471892276,1001
2024-09-18 14:43:19.295000,413.436051882878,95
2024-09-18 14:43:19.334000,413.385623337939,14
2024-09-18 14:43:19.348000,413.4414743477759,6
2024-09-18 14:43:19.477000,413.3759805952696,104
2024-09-18 14:43:19.558000,413.3590106065727,99
2024-09-18 14:43:19.612000,413.38612847066986,105
2024-09-18 14:43:19.614000,413.41948712714645,8
2024-09-18 14:43:19.681000,413.40913496015634,103
2024-09-18 14:43:19.705000,413.3542449869978,96
2024-09-18 14:43:19.708000,413.4275521970259,997
2024-09-18 14:43:19.715000,413.3448816094798,6
2024-09-18 14:43:19.752000,413.3788779603336,995
2024-09-18 14:43:19.758000,413.42330854583184,100
2024-09-18 14:43:19.780000,413.34313884080336,1002
2024-09-18 14:43:19.806000,413.3745507862181,9
2024-09-18 14:43:19.860000,413.3608848106033,1005
2024-09-18 14:43:19.879000,413.433072697618,9
2024-09-18 14:43:19.892000,413.4401626099979,10
2024-09-18 14:43:19.934000,413.39285098650527,101
2024-09-18 14:43:19.977000,413.3833926278336,100
2024-09-18 14:43:19.995000,413.3541271007672,1000
2024-09-18 14:43:19.997000,413.39696727527377,1001
2024-09-18 14:43:20.005000,413.4307888199173,8
2024-09-18 14:43:20.040000,413.4521632472103,102
2024-09-18 14:43:20.040000,413.38098221148056,1003
2024-09-18 14:43:20.057000,413.39062962414994,1000
2024-09-18 14:43:20.139000,413.4154503625088,1003
2024-09-18 14:43:20.236000,413.4057477552602,9
2024-09-18 14:43:20.278000,413.441425385749,7
2024-09-18 14:43:20.293000,413.4345591985952,1005
2024-09-18 14:43:20.331000,413.4038829522566,9
2024-09-18 14:43:20.419000,413.430535321494,15
2024-09-18 14:43:20.492000,413.4216044004932,1004
2024-09-18 14:43:20.563000,413.4281864164376,95
2024-09-18 14:43:20.589000,413.4410365245519,1004
2024-09-18 14:43:20.772000,413.41130469782,996
2024-09-18 14:43:20.814000,413.4060235115944,12
2024-09-18 14:43:20.946000,413.4257758845201,6
2024-09-18 14:43:21.101000,413.446176930536,103
2024-09-18 14:43:21.181000,413.5138935728169,99
2024-09-18 14:43:21.222000,413.5200122837292,104
2024-09-18 14:43:21.302000,413.515403391719,998
2024-09-18 14:43:21.313000,413.46924384698,11
2024-09-18 14:43:21.331000,413.4495604616874,12
2024-09-18 14:43:21.338000,413.4565433692971,1000
2024-09-18 14:43:21.342000,413.4875929469122,1004
2024-09-18 14:43:21.510000,413.4492530837616,102
2024-09-18 14:43:21.571000,413.4496548549234,12
2024-09-18 14:43:21.584000,413.4596752326671,1005
2024-09-18 14:43:21.622000,413.45496076930345,102
2024-09-18 14:43:21.629000,413.470654971876,1001
2024-09-18 14:43:21.651000,413.48029941397925,97
2024-09-18 14:43:21.676000,413.4770484221058,97
2024-09-18 14:43:21.687000,413.4828819739469,1003
2024-09-18 14:43:21.723000,413.5025516691903,996
2024-09-18 14:43:21.748000,413.49732120055126,100
2024-09-18 14:43:21.777000,413.44430949117657,1003
2024-09-18 14:43:21.793000,413.50519911204606,96
2024-09-18 14:43:21.815000,413.5088912274892,995
2024-09-18 14:43:21.846000,413.4791656293353,10
2024-09-18 14:43:21.900000,413.4993332865616,9
2024-09-18 14:43:21.927000,413.4308122199408,997
2024-09-18 14:43:21.948000,413.44836228090367,102
2024-09-18 14:43:22.123000,413.4918011880279,1002
2024-09-18 14:43:22.138000,413.5050552504512,100
2024-09-18 14:43:22.403000,413.4963452557487,14
2024-09-18 14:43:22.421000,413.4961512277751,998
2024-09-18 14:43:22.485000,413.49329157542655,95
2024-09-18 14:43:22.515000,413.4947441326026,104
2024-09-18 14:43:22.522000,413.4730075268425,1003
2024-09-18 14:43:22.533000,413.4985275004346,1002
2024-09-18 14:43:22.535000,413.5056574741433,102
2024-09-18 14:43:22.620000,413.49921207149725,97
2024-09-18 14:43:22.791000,413.49456176411496,96
2024-09-18 14:43:22.793000,413.5000070598678,99
2024-09-18 14:43:22.828000,413.49115543552944,12
2024-09-18 14:43:22.864000,413.4940208885138,103
2024-09-18 14:43:22.971000,413.4706876564581,12
2024-09-18 14:43:22.977000,413.4981958819072,1002
2024-09-18 14:43:23.039000,413.5020243852899,1005
2024-09-18 14:43:23.048000,413.49413918473016,98
2024-09-18 14:43:23.050000,413.5887049843894,998
2024-09-18 14:43:23.066000,413.51638505729545,1002
2024-09-18 14:43:23.156000,413.6067323757531,102
2024-09-18 14:43:23.242000,413.5862048204425,103
2024-09-18 14:43:23.336000,413.5633841922536,995
2024-09-18 14:43:23.354000,413.57112482269855,7
2024-09-18 14:43:23.399000,413.547520757668,97
2024-09-18 14:43:23.448000,413.59729791470056,104
2024-09-18 14:43:23.468000,413.5815295392686,96
2024-09-18 14:43:23.473000,413.581416292362,996
2024-09-18 14:43:23.711000,413.5272507138524,13
2024-09-18 14:43:23.804000,413.4989732511361,1000
2024-09-18 14:43:23.818000,413.5409161762067,1002
2024-09-18 14:43:23.833000,413.56601420029006,13
2024-09-18 14:43:23.897000,413.6066767478701,10
2024-09-18 14:43:23.913000,413.5248592024003,1002
2024-09-18 14:43:23.931000,413.5982045694964,101
2024-09-18 14:43:23.950000,413.5241581941093,15
2024-09-18 14:43:23.978000,413.5074576785504,99
2024-09-18 14:43:23.985000,413.5093577386876,98
2024-09-18 14:43:24.279000,413.58243735628,997
2024-09-18 14:43:24.321000,413.57422481017903,98
2024-09-18 14:43:24.392000,413.5550302644658,14
2024-09-18 14:43:24.436000,413.5623844197275,15
2024-09-18 14:43:24.450000,413.6005473047404,1005
2024-09-18 14:43:24.565000,413.5768731109751,997
2024-09-18 14:43:24.671000,413.60156887515393,12
2024-09-18 14:43:24.680000,413.5715319309727,1003
2024-09-18 14:43:24.756000,413.57121532571983,105
2024-09-18 14:43:24.838000,413.58861830285207,103
2024-09-18 14:43:25.007000,413.5457118019007,103
2024-09-18 14:43:25.026000,413.5285538071148,97
2024-09-18 14:43:25.078000,413.5604272056473,10
2024-09-18 14:43:25.157000,413.5476121414489,101
2024-09-18 14:43:25.158000,413.56945008827273,14
2024-09-18 14:43:25.192000,413.55266348781805,13
2024-09-18 14:43:25.224000,413.5278673622122,997
2024-09-18 14:43:25.242000,413.5402398338804,1002
2024-09-18 14:43:25.245000,413.5521052806427,96
2024-09-18 14:43:25.270000,413.5308395777125,6
2024-09-18 14:43:25.281000,413.5449893605801,100
2024-09-18 14:43:25.340000,413.5237975016514,103
2024-09-18 14:43:25.384000,413.5215816630176,997
2024-09-18 14:43:25.393000,413.5507411127115,8
2024-09-18 14:43:25.444000,413.5384102395237,98
2024-09-18 14:43:25.488000,413.5544451229241,95
2024-09-18 14:43:25.516000,413.5216000555217,1003
2024-09-18 14:43:25.581000,413.5623001138762,98
2024-09-18 14:43:25.725000,413.5379077093724,99
2024-09-18 14:43:25.737000,413.5093241261671,1000
2024-09-18 14:43:25.747000,413.5845790520164,999
2024-09-18 14:43:25.761000,413.573402566408,98
2024-09-18 14:43:25.767000,413.5292542181823,9
2024-09-18 14:43:25.843000,413.6078537358696,995
2024-09-18 14:43:25.846000,413.5626649446435,1000
2024-09-18 14:43:26.026000,413.45597627288896,103
2024-09-18 14:43:26.065000,413.4670051280132,1002
2024-09-18 14:43:26.085000,413.52332069134,99
2024-09-18 14:43:26.102000,413.5035344678817,96
2024-09-18 14:43:26.110000,413.5152136935296,997
2024-09-18 14:43:26.157000,413.5166838771884,8
2024-09-18 14:43:26.207000,413.5344607755,996
2024-09-18 14:43:26.229000,413.5526156150072,997
2024-09-18 14:43:26.257000,413.4777165630531,101
2024-09-18 14:43:26.280000,413.54154576646215,13
2024-09-18 14:43:26.491000,413.5312739736052,103
2024-09-18 14:43:26.503000,413.544836344296,11
2024-09-18 14:43:26.567000,413.47611000029934,15
2024-09-18 14:43:26.576000,413.47623012439016,98
2024-09-18 14:43:26.642000,413.5239225794102,14
2024-09-18 14:43:26.732000,413.52054017402025,1003
2024-09-18 14:43:26.862000,413.4633349727068,8
2024-09-18 14:43:26.907000,413.4718032803286,1004
2024-09-18 14:43:26.909000,413.55103042063774,1005
2024-09-18 14:43:26.974000,413.5189433678456,105
2024-09-18 14:43:26.986000,413.5176707872428,15
2024-09-18 14:43:27.132000,413.45806435840575,12
2024-09-18 14:43:27.303000,413.4657539843995,15
2024-09-18 14:43:27.310000,413.4526389520293,998
2024-09-18 14:43:27.330000,413.4619296780864,96
2024-09-18 14:43:27.433000,413.4695102929702,996
2024-09-18 14:43:27.617000,413.460782219436,102
2024-09-18 14:43:28.034000,413.5142293055536,103
2024-09-18 14:43:28.051000,413.4881893129735,1003
2024-09-18 14:43:28.121000,413.4792992943284,1004
2024-09-18 14:43:28.184000,413.478513586078,5
2024-09-18 14:43:28.188000,413.4689895480813,8
2024-09-18 14:43:28.202000,413.4763417648993,996
2024-09-18 14:43:28.274000,413.4599316244439,103
2024-09-18 14:43:28.291000,413.5117328726627,102
2024-09-18 14:43:28.295000,413.518479502852,1000
2024-09-18 14:43:28.318000,413.4968425343962,100
2024-09-18 14:43:28.415000,413.5184828983028,8
2024-09-18 14:43:28.454000,413.5003336413674,103
2024-09-18 14:43:28.490000,413.5029490042841,14
2024-09-18 14:43:28.515000,413.4860932103487,1001
2024-09-18 14:43:28.527000,413.5121515328598,105
2024-09-18 14:43:28.538000,413.4954144007882,8
2024-09-18 14:43:28.551000,413.49249074524585,96
2024-09-18 14:43:28.587000,413.4667455387735,996
2024-09-18 14:43:28.613000,413.4912828617024,999
2024-09-18 14:43:28.618000,413.5171179177672,12
2024-09-18 14:43:28.621000,413.4909426582207,996
2024-09-18 14:43:28.645000,413.4832883349846,1004
2024-09-18 14:43:28.710000,413.46545705942185,95
2024-09-18 14:43:28.818000,413.4940723404829,997
2024-09-18 14:43:28.861000,413.5001962410945,95
2024-09-18 14:43:28.895000,413.47959990968167,98
2024-09-18 14:43:28.941000,413.497959063617,1002
2024-09-18 14:43:28.941000,413.5206094690239,96
2024-09-18 14:43:28.978000,413.4916460991305,100
2024-09-18 14:43:29.020000,413.5212227156655,1003
2024-09-18 14:43:29.055000,413.5343628442368,6
2024-09-18 14:43:29.231000,413.5584193226634,10
2024-09-18 14:43:29.283000,413.5370221449619,1002
2024-09-18 14:43:29.324000,413.55135104925336,95
2024-09-18 14:43:29.391000,413.5340362181073,996
2024-09-18 14:43:29.394000,413.5311942135988,995
2024-09-18 14:43:29.475000,413.52351903542177,104
2024-09-18 14:43:29.530000,413.5612656427858,101
2024-09-18 14:43:29.694000,413.5538408433666,5
2024-09-18 14:43:29.703000,413.53594395171166,103
2024-09-18 14:43:29.930000,413.5531649577623,998
2024-09-18 14:43:30.155000,413.5333395113993,98
2024-09-18 14:43:30.232000,413.53352741524174,97
2024-09-18 14:43:30.253000,413.51615146285087,98
2024-09-18 14:43:30.322000,413.5232313072687,995
2024-09-18 14:43:30.605000,413.5513435876669,96
2024-09-18 14:43:30.771000,413.53640473423417,998
2024-09-18 14:43:30.886000,413.52961958870713,12
2024-09-18 14:43:31.190000,413.541094638803,1000
2024-09-18 14:43:31.449000,413.53026076258135,96
2024-09-18 14:43:31.515000,413.5255668668028,96
2024-09-18 14:43:31.520000,413.5348726490092,103
2024-09-18 14:43:31.540000,413.5345439289923,1005
2024-09-18 14:43:31.736000,413.54706152944607,9
2024-09-18 14:43:32.026000,413.5767855074319,995
2024-09-18 14:43:32.101000,413.5562195636372,8
2024-09-18 14:43:32.122000,413.5897569233461,100
2024-09-18 14:43:32.186000,413.5780949150017,12
2024-09-18 14:43:32.399000,413.5735628461186,105
2024-09-18 14:43:32.401000,413.5948749567794,1001
2024-09-18 14:43:32.618000,413.59304865490463,1004
2024-09-18 14:43:32.881000,413.5716011203984,105
2024-09-18 14:43:33.070000,413.5676242236612,8
2024-09-18 14:43:33.080000,413.5883917140313,12
2024-09-18 14:43:33.102000,413.5748646005446,11
2024-09-18 14:43:33.129000,413.58891550509503,999
2024-09-18 14:43:33.160000,413.57100748961886,1004
2024-09-18 14:43:33.231000,413.5786761067257,1001
2024-09-18 14:43:33.284000,413.5776498515938,14
2024-09-18 14:43:33.297000,413.5897095057805,1004
2024-09-18 14:43:33.349000,413.6043418310021,1002
2024-09-18 14:43:33.398000,413.604502279938,13
2024-09-18 14:43:33.419000,413.6064683168843,100
2024-09-18 14:43:33.429000,413.5869663556061,104
2024-09-18 14:43:33.493000,413.5811240792124,13
2024-09-18 14:43:33.502000,413.6139212124682,1000
2024-09-18 14:43:33.533000,413.611650156105,96
2024-09-18 14:43:33.625000,413.5966453653625,1001
2024-09-18 14:43:33.667000,413.6053253761679,12
2024-09-18 14:43:33.696000,413.6203417021968,8
2024-09-18 14:43:33.705000,413.5764576123848,7
2024-09-18 14:43:33.739000,413.6010496634649,1004
2024-09-18 14:43:33.773000,413.6067071721151,103
2024-09-18 14:43:33.841000,413.5706921226076,101
2024-09-18 14:43:33.856000,413.5861145717206,97
2024-09-18 14:43:33.860000,413.57414851697865,995
2024-09-18 14:43:33.895000,413.5874209137799,1000
2024-09-18 14:43:33.916000,413.5990855785552,7
2024-09-18 14:43:33.932000,413.5880305069998,102
2024-09-18 14:43:33.975000,413.6091919558049,102
2024-09-18 14:43:34.270000,413.5849059967071,5
2024-09-18 14:43:34.273000,413.5567442710353,9
2024-09-18 14:43:34.273000,413.5875488848139,996
2024-09-18 14:43:34.319000,413.6026737510881,1004
2024-09-18 14:43:34.324000,413.5921583811541,11
2024-09-18 14:43:34.325000,413.5872910325506,5
2024-09-18 14:43:34.363000,413.5468185699087,99
2024-09-18 14:43:34.443000,413.5712563526675,103
2024-09-18 14:43:34.456000,413.5629890277953,10
2024-09-18 14:43:34.484000,413.583693815209,1001
2024-09-18 14:43:34.506000,413.5477194345201,995
2024-09-18 14:43:34.615000,413.5680536176502,1004
2024-09-18 14:43:34.668000,413.55071232611147,7
2024-09-18 14:43:34.706000,413.5722805410136,100
2024-09-18 14:43:34.722000,413.6111573332716,1002
2024-09-18 14:43:34.742000,413.6090170479448,1000
2024-09-18 14:43:34.743000,413.5673501065188,103
2024-09-18 14:43:34.764000,413.5462556191592,100
2024-09-18 14:43:34.799000,413.5753106952161,5
2024-09-18 14:43:34.855000,413.58326517160623,1005
2024-09-18 14:43:34.926000,413.5870624732608,15
2024-09-18 14:43:34.932000,413.6112409596454,104
2024-09-18 14:43:34.968000,413.5413135877544,95
2024-09-18 14:43:34.983000,413.6105365323782,6
2024-09-18 14:43:35.130000,413.5913273975512,997
2024-09-18 14:43:35.213000,413.5464271762648,8
2024-09-18 14:43:35.519000,413.566593507302,104
2024-09-18 14:43:35.548000,407.6914886624072,96
2024-09-18 14:43:35.637000,413.5489944368031,1004
2024-09-18 14:43:35.714000,413.5461182483487,99
2024-09-18 14:43:35.964000,413.5507392341911,997
2024-09-18 14:43:36.117000,413.5643026954182,1004
2024-09-18 14:43:36.179000,413.5559658845976,95
2024-09-18 14:43:36.256000,413.5466074716258,1003
2024-09-18 14:43:36.320000,413.5439471818748,100
2024-09-18 14:43:36.427000,413.55111248747176,104
2024-09-18 14:43:36.440000,413.562650439737,995
2024-09-18 14:43:36.475000,413.5633665442069,6
2024-09-18 14:43:36.515000,413.54478029468703,7
2024-09-18 14:43:36.529000,413.58559593199936,96
2024-09-18 14:43:36.542000,413.5795345558509,103
2024-09-18 14:43:36.545000,413.5485016549365,102
2024-09-18 14:43:36.552000,413.55017404733854,1001
2024-09-18 14:43:36.627000,413.5578568112215,101
2024-09-18 14:43:36.666000,413.5467749949911,7
2024-09-18 14:43:36.712000,413.5509225837317,10
2024-09-18 14:43:36.749000,413.57292223398593,98
2024-09-18 14:43:36.770000,413.5564283739248,103
2024-09-18 14:43:36.807000,413.5566896132945,6
2024-09-18 14:43:36.842000,413.5512048461204,996
2024-09-18 14:43:36.912000,413.5645011280211,999
2024-09-18 14:43:36.986000,413.57271838739535,96
2024-09-18 14:43:36.991000,413.5731519209335,97
2024-09-18 14:43:36.996000,413.5653725113174,103
2024-09-18 14:43:37.005000,413.53518885582446,7
2024-09-18 14:43:37.049000,413.55126084356834,1005
2024-09-18 14:43:37.085000,413.5212155880884,9
2024-09-18 14:43:37.107000,413.5243644249125,104
2024-09-18 14:43:37.113000,413.5144302652226,8
2024-09-18 14:43:37.168000,413.53646182804687,1002
2024-09-18 14:43:37.213000,413.532903520654,1001
2024-09-18 14:43:37.335000,413.54459547059867,99
2024-09-18 14:43:37.368000,413.502403239258,998
2024-09-18 14:43:37.395000,413.5408063423371,7
2024-09-18 14:43:37.437000,413.5351849183086,998
2024-09-18 14:43:37.508000,413.5249198448354,8
2024-09-18 14:43:37.598000,413.5265108027172,999
2024-09-18 14:43:37.602000,413.5005427699635,6
2024-09-18 14:43:37.651000,413.5237380842796,100
2024-09-18 14:43:37.780000,413.4996133864743,101
2024-09-18 14:43:37.814000,413.50839271947103,99
2024-09-18 14:43:37.821000,413.52111903306667,998
2024-09-18 14:43:37.836000,413.51736477482336,997
2024-09-18 14:43:37.886000,413.5326223522202,14
2024-09-18 14:43:37.961000,413.528915835444,996
2024-09-18 14:43:38.089000,413.54144938576246,15
2024-09-18 14:43:38.246000,413.5309305142604,1000
2024-09-18 14:43:38.338000,413.5473943624601,9
2024-09-18 14:43:38.596000,413.5398961546093,105
2024-09-18 14:43:38.663000,413.54360451932695,995
2024-09-18 14:43:38.750000,413.5515628469005,101
2024-09-18 14:43:38.929000,413.5651784762625,1005
2024-09-18 14:43:39.018000,413.4870985646283,100
2024-09-18 14:43:39.030000,413.47962569688025,5
2024-09-18 14:43:39.112000,413.4973860073255,996
2024-09-18 14:43:39.145000,413.5415769093246,997
2024-09-18 14:43:39.272000,413.4923529197161,1004
2024-09-18 14:43:39.546000,413.5368026308805,96
2024-09-18 14:43:39.583000,413.5191176728499,8
2024-09-18 14:43:39.620000,413.4786541827124,103
2024-09-18 14:43:39.707000,413.5348065065455,14
2024-09-18 14:43:40.456000,413.4964479879071,100
2024-09-18 14:43:41.095000,413.4658301045965,12
2024-09-18 14:43:41.109000,413.4767261086359,1000
2024-09-18 14:43:41.170000,413.4534877664495,1000
2024-09-18 14:43:41.217000,413.4558672961732,6
2024-09-18 14:43:41.231000,413.4866119546831,1002
2024-09-18 14:43:41.232000,413.49086905699386,1003
2024-09-18 14:43:41.370000,413.460851626675,1003
2024-09-18 14:43:41.410000,413.4637186556458,95
2024-09-18 14:43:41.441000,413.4619088410077,12
2024-09-18 14:43:41.502000,413.4885197425617,1005
2024-09-18 14:43:41.527000,413.468927960158,996
2024-09-18 14:43:41.536000,413.45119235039607,7
2024-09-18 14:43:41.545000,413.4860643086455,104
2024-09-18 14:43:41.556000,413.47665608535095,1000
2024-09-18 14:43:41.598000,413.4782359419041,95
2024-09-18 14:43:41.614000,413.4565217183536,11
2024-09-18 14:43:41.630000,413.4576756885558,96
2024-09-18 14:43:41.653000,413.47245257012855,1005
2024-09-18 14:43:41.675000,407.76368978158746,102
2024-09-18 14:43:41.690000,413.4898588339975,9
2024-09-18 14:43:41.758000,413.4890190429557,1000
2024-09-18 14:43:41.902000,413.4901760335069,1004
2024-09-18 14:43:41.902000,413.497669143528,8
2024-09-18 14:43:41.924000,413.4637552455381,995
2024-09-18 14:43:41.986000,413.4853625943333,12
2024-09-18 14:43:42.008000,413.5382751059349,1002
2024-09-18 14:43:42.029000,413.578425534446,996
2024-09-18 14:43:42.044000,413.4837434975268,13
2024-09-18 14:43:42.080000,413.5478244657992,5
2024-09-18 14:43:42.101000,413.5473630424111,95
2024-09-18 14:43:42.154000,413.5583587914396,104
2024-09-18 14:43:42.170000,413.5344310103999,997
2024-09-18 14:43:42.175000,413.5333822196819,8
2024-09-18 14:43:42.197000,413.54363346204593,98
2024-09-18 14:43:42.202000,413.53937528289015,9
2024-09-18 14:43:42.213000,413.4942566846049,14
2024-09-18 14:43:42.528000,413.5523070068325,99
2024-09-18 14:43:42.572000,413.5487978827389,5
2024-09-18 14:43:42.734000,413.5619612767376,1005
2024-09-18 14:43:42.859000,413.56785148388286,95
2024-09-18 14:43:42.883000,413.54488601428494,1003
2024-09-18 14:43:42.946000,413.5788503579982,1001
2024-09-18 14:43:43.001000,413.53886313820766,998
2024-09-18 14:43:43.015000,413.5453125628122,1002
2024-09-18 14:43:43.028000,413.55734224193145,998
2024-09-18 14:43:43.106000,413.5184221459058,104
2024-09-18 14:43:43.111000,413.52553286913263,101
2024-09-18 14:43:43.146000,413.5148486140589,996
2024-09-18 14:43:43.157000,413.5151447209665,7
2024-09-18 14:43:43.168000,407.7798642362519,1001
2024-09-18 14:43:43.173000,413.5564485909055,1005
2024-09-18 14:43:43.175000,413.55601618930586,995
2024-09-18 14:43:43.227000,413.5623144446901,100
2024-09-18 14:43:43.246000,413.5446346249252,8
2024-09-18 14:43:43.307000,413.539843064536,97
2024-09-18 14:43:43.319000,413.5258949759814,103
2024-09-18 14:43:43.325000,413.568758954429,1005
2024-09-18 14:43:43.333000,413.5538645114413,1001
2024-09-18 14:43:43.354000,413.5500007017929,13
2024-09-18 14:43:43.366000,413.5658143266224,105
2024-09-18 14:43:43.371000,413.54088495376175,1000
2024-09-18 14:43:43.414000,413.5147675738119,97
2024-09-18 14:43:43.535000,413.56361391440566,7
2024-09-18 14:43:43.731000,413.55488651114456,1005
2024-09-18 14:43:43.737000,413.5765741970651,996
2024-09-18 14:43:43.791000,413.5267794393749,99
2024-09-18 14:43:43.847000,413.5500727517609,104
2024-09-18 14:43:43.850000,413.5519403243556,7
2024-09-18 14:43:43.854000,413.5559641295041,1000
2024-09-18 14:43:43.975000,413.5344321976278,95
2024-09-18 14:43:43.976000,413.5481867123995,104
2024-09-18 14:43:44,413.5269163193536,11
2024-09-18 14:43:44.194000,413.5156924143907,6
2024-09-18 14:43:44.302000,413.590511645254,9
2024-09-18 14:43:44.325000,413.5586263781129,997
2024-09-18 14:43:44.335000,413.5123106684992,1002
2024-09-18 14:43:44.359000,413.5013530756164,7
2024-09-18 14:43:44.367000,413.4813142989485,14
2024-09-18 14:43:44.368000,413.5173798371517,6
2024-09-18 14:43:44.371000,413.4991729220212,999
2024-09-18 14:43:44.401000,413.51132240522526,9
2024-09-18 14:43:44.430000,413.5169721717807,999
2024-09-18 14:43:44.440000,413.5258018548072,15
2024-09-18 14:43:44.503000,413.6139004875857,101
2024-09-18 14:43:44.570000,413.5025917719618,103
2024-09-18 14:43:44.684000,413.4920261494507,98
2024-09-18 14:43:44.706000,407.81705039896735,103
2024-09-18 14:43:44.723000,413.5423112520497,12
2024-09-18 14:43:44.726000,413.5101180985957,1004
2024-09-18 14:43:44.813000,413.4945008813552,996
2024-09-18 14:43:44.837000,413.5315558442092,999
2024-09-18 14:43:44.977000,413.5157797643951,100
2024-09-18 14:43:44.994000,413.4971251922976,9
2024-09-18 14:43:45.589000,413.59533811234,997
2024-09-18 14:43:45.758000,413.6166046650249,96
2024-09-18 14:43:46.045000,413.59334962492926,96
2024-09-18 14:43:46.060000,413.6286503905529,96
2024-09-18 14:43:46.100000,413.6193317328832,996
2024-09-18 14:43:46.214000,413.6226593636022,1002
2024-09-18 14:43:46.290000,413.6228018023983,998
2024-09-18 14:43:46.333000,413.62716603987775,997
2024-09-18 14:43:46.353000,413.6254353391698,102
2024-09-18 14:43:46.381000,413.6058515403846,13
2024-09-18 14:43:46.462000,413.5755346083088,103
2024-09-18 14:43:46.499000,407.8272365437411,99
2024-09-18 14:43:46.534000,413.59647971124326,98
2024-09-18 14:43:46.546000,413.6239987795839,14
2024-09-18 14:43:46.549000,413.63001978365264,99
2024-09-18 14:43:46.572000,413.6223409779937,13
2024-09-18 14:43:46.587000,413.6310651042807,102
2024-09-18 14:43:46.954000,413.6064763984605,96
2024-09-18 14:43:46.986000,413.6125772613176,98
2024-09-18 14:43:46.995000,413.6231848319582,96
2024-09-18 14:43:47.190000,413.6525098770018,98
2024-09-18 14:43:47.205000,413.6470854666095,95
2024-09-18 14:43:47.429000,413.64438362350495,105
2024-09-18 14:43:47.432000,413.64417312543225,5
2024-09-18 14:43:47.456000,413.6378756103055,9
2024-09-18 14:43:47.473000,413.6461477695317,996
2024-09-18 14:43:47.476000,413.6365047547546,97
2024-09-18 14:43:47.549000,413.64313320898015,1004
2024-09-18 14:43:47.603000,413.636721268994,5
2024-09-18 14:43:47.765000,407.7693282930192,12
2024-09-18 14:43:47.793000,413.6268142030152,97
2024-09-18 14:43:47.849000,413.637567250692,8
2024-09-18 14:43:47.884000,413.6251542009359,100
2024-09-18 14:43:47.919000,413.64334587255297,9
2024-09-18 14:43:47.919000,413.6465691314916,1001
2024-09-18 14:43:47.970000,413.6448275550427,10
2024-09-18 14:43:48.014000,413.6489002405791,1005
2024-09-18 14:43:48.027000,413.658426995078,995
2024-09-18 14:43:48.064000,407.8383408407156,6
2024-09-18 14:43:48.077000,413.6539255797057,7
2024-09-18 14:43:48.588000,413.6364693571836,1004
2024-09-18 14:43:48.868000,413.6539593331897,7
2024-09-18 14:43:48.885000,413.6494308821945,10
2024-09-18 14:43:48.932000,413.641590287516,99
2024-09-18 14:43:49.013000,413.6076145814226,95
2024-09-18 14:43:49.031000,413.5981675152629,95
2024-09-18 14:43:49.043000,413.5913259579495,997
2024-09-18 14:43:49.086000,413.5884169594724,97
2024-09-18 14:43:49.139000,413.6405999038412,100
2024-09-18 14:43:49.152000,413.608927109143,104
2024-09-18 14:43:49.244000,413.6072128378009,12
2024-09-18 14:43:49.283000,413.6121731629572,1003
2024-09-18 14:43:49.297000,413.6340804041978,102
2024-09-18 14:43:49.366000,413.6459840419668,99
2024-09-18 14:43:49.373000,413.61494037052745,12
2024-09-18 14:43:49.418000,413.625067322129,100
2024-09-18 14:43:49.435000,413.5992562517357,8
2024-09-18 14:43:49.526000,413.6239781328952,1005
2024-09-18 14:43:49.646000,413.6162699811362,1002
2024-09-18 14:43:49.660000,413.5996105551305,100
2024-09-18 14:43:49.680000,413.6273785259173,100
2024-09-18 14:43:49.711000,413.60603377396495,97
2024-09-18 14:43:49.746000,413.6268944538243,5
2024-09-18 14:43:49.753000,413.6131559432088,999
2024-09-18 14:43:49.797000,413.6136660881301,97
2024-09-18 14:43:49.850000,413.6226972482873,104
2024-09-18 14:43:50.018000,413.6291935542755,999
2024-09-18 14:43:50.513000,413.6293976047445,995
2024-09-18 14:43:50.548000,413.6236712107793,102
2024-09-18 14:43:50.572000,413.5987870686391,997
2024-09-18 14:43:50.580000,413.6129802212095,999
2024-09-18 14:43:50.802000,413.6156241299366,105
2024-09-18 14:43:51.014000,413.6543638323199,8
2024-09-18 14:43:51.396000,413.66017197518863,11
2024-09-18 14:43:51.400000,413.6139772715061,12
2024-09-18 14:43:51.888000,413.6522539417287,1005
2024-09-18 14:43:51.940000,413.6571674010881,1003
2024-09-18 14:43:52.092000,413.6806271152778,104
2024-09-18 14:43:52.095000,413.6708748354983,100
2024-09-18 14:43:52.136000,413.6570576169659,1005
2024-09-18 14:43:52.148000,413.6941797274284,996
2024-09-18 14:43:52.196000,413.6787987508646,8
2024-09-18 14:43:52.220000,413.6972948181212,99
2024-09-18 14:43:52.231000,413.6528251258164,103
2024-09-18 14:43:52.246000,413.6643391459774,98
2024-09-18 14:43:52.269000,413.6615506369554,1005
2024-09-18 14:43:52.333000,413.6567905824802,96
2024-09-18 14:43:52.368000,413.6529374849558,997
2024-09-18 14:43:52.376000,413.67421777156295,996
2024-09-18 14:43:52.515000,413.6746481186833,104
2024-09-18 14:43:52.520000,413.679422298649,996
2024-09-18 14:43:52.605000,413.6950248997716,105
2024-09-18 14:43:52.618000,413.6652559271493,105
2024-09-18 14:43:52.729000,413.68874053963526,100
2024-09-18 14:43:52.733000,413.67639301730014,1001
2024-09-18 14:43:52.734000,413.6622340173648,997
2024-09-18 14:43:52.754000,413.6938444831815,9
2024-09-18 14:43:52.785000,413.665321067268,100
2024-09-18 14:43:52.790000,413.67087992533374,1002
2024-09-18 14:43:52.862000,413.6687417046096,101
2024-09-18 14:43:52.928000,413.6851892783013,7
2024-09-18 14:43:53.044000,413.636916399622,98
2024-09-18 14:43:53.081000,413.6432765211589,97
2024-09-18 14:43:53.182000,413.67191086548985,99
2024-09-18 14:43:53.183000,413.6785059877497,999
2024-09-18 14:43:53.233000,413.67442314091227,100
2024-09-18 14:43:53.259000,413.63529308940304,1005
2024-09-18 14:43:53.268000,413.6626777282979,5
2024-09-18 14:43:53.291000,413.6879222791072,100
2024-09-18 14:43:53.315000,413.634743850417,1004
2024-09-18 14:43:53.359000,413.6681588137317,15
2024-09-18 14:43:53.387000,413.6294785253805,997
2024-09-18 14:43:53.406000,413.69603037574905,101
2024-09-18 14:43:53.407000,413.6529433647548,1002
2024-09-18 14:43:53.572000,413.6569008233382,1005
2024-09-18 14:43:53.588000,413.6661372368444,5
2024-09-18 14:43:53.826000,413.6349727081287,95
2024-09-18 14:43:53.917000,413.64172704420906,104
2024-09-18 14:43:53.917000,413.6399535618767,14
2024-09-18 14:43:53.928000,413.66164597506014,96
2024-09-18 14:43:53.931000,413.68220216463743,95
2024-09-18 14:43:53.938000,413.6463592704381,5
2024-09-18 14:43:53.973000,413.6521933116173,8
2024-09-18 14:43:53.984000,413.65308693101787,10
2024-09-18 14:43:54.697000,413.6939900570528,102
2024-09-18 14:43:55.028000,413.6679858661191,12
2024-09-18 14:43:55.067000,413.6566301725781,8
2024-09-18 14:43:55.081000,413.6543898151178,103
2024-09-18 14:43:55.125000,413.6607075083557,99
2024-09-18 14:43:55.209000,413.66418282553815,100
2024-09-18 14:43:55.236000,413.6845881480397,1001
2024-09-18 14:43:55.459000,413.67935543153936,105
2024-09-18 14:43:55.581000,413.70096580168257,5
2024-09-18 14:43:55.632000,413.69235310463694,12
2024-09-18 14:43:55.679000,413.6618335795199,11
2024-09-18 14:43:55.813000,413.6834239475932,1005
2024-09-18 14:43:55.859000,413.66939507028064,15
2024-09-18 14:43:55.903000,413.68799366603406,15
2024-09-18 14:43:55.997000,413.6676753126969,101
2024-09-18 14:43:56.047000,413.7222890066948,1004
2024-09-18 14:43:56.089000,413.6838162292791,105
2024-09-18 14:43:56.139000,413.7476482047583,99
2024-09-18 14:43:56.189000,413.7041346617504,101
2024-09-18 14:43:56.205000,413.7206230183394,97
2024-09-18 14:43:56.210000,413.768549618392,7
2024-09-18 14:43:56.227000,413.7216174805144,98
2024-09-18 14:43:56.275000,413.7534225817505,12
2024-09-18 14:43:56.315000,413.7737883103733,1002
2024-09-18 14:43:56.322000,413.760970466907,12
2024-09-18 14:43:56.322000,413.68697193195686,9
2024-09-18 14:43:56.398000,413.75940044448896,1001
2024-09-18 14:43:56.456000,413.7645894678278,103
2024-09-18 14:43:56.585000,413.7055538207583,102
2024-09-18 14:43:56.607000,413.7563870702988,103
2024-09-18 14:43:56.629000,413.7099527588006,1002
2024-09-18 14:43:56.778000,413.69416563857993,11
2024-09-18 14:43:56.810000,413.7674105981399,997
2024-09-18 14:43:56.822000,413.7905866813256,95
2024-09-18 14:43:56.863000,413.6970430016798,997
2024-09-18 14:43:56.877000,413.78277895470336,97
2024-09-18 14:43:56.883000,413.7258814710625,98
2024-09-18 14:43:56.940000,413.76945408121577,98
2024-09-18 14:43:56.942000,413.7156413211288,15
2024-09-18 14:43:57.027000,413.76877235199777,6
2024-09-18 14:43:57.039000,413.7384977279484,1005
2024-09-18 14:43:57.058000,413.7561324390818,998
2024-09-18 14:43:57.064000,413.7610867620372,1003
2024-09-18 14:43:57.114000,413.75866996616537,95
2024-09-18 14:43:57.116000,413.7416555293127,996
2024-09-18 14:43:57.174000,413.7489055428384,96
2024-09-18 14:43:57.215000,413.7410552329143,1002
2024-09-18 14:43:57.227000,413.7680995722274,997
2024-09-18 14:43:57.282000,413.75966185422885,1003
2024-09-18 14:43:57.506000,413.74219973665726,7
2024-09-18 14:43:57.512000,413.737426800402,11
2024-09-18 14:43:57.515000,413.75024929215175,999
2024-09-18 14:43:57.552000,413.7572176399494,1002
2024-09-18 14:43:57.708000,413.7426130805897,997
2024-09-18 14:43:57.775000,413.76113860462254,6
2024-09-18 14:43:57.781000,413.7429402685921,1002
2024-09-18 14:43:57.796000,413.7259235615243,1004
2024-09-18 14:43:57.825000,413.75265595068834,14
2024-09-18 14:43:58.350000,413.7613833800246,104
2024-09-18 14:43:58.450000,413.765837543988,10
2024-09-18 14:43:58.467000,413.75471513485417,103
2024-09-18 14:43:58.524000,413.7818924267588,13
2024-09-18 14:43:58.621000,413.766173016702,1000
2024-09-18 14:43:58.641000,413.7409413474388,99
2024-09-18 14:43:58.714000,413.7703018052201,997
2024-09-18 14:43:58.878000,413.7649437709789,12
2024-09-18 14:43:59.007000,413.7867538173684,998
2024-09-18 14:43:59.073000,413.7896321597956,999
2024-09-18 14:43:59.096000,413.7820715572993,5
2024-09-18 14:43:59.103000,413.7771182852383,104
2024-09-18 14:43:59.117000,413.8010598472936,1000
2024-09-18 14:43:59.253000,413.7843443887795,998
2024-09-18 14:43:59.257000,413.7662025263916,96
2024-09-18 14:43:59.338000,413.7737926950182,104
2024-09-18 14:43:59.391000,413.7977569995428,101
2024-09-18 14:43:59.491000,413.792120632373,100
2024-09-18 14:43:59.505000,413.78207234284577,12
2024-09-18 14:43:59.643000,413.80036687396046,999
2024-09-18 14:43:59.655000,413.7816477006995,998
2024-09-18 14:43:59.684000,413.79471619762296,8
2024-09-18 14:43:59.738000,413.7936319374403,12
2024-09-18 14:43:59.762000,413.7855564041515,96
2024-09-18 14:43:59.783000,413.7819814786782,1001
2024-09-18 14:43:59.870000,413.7921770510423,8
