Timestamp,Price,Size
2024-09-19 11:57:00,421.9415948810608,13
2024-09-19 11:57:00.050000,421.8683612301935,98
2024-09-19 11:57:00.096000,421.8742812474422,95
2024-09-19 11:57:00.166000,421.9166750987749,96
2024-09-19 11:57:00.196000,421.8732869713147,1004
2024-09-19 11:57:00.202000,421.8581943450853,995
2024-09-19 11:57:00.206000,421.9520848535947,100
2024-09-19 11:57:00.229000,421.8609155669196,99
2024-09-19 11:57:00.281000,421.9132389765382,1005
2024-09-19 11:57:00.297000,421.9220784558831,8
2024-09-19 11:57:00.374000,421.86735720159095,104
2024-09-19 11:57:00.376000,421.9005899784688,11
2024-09-19 11:57:00.443000,421.8922518971082,1005
2024-09-19 11:57:00.544000,421.8726373930133,12
2024-09-19 11:57:00.560000,421.87619516420494,11
2024-09-19 11:57:00.667000,421.9114863864946,998
2024-09-19 11:57:00.704000,421.9204372204349,100
2024-09-19 11:57:00.727000,421.88032904562937,1004
2024-09-19 11:57:00.749000,421.91094788996907,12
2024-09-19 11:57:00.843000,421.8600489273388,1001
2024-09-19 11:57:00.933000,421.907337915634,11
2024-09-19 11:57:01.154000,421.9436220834982,103
2024-09-19 11:57:01.218000,421.9652288479491,1003
2024-09-19 11:57:01.282000,421.92858295775534,13
2024-09-19 11:57:01.298000,421.949173901872,9
2024-09-19 11:57:01.352000,421.9157247602831,10
2024-09-19 11:57:01.374000,421.9174728120774,9
2024-09-19 11:57:01.411000,421.986448705566,11
2024-09-19 11:57:01.443000,421.9830663190256,998
2024-09-19 11:57:01.470000,421.9243002305718,101
2024-09-19 11:57:01.581000,421.9414652161208,15
2024-09-19 11:57:01.915000,422.0102219675268,13
2024-09-19 11:57:01.948000,421.9335392276539,1004
2024-09-19 11:57:02.102000,421.9848587389641,102
2024-09-19 11:57:02.161000,421.9761444051285,13
2024-09-19 11:57:02.461000,421.98768844305147,100
2024-09-19 11:57:02.909000,421.9904209473307,100
2024-09-19 11:57:02.939000,421.98549477019577,10
2024-09-19 11:57:02.971000,421.9717507329552,995
2024-09-19 11:57:02.979000,421.9914652674913,1005
2024-09-19 11:57:03.001000,421.9876343304074,96
2024-09-19 11:57:03.036000,421.9629380452238,12
2024-09-19 11:57:03.126000,421.9880116365784,5
2024-09-19 11:57:03.193000,422.0188777386441,103
2024-09-19 11:57:03.327000,422.0213320701481,1002
2024-09-19 11:57:03.380000,421.97647526020825,1003
2024-09-19 11:57:03.466000,421.98786413090994,102
2024-09-19 11:57:03.626000,422.0256059044643,14
2024-09-19 11:57:03.736000,421.97042282028553,100
2024-09-19 11:57:03.742000,421.96521644057344,101
2024-09-19 11:57:03.843000,422.0010610045302,1000
2024-09-19 11:57:04.033000,421.9722968044776,12
2024-09-19 11:57:04.072000,421.9220413471374,12
2024-09-19 11:57:04.094000,421.9438878419896,13
2024-09-19 11:57:04.130000,421.9751991094944,1004
2024-09-19 11:57:04.175000,421.9408344970216,997
2024-09-19 11:57:04.237000,421.9988366371424,101
2024-09-19 11:57:04.300000,422.01569392535015,14
2024-09-19 11:57:04.305000,421.91071991242114,8
2024-09-19 11:57:04.327000,421.95691764484064,997
2024-09-19 11:57:04.468000,422.015397634512,97
2024-09-19 11:57:04.669000,421.9249098075519,102
2024-09-19 11:57:04.691000,421.9661943340822,1001
2024-09-19 11:57:04.769000,421.9418710373059,1005
2024-09-19 11:57:04.778000,421.9731167823926,97
2024-09-19 11:57:04.795000,421.936223426384,6
2024-09-19 11:57:04.796000,421.934812268573,100
2024-09-19 11:57:04.825000,421.90774783447023,6
2024-09-19 11:57:04.877000,421.99688127165655,100
2024-09-19 11:57:04.877000,421.9484851450196,997
2024-09-19 11:57:04.990000,421.9353282562058,95
2024-09-19 11:57:05.101000,421.9044298960293,100
2024-09-19 11:57:05.113000,421.9113035382163,10
2024-09-19 11:57:05.173000,421.9020554787545,15
2024-09-19 11:57:05.258000,421.93915258881776,99
2024-09-19 11:57:05.263000,421.91807239507744,95
2024-09-19 11:57:05.347000,421.92417736700605,104
2024-09-19 11:57:05.377000,421.9176886819038,12
2024-09-19 11:57:05.500000,421.9415280760535,1003
2024-09-19 11:57:05.516000,421.927955626647,99
2024-09-19 11:57:05.552000,421.9234819255439,8
2024-09-19 11:57:05.612000,421.90630390293774,96
2024-09-19 11:57:05.627000,421.9096482294327,1004
2024-09-19 11:57:05.670000,421.9143841873757,97
2024-09-19 11:57:05.719000,421.9167164278824,97
2024-09-19 11:57:05.729000,421.9096098456381,996
2024-09-19 11:57:05.741000,421.91734065948987,101
2024-09-19 11:57:05.771000,421.9195697654158,95
2024-09-19 11:57:05.909000,421.943036516113,995
2024-09-19 11:57:05.943000,421.906924173027,102
2024-09-19 11:57:05.968000,421.90008311277,9
2024-09-19 11:57:06.169000,421.94896108899417,1003
2024-09-19 11:57:06.450000,421.9501532818416,9
2024-09-19 11:57:06.578000,421.90455016469423,1000
2024-09-19 11:57:06.623000,421.9241754332626,13
2024-09-19 11:57:06.638000,421.9160012878649,95
2024-09-19 11:57:06.883000,421.9080586628246,96
2024-09-19 11:57:06.884000,421.9194474183648,1003
2024-09-19 11:57:06.996000,421.9117704225752,999
2024-09-19 11:57:07.030000,421.9383197715945,97
2024-09-19 11:57:07.052000,421.9388514027575,15
2024-09-19 11:57:07.065000,421.95321850494696,7
2024-09-19 11:57:07.109000,421.9223396789153,1004
2024-09-19 11:57:07.113000,421.9365435745211,8
2024-09-19 11:57:07.152000,421.9215498720478,104
2024-09-19 11:57:07.154000,421.9570859721311,5
2024-09-19 11:57:07.174000,421.8989825027512,996
2024-09-19 11:57:07.284000,421.9632805812458,1003
2024-09-19 11:57:07.286000,421.9408890661347,105
2024-09-19 11:57:07.349000,421.94681371519687,100
2024-09-19 11:57:07.349000,421.9067472493211,104
2024-09-19 11:57:07.385000,421.9345670308616,103
2024-09-19 11:57:07.394000,421.9045468912478,98
2024-09-19 11:57:07.550000,421.9276338403657,9
2024-09-19 11:57:07.570000,421.9155707396764,104
2024-09-19 11:57:07.599000,421.92399446007,11
2024-09-19 11:57:07.605000,421.9327261342482,1000
2024-09-19 11:57:07.639000,421.93439339178775,13
2024-09-19 11:57:07.646000,421.91290656139614,14
2024-09-19 11:57:07.751000,421.9644977111525,97
2024-09-19 11:57:07.762000,421.9467655923633,105
2024-09-19 11:57:07.801000,421.9089641111108,12
2024-09-19 11:57:07.849000,421.9322256706144,7
2024-09-19 11:57:07.874000,421.9284435136792,999
2024-09-19 11:57:08.031000,421.9383568649269,999
2024-09-19 11:57:08.037000,421.95449294583057,1005
2024-09-19 11:57:08.261000,421.9410490407912,105
2024-09-19 11:57:08.262000,421.9417250209971,15
2024-09-19 11:57:08.364000,421.9580770393734,998
2024-09-19 11:57:08.410000,421.944814103886,7
2024-09-19 11:57:08.434000,421.951594459032,12
2024-09-19 11:57:08.444000,421.962531132592,1004
2024-09-19 11:57:08.466000,421.9495364522623,8
2024-09-19 11:57:08.556000,421.96685505935847,97
2024-09-19 11:57:08.557000,421.94836909957326,1000
2024-09-19 11:57:08.591000,421.9577266861133,98
2024-09-19 11:57:08.593000,421.9657264306894,11
2024-09-19 11:57:08.683000,421.94522745116814,7
2024-09-19 11:57:08.781000,421.94056722772376,99
2024-09-19 11:57:08.817000,421.94060307166905,12
2024-09-19 11:57:08.877000,421.92572030289824,1004
2024-09-19 11:57:08.886000,421.9420284692366,13
2024-09-19 11:57:08.901000,421.93887438359457,105
2024-09-19 11:57:08.927000,421.9659935415439,97
2024-09-19 11:57:08.957000,421.9690114759141,996
2024-09-19 11:57:08.957000,421.95613753802667,12
2024-09-19 11:57:09.173000,421.9661961688277,1000
2024-09-19 11:57:09.182000,421.9338594116257,97
2024-09-19 11:57:09.273000,421.9626649258037,996
2024-09-19 11:57:09.395000,421.9320472350796,15
2024-09-19 11:57:09.822000,421.9683052640282,99
2024-09-19 11:57:09.828000,421.92759364505457,8
2024-09-19 11:57:09.833000,421.92058333081405,100
2024-09-19 11:57:09.894000,421.95613875059945,1003
2024-09-19 11:57:10.039000,421.9471630170914,1003
2024-09-19 11:57:10.107000,421.95165922308814,98
2024-09-19 11:57:10.304000,421.9446690919148,105
2024-09-19 11:57:10.536000,421.927899488001,12
2024-09-19 11:57:10.581000,421.9387855362439,11
2024-09-19 11:57:10.641000,421.907344027588,1003
2024-09-19 11:57:10.697000,421.90684465011736,8
2024-09-19 11:57:10.803000,421.9412805941752,100
2024-09-19 11:57:10.832000,421.9174493669844,101
2024-09-19 11:57:10.947000,421.9386367631896,996
2024-09-19 11:57:11.164000,421.957509884435,1005
2024-09-19 11:57:11.255000,421.9602121483798,15
2024-09-19 11:57:11.295000,421.9834135046584,1002
2024-09-19 11:57:11.297000,421.9704663820525,1002
2024-09-19 11:57:11.401000,421.98237611909184,14
2024-09-19 11:57:11.613000,421.97320979718495,104
2024-09-19 11:57:11.637000,421.9749715675172,12
2024-09-19 11:57:11.746000,421.95916920414027,10
2024-09-19 11:57:11.783000,421.9675095977478,12
2024-09-19 11:57:11.890000,421.974907042946,1003
2024-09-19 11:57:12.005000,421.9893153817467,996
2024-09-19 11:57:12.042000,422.0489276327031,105
2024-09-19 11:57:12.318000,422.01509845626913,1003
2024-09-19 11:57:12.323000,422.03354079726216,102
2024-09-19 11:57:12.548000,422.0272929759972,105
2024-09-19 11:57:12.671000,422.0302485249861,97
2024-09-19 11:57:12.676000,422.00699827723145,6
2024-09-19 11:57:12.696000,422.01438877029256,100
2024-09-19 11:57:12.752000,422.0248448424169,12
2024-09-19 11:57:12.822000,422.0269006947009,1001
2024-09-19 11:57:12.836000,422.0303492986644,6
2024-09-19 11:57:12.846000,422.0427222845225,100
2024-09-19 11:57:12.853000,422.0067451635818,995
2024-09-19 11:57:12.896000,422.01779991186254,10
2024-09-19 11:57:13.013000,422.0725273308183,104
2024-09-19 11:57:13.079000,422.0677616924255,11
2024-09-19 11:57:13.094000,422.0416372615269,10
2024-09-19 11:57:13.133000,422.0549025895495,10
2024-09-19 11:57:13.315000,422.0597210806964,999
2024-09-19 11:57:13.386000,422.05190508684063,1000
2024-09-19 11:57:13.511000,422.0690886918024,1003
2024-09-19 11:57:13.522000,422.0749657804059,8
2024-09-19 11:57:13.527000,422.0550295873455,1002
2024-09-19 11:57:13.552000,422.0338546695502,11
2024-09-19 11:57:13.562000,422.07910076563553,96
2024-09-19 11:57:13.693000,422.0919367832584,7
2024-09-19 11:57:13.732000,422.0855962968751,1004
2024-09-19 11:57:13.749000,422.0672674141142,999
2024-09-19 11:57:13.857000,422.0720980330889,101
2024-09-19 11:57:13.870000,422.0497534240472,104
2024-09-19 11:57:14.124000,422.0057794022983,10
2024-09-19 11:57:14.153000,421.9643565323043,10
2024-09-19 11:57:14.153000,421.9919443404243,5
2024-09-19 11:57:14.153000,422.05384741519725,8
2024-09-19 11:57:14.157000,422.010129349298,12
2024-09-19 11:57:14.176000,422.0598705327644,1001
2024-09-19 11:57:14.187000,422.06933064979256,1001
2024-09-19 11:57:14.206000,421.99211755135457,1002
2024-09-19 11:57:14.252000,422.0053498342757,100
2024-09-19 11:57:14.285000,422.0493336795818,6
2024-09-19 11:57:14.310000,422.0406043944565,1000
2024-09-19 11:57:14.359000,421.9941114317637,997
2024-09-19 11:57:14.376000,421.99472225939456,995
2024-09-19 11:57:14.438000,421.9740596351854,1002
2024-09-19 11:57:14.588000,422.0361276988591,13
2024-09-19 11:57:14.604000,421.9638836559849,997
2024-09-19 11:57:14.697000,422.04332331916976,997
2024-09-19 11:57:14.870000,422.0315430646072,995
2024-09-19 11:57:14.871000,422.0543231659884,98
2024-09-19 11:57:14.953000,422.0711196878271,95
2024-09-19 11:57:15.028000,422.0348731681312,11
2024-09-19 11:57:15.049000,421.99311989045793,1003
2024-09-19 11:57:15.068000,421.99537575020537,105
2024-09-19 11:57:15.210000,422.0036137091621,5
2024-09-19 11:57:15.310000,422.0174481367749,100
2024-09-19 11:57:15.507000,422.061321235254,9
2024-09-19 11:57:15.747000,422.0059403515788,1003
2024-09-19 11:57:15.936000,422.0528637998301,1004
2024-09-19 11:57:16.003000,422.0341956194772,98
2024-09-19 11:57:16.483000,422.0440285784885,105
2024-09-19 11:57:17.004000,421.9588729080066,95
2024-09-19 11:57:17.019000,422.0078172651786,8
2024-09-19 11:57:17.032000,422.0136003448387,999
2024-09-19 11:57:17.077000,422.0295683855292,99
2024-09-19 11:57:17.114000,422.028452037785,996
2024-09-19 11:57:17.152000,421.9768700195244,101
2024-09-19 11:57:17.391000,422.0035670854298,1004
2024-09-19 11:57:17.415000,421.9425917468877,99
2024-09-19 11:57:17.416000,422.0338288062785,8
2024-09-19 11:57:17.495000,421.9406711747579,1001
2024-09-19 11:57:17.505000,421.9858141421802,1003
2024-09-19 11:57:17.517000,422.0347241262117,10
2024-09-19 11:57:17.560000,422.0203592586869,104
2024-09-19 11:57:17.561000,422.01754504304034,6
2024-09-19 11:57:17.564000,422.0022276405054,9
2024-09-19 11:57:17.706000,422.01337446609926,105
2024-09-19 11:57:17.755000,422.02933482322567,998
2024-09-19 11:57:17.875000,421.96060433293496,100
2024-09-19 11:57:17.947000,422.0359236300049,13
2024-09-19 11:57:17.997000,422.04130500719367,8
2024-09-19 11:57:18.099000,421.9446502057958,995
2024-09-19 11:57:18.274000,421.9592479712593,9
2024-09-19 11:57:18.631000,421.9658642350816,11
2024-09-19 11:57:19.102000,421.98054116413874,996
2024-09-19 11:57:19.127000,421.9862300907943,1002
2024-09-19 11:57:19.155000,421.97163331008807,12
2024-09-19 11:57:19.156000,421.9597758745415,6
2024-09-19 11:57:19.158000,421.98534808778345,10
2024-09-19 11:57:19.186000,421.9932325235632,96
2024-09-19 11:57:19.193000,421.9699566001152,12
2024-09-19 11:57:19.224000,421.9830261695486,1004
2024-09-19 11:57:19.536000,421.9739884734433,1002
2024-09-19 11:57:19.569000,421.9751728367999,102
2024-09-19 11:57:19.606000,421.96631382186297,5
2024-09-19 11:57:19.622000,422.0018375386966,97
2024-09-19 11:57:19.632000,421.97888008566673,103
2024-09-19 11:57:19.681000,421.9791558028998,95
2024-09-19 11:57:19.708000,421.9679648225384,11
2024-09-19 11:57:19.782000,421.984589358404,11
2024-09-19 11:57:19.813000,421.97332340103895,11
2024-09-19 11:57:20.017000,422.0077897231837,998
2024-09-19 11:57:20.161000,421.99393837413993,104
2024-09-19 11:57:20.198000,422.0088223888256,104
2024-09-19 11:57:20.268000,422.001449579631,1004
2024-09-19 11:57:20.317000,422.0256095893756,10
2024-09-19 11:57:20.383000,422.0052297182618,6
2024-09-19 11:57:20.449000,422.0102145666313,999
2024-09-19 11:57:20.473000,422.0033372667933,10
2024-09-19 11:57:20.511000,422.0017052213107,998
2024-09-19 11:57:20.573000,421.9617110680928,96
2024-09-19 11:57:20.575000,422.0145957691941,5
2024-09-19 11:57:20.661000,422.0016522190541,98
2024-09-19 11:57:20.747000,422.0338609674315,996
2024-09-19 11:57:20.805000,421.9979500476134,999
2024-09-19 11:57:20.924000,422.00061731919993,11
2024-09-19 11:57:20.971000,422.0052619872574,5
2024-09-19 11:57:20.976000,421.9819177515653,7
2024-09-19 11:57:21.051000,421.9486021865849,6
2024-09-19 11:57:21.311000,421.9519320703288,1002
2024-09-19 11:57:21.438000,421.9290707885843,996
2024-09-19 11:57:21.470000,421.9476758949591,5
2024-09-19 11:57:21.742000,421.9363373520788,5
2024-09-19 11:57:21.770000,421.9148747535016,1003
2024-09-19 11:57:21.852000,421.92683322027335,995
2024-09-19 11:57:21.884000,421.9346545673801,1003
2024-09-19 11:57:21.888000,421.93808848654896,14
2024-09-19 11:57:22.009000,421.94044549011255,1003
2024-09-19 11:57:22.121000,421.9459837519048,14
2024-09-19 11:57:22.235000,421.9383372794442,1002
2024-09-19 11:57:22.270000,421.9492947418484,99
2024-09-19 11:57:22.344000,421.96213280622754,101
2024-09-19 11:57:22.419000,421.94503931237097,996
2024-09-19 11:57:22.473000,421.9233960790671,1000
2024-09-19 11:57:22.481000,421.9527281658449,97
2024-09-19 11:57:22.599000,421.96372181166913,1001
2024-09-19 11:57:22.654000,421.909663372658,1003
2024-09-19 11:57:22.799000,421.9679486557174,1000
2024-09-19 11:57:22.952000,421.9118846346584,102
2024-09-19 11:57:24.004000,421.9600006125126,1005
2024-09-19 11:57:24.173000,421.89654777372334,5
2024-09-19 11:57:24.453000,421.8829926662748,1001
2024-09-19 11:57:24.464000,421.8853467964527,99
2024-09-19 11:57:24.493000,421.8966406667928,1001
2024-09-19 11:57:24.534000,421.9181428659908,1002
2024-09-19 11:57:24.609000,421.9287734065485,996
2024-09-19 11:57:24.668000,421.9404136318251,105
2024-09-19 11:57:24.731000,421.8872783715372,7
2024-09-19 11:57:24.874000,421.9221671383901,101
2024-09-19 11:57:24.898000,421.91850138256007,96
2024-09-19 11:57:25.045000,421.91492621953887,96
2024-09-19 11:57:25.216000,421.9152617722132,100
2024-09-19 11:57:25.277000,421.91349799083815,97
2024-09-19 11:57:25.573000,421.91088915000375,105
2024-09-19 11:57:25.581000,421.88351262372186,13
2024-09-19 11:57:25.588000,421.9146630965661,95
2024-09-19 11:57:25.773000,421.8951810275462,100
2024-09-19 11:57:25.897000,421.92188009245,104
2024-09-19 11:57:25.903000,421.9281625138204,998
2024-09-19 11:57:25.964000,421.91436585293775,97
2024-09-19 11:57:26.087000,421.8624339651215,105
2024-09-19 11:57:26.230000,421.89717032285216,8
2024-09-19 11:57:26.280000,421.8895050027738,9
2024-09-19 11:57:26.288000,421.8220647643967,8
2024-09-19 11:57:26.301000,421.9070749111305,1002
2024-09-19 11:57:26.326000,421.8758820890392,1003
2024-09-19 11:57:26.329000,421.9121050873081,1004
2024-09-19 11:57:26.343000,421.8425055714271,15
2024-09-19 11:57:26.378000,421.8944648535387,95
2024-09-19 11:57:26.382000,421.9236443706453,1005
2024-09-19 11:57:26.387000,421.8768375652099,9
2024-09-19 11:57:26.411000,421.8756192143669,101
2024-09-19 11:57:26.415000,421.8918549004293,1004
2024-09-19 11:57:26.477000,421.8906234448558,996
2024-09-19 11:57:26.574000,421.9172906102729,999
2024-09-19 11:57:26.621000,421.8833357779153,96
2024-09-19 11:57:26.640000,421.8425220875154,12
2024-09-19 11:57:26.662000,421.84520262572414,1002
2024-09-19 11:57:26.746000,421.8386285347294,1001
2024-09-19 11:57:26.832000,421.8446993495295,1005
2024-09-19 11:57:26.855000,421.8886330857047,13
2024-09-19 11:57:26.914000,421.90588591394805,99
2024-09-19 11:57:27.212000,421.8237922285556,12
2024-09-19 11:57:27.363000,421.8245491798114,105
2024-09-19 11:57:27.626000,421.8318416390287,13
2024-09-19 11:57:27.683000,421.80941539869,6
2024-09-19 11:57:28.524000,421.8189288539477,5
2024-09-19 11:57:29.287000,421.8064235870717,97
2024-09-19 11:57:29.288000,421.7901203387362,6
2024-09-19 11:57:29.336000,421.8216411514878,99
2024-09-19 11:57:29.360000,421.8250518864592,103
2024-09-19 11:57:29.384000,421.8179046558914,1005
2024-09-19 11:57:29.558000,421.84354576184194,998
2024-09-19 11:57:29.571000,421.842256283404,15
2024-09-19 11:57:29.640000,421.82355323480175,9
2024-09-19 11:57:29.685000,421.8067368048169,13
2024-09-19 11:57:29.697000,421.8208301962447,999
2024-09-19 11:57:29.730000,421.8332180571216,103
2024-09-19 11:57:29.758000,421.8266443036593,96
2024-09-19 11:57:29.765000,421.838966915374,1001
2024-09-19 11:57:29.836000,421.82878896894624,95
2024-09-19 11:57:29.944000,421.8148947928844,12
2024-09-19 11:57:29.995000,421.8217998667352,1001
2024-09-19 11:57:30.022000,421.86631776205337,95
2024-09-19 11:57:30.059000,421.83559777278526,1005
2024-09-19 11:57:30.135000,421.8254002902625,104
2024-09-19 11:57:30.244000,421.8659440964784,1003
2024-09-19 11:57:30.247000,421.8650478085852,11
2024-09-19 11:57:30.588000,421.8562164348032,95
2024-09-19 11:57:30.607000,421.855080643717,12
2024-09-19 11:57:30.670000,421.84739533431207,15
2024-09-19 11:57:30.750000,421.82742203132415,7
2024-09-19 11:57:30.804000,421.8634816921924,1002
2024-09-19 11:57:30.815000,421.8598850625003,12
2024-09-19 11:57:30.885000,421.8523642887332,10
2024-09-19 11:57:30.885000,421.82910122470975,998
2024-09-19 11:57:30.926000,421.83029537511607,9
2024-09-19 11:57:30.984000,421.85166740917424,7
2024-09-19 11:57:31.060000,421.8037718445089,95
2024-09-19 11:57:31.125000,421.81492993298025,1005
2024-09-19 11:57:31.167000,421.8136088266029,9
2024-09-19 11:57:31.189000,421.8418534547556,5
2024-09-19 11:57:31.192000,421.8349416256231,102
2024-09-19 11:57:31.310000,421.8291596736208,1004
2024-09-19 11:57:31.358000,421.8092923378542,104
2024-09-19 11:57:31.439000,421.83676053876553,96
2024-09-19 11:57:31.454000,421.8522617961258,100
2024-09-19 11:57:31.538000,421.81484168412175,996
2024-09-19 11:57:31.689000,421.8140223378807,105
2024-09-19 11:57:31.741000,421.8429301591233,13
2024-09-19 11:57:31.748000,421.8293418331709,997
2024-09-19 11:57:31.799000,421.8057274107359,998
2024-09-19 11:57:31.818000,421.8224886576314,7
2024-09-19 11:57:31.829000,421.8408625775814,15
2024-09-19 11:57:31.888000,421.80519374578034,99
2024-09-19 11:57:31.905000,421.8260174126304,1002
2024-09-19 11:57:31.968000,421.8203096383047,997
2024-09-19 11:57:32.022000,421.83686528304617,998
2024-09-19 11:57:32.198000,421.81469846822034,997
2024-09-19 11:57:32.270000,421.7888588182232,14
2024-09-19 11:57:32.276000,421.8639164819106,999
2024-09-19 11:57:32.298000,421.8756007980862,98
2024-09-19 11:57:32.479000,421.8328511299212,1004
2024-09-19 11:57:32.551000,421.796577431217,10
2024-09-19 11:57:32.561000,421.8801583906352,1003
2024-09-19 11:57:32.644000,421.7888432671242,102
2024-09-19 11:57:32.689000,421.8328539689912,1005
2024-09-19 11:57:32.715000,421.8172933278245,99
2024-09-19 11:57:32.784000,421.8079729626824,11
2024-09-19 11:57:32.924000,421.78588100705576,102
2024-09-19 11:57:33.279000,421.8937832706473,12
2024-09-19 11:57:33.457000,421.88971860637344,99
2024-09-19 11:57:33.657000,421.8856387379435,97
2024-09-19 11:57:34.082000,421.9343440679544,6
2024-09-19 11:57:34.104000,421.8919867736097,98
2024-09-19 11:57:34.196000,421.9540254592328,97
2024-09-19 11:57:34.283000,421.9956080662302,101
2024-09-19 11:57:34.341000,421.970934495681,1002
2024-09-19 11:57:34.390000,421.9897367740065,103
2024-09-19 11:57:34.460000,421.9832993724838,103
2024-09-19 11:57:34.493000,421.9139176333025,995
2024-09-19 11:57:34.500000,421.9682712555794,7
2024-09-19 11:57:34.506000,421.9284929869707,8
2024-09-19 11:57:34.571000,421.9339863723479,996
2024-09-19 11:57:34.599000,421.97652081369273,1005
2024-09-19 11:57:34.687000,421.9691979021866,1000
2024-09-19 11:57:34.715000,421.9623044024301,996
2024-09-19 11:57:34.769000,421.9522951072824,1003
2024-09-19 11:57:34.801000,421.9815522410673,13
2024-09-19 11:57:34.879000,421.9392595825473,12
2024-09-19 11:57:34.891000,421.9253915838504,95
2024-09-19 11:57:34.953000,421.9454207968853,996
2024-09-19 11:57:35.022000,421.9541226662496,995
2024-09-19 11:57:35.369000,421.9256623715584,12
2024-09-19 11:57:35.422000,421.9650861939898,14
2024-09-19 11:57:35.489000,421.967186871861,1000
2024-09-19 11:57:35.691000,421.9765485075078,8
2024-09-19 11:57:35.704000,421.966448893393,13
2024-09-19 11:57:35.832000,421.9465520806164,10
2024-09-19 11:57:35.870000,421.9532189924792,105
2024-09-19 11:57:35.883000,421.95421836413874,11
2024-09-19 11:57:35.931000,421.9493767452576,996
2024-09-19 11:57:36.003000,421.9565297634495,99
2024-09-19 11:57:36.013000,421.9400859024627,105
2024-09-19 11:57:36.049000,421.9220748832291,101
2024-09-19 11:57:36.095000,421.9490725974064,1005
2024-09-19 11:57:36.190000,421.9203727186686,10
2024-09-19 11:57:36.194000,421.9245698354932,103
2024-09-19 11:57:36.302000,421.93876483722056,995
2024-09-19 11:57:36.391000,421.91650735837766,995
2024-09-19 11:57:36.406000,421.9361902896548,6
2024-09-19 11:57:36.448000,421.9673044660297,105
2024-09-19 11:57:36.458000,421.935599336432,1001
2024-09-19 11:57:36.465000,421.9511593734225,8
2024-09-19 11:57:36.558000,421.924280364473,95
2024-09-19 11:57:36.602000,421.9472546231251,11
2024-09-19 11:57:36.624000,421.9592193654077,9
2024-09-19 11:57:36.682000,421.94216287944624,96
2024-09-19 11:57:36.703000,421.9601891551338,999
2024-09-19 11:57:36.730000,421.914819790797,995
2024-09-19 11:57:36.789000,421.93286844895886,101
2024-09-19 11:57:36.800000,421.9476067889778,11
2024-09-19 11:57:36.830000,421.9419097970341,98
2024-09-19 11:57:36.941000,421.9343508579885,98
2024-09-19 11:57:38.091000,421.9926144237435,15
2024-09-19 11:57:38.197000,421.914842455201,10
2024-09-19 11:57:38.345000,421.9831718279704,9
2024-09-19 11:57:38.409000,421.9159299453571,98
2024-09-19 11:57:38.571000,421.9711755192324,1003
2024-09-19 11:57:38.624000,421.9661510325505,997
2024-09-19 11:57:38.788000,421.95676900825583,997
2024-09-19 11:57:38.800000,421.9440068470018,15
2024-09-19 11:57:38.881000,421.9522329153098,1005
2024-09-19 11:57:39,421.946045504517,7
2024-09-19 11:57:39.016000,421.9184062980704,103
2024-09-19 11:57:39.037000,421.9432901741854,998
2024-09-19 11:57:39.140000,421.958301845202,96
2024-09-19 11:57:39.164000,421.9565340844904,1001
2024-09-19 11:57:39.315000,421.9293880512311,105
2024-09-19 11:57:39.372000,421.9325803750596,101
2024-09-19 11:57:39.484000,421.9478301167304,996
2024-09-19 11:57:39.519000,421.9532661934069,1002
2024-09-19 11:57:39.562000,421.9323925282822,996
2024-09-19 11:57:39.570000,421.9413458746355,1003
2024-09-19 11:57:39.645000,421.9588306478659,98
2024-09-19 11:57:39.684000,421.9665533503436,5
2024-09-19 11:57:39.887000,421.9474921432901,12
2024-09-19 11:57:39.931000,421.9495549451255,95
2024-09-19 11:57:39.997000,421.91218621581226,9
2024-09-19 11:57:40.053000,421.9690862035545,1004
2024-09-19 11:57:40.054000,421.94914889718007,1003
2024-09-19 11:57:40.128000,421.95703135765314,95
2024-09-19 11:57:40.340000,421.9748277746787,999
2024-09-19 11:57:40.425000,421.96005074966166,1004
2024-09-19 11:57:40.471000,421.96552614656014,12
2024-09-19 11:57:40.634000,421.95513477440727,1005
2024-09-19 11:57:40.654000,421.95273834340526,95
2024-09-19 11:57:40.666000,421.952931968411,9
2024-09-19 11:57:40.681000,421.9456856946241,14
2024-09-19 11:57:40.733000,421.9554697090156,104
2024-09-19 11:57:40.743000,421.9508022458573,7
2024-09-19 11:57:40.777000,421.970211229012,12
2024-09-19 11:57:40.991000,421.9646623291629,14
2024-09-19 11:57:41.073000,421.98587773552526,12
2024-09-19 11:57:41.144000,421.99643135672056,11
2024-09-19 11:57:41.195000,421.9941455950823,11
2024-09-19 11:57:41.254000,421.98071998786907,1004
2024-09-19 11:57:41.310000,422.0047864295132,13
2024-09-19 11:57:41.435000,421.9582407537112,105
2024-09-19 11:57:41.450000,421.957600312682,103
2024-09-19 11:57:41.506000,422.0099856628286,8
2024-09-19 11:57:41.578000,421.9796250550751,12
2024-09-19 11:57:41.595000,421.9712362402675,101
2024-09-19 11:57:41.752000,421.9792626742838,103
2024-09-19 11:57:41.775000,421.9826034664199,98
2024-09-19 11:57:41.874000,422.0115055108038,105
2024-09-19 11:57:41.898000,421.9666955360647,105
2024-09-19 11:57:41.902000,422.0061249286496,98
2024-09-19 11:57:41.933000,421.9801947874273,11
2024-09-19 11:57:42.020000,422.0810416584573,101
2024-09-19 11:57:42.030000,422.0219416468273,9
2024-09-19 11:57:42.058000,422.03594805731024,104
2024-09-19 11:57:42.091000,422.039657239982,1004
2024-09-19 11:57:42.182000,422.0580349821503,97
2024-09-19 11:57:42.206000,422.034707142889,8
2024-09-19 11:57:42.295000,422.0517055803261,998
2024-09-19 11:57:42.393000,422.0465028698069,13
2024-09-19 11:57:42.435000,422.0674132233463,13
2024-09-19 11:57:42.485000,422.0456456121421,15
2024-09-19 11:57:42.496000,422.0710028898076,102
2024-09-19 11:57:42.542000,422.0577075617194,105
2024-09-19 11:57:42.550000,422.0787954169909,104
2024-09-19 11:57:42.551000,422.057561514579,12
2024-09-19 11:57:42.566000,422.0660725809631,1002
2024-09-19 11:57:42.576000,422.02601788074486,8
2024-09-19 11:57:42.596000,422.0627408044393,1003
2024-09-19 11:57:42.610000,422.0704121825848,105
2024-09-19 11:57:42.617000,422.0034499633479,995
2024-09-19 11:57:42.675000,422.04770796694186,5
2024-09-19 11:57:42.739000,422.0405344941923,105
2024-09-19 11:57:42.806000,422.0490696562538,95
2024-09-19 11:57:42.811000,422.0470204076891,99
2024-09-19 11:57:42.820000,422.0740932346905,7
2024-09-19 11:57:43.114000,422.0347086936031,96
2024-09-19 11:57:43.384000,422.0503039891503,997
2024-09-19 11:57:43.632000,422.0296541810084,95
2024-09-19 11:57:44.255000,422.0712146019966,998
2024-09-19 11:57:44.282000,422.0546977240938,10
2024-09-19 11:57:44.379000,422.03624306561807,6
2024-09-19 11:57:44.838000,422.052526692808,6
2024-09-19 11:57:44.904000,422.0411949173457,1003
2024-09-19 11:57:45.082000,422.0170327959364,103
2024-09-19 11:57:46.008000,422.06371982432165,11
2024-09-19 11:57:46.353000,422.0487329257488,7
2024-09-19 11:57:46.407000,422.0199864067545,7
2024-09-19 11:57:46.416000,422.0434679590591,1004
2024-09-19 11:57:46.429000,422.0700579291711,103
2024-09-19 11:57:46.494000,422.0230900561564,1001
2024-09-19 11:57:46.529000,422.0344252772607,1005
2024-09-19 11:57:46.689000,422.0457157890696,998
2024-09-19 11:57:46.781000,422.02331161055247,1004
2024-09-19 11:57:46.788000,422.0493377037912,102
2024-09-19 11:57:46.899000,422.0317068525707,1005
2024-09-19 11:57:46.904000,422.0279206615892,10
2024-09-19 11:57:47.011000,422.10187428348286,998
2024-09-19 11:57:47.025000,422.07152179255183,998
2024-09-19 11:57:47.032000,422.1130434617054,9
2024-09-19 11:57:47.032000,422.09577071528486,12
2024-09-19 11:57:47.078000,422.0773792456816,1001
2024-09-19 11:57:47.148000,422.1078650358154,999
2024-09-19 11:57:47.170000,422.0755879691628,104
2024-09-19 11:57:47.193000,422.09281223942463,104
2024-09-19 11:57:47.219000,422.0719740618432,102
2024-09-19 11:57:47.238000,422.0695393775926,9
2024-09-19 11:57:47.253000,422.09338542303976,995
2024-09-19 11:57:47.253000,422.0993703285907,14
2024-09-19 11:57:47.258000,422.08521106659873,996
2024-09-19 11:57:47.315000,422.1238445992354,999
2024-09-19 11:57:47.331000,422.0690113343595,995
2024-09-19 11:57:47.356000,422.1063671258865,104
2024-09-19 11:57:47.527000,422.0841803277261,998
2024-09-19 11:57:47.642000,422.0766851614423,5
2024-09-19 11:57:47.664000,422.10282806617016,13
2024-09-19 11:57:47.709000,422.0986122715304,13
2024-09-19 11:57:47.762000,422.0881947892779,101
2024-09-19 11:57:47.802000,422.0832353542989,999
2024-09-19 11:57:47.819000,422.084156677721,101
2024-09-19 11:57:47.844000,422.0960600306777,15
2024-09-19 11:57:47.866000,422.0921605695968,104
2024-09-19 11:57:47.995000,422.1043855041339,13
2024-09-19 11:57:48.257000,422.073871814567,5
2024-09-19 11:57:49.044000,422.0660026203197,95
2024-09-19 11:57:49.139000,422.0399252781614,103
2024-09-19 11:57:49.158000,422.10045540871454,7
2024-09-19 11:57:49.368000,422.05310431448896,101
2024-09-19 11:57:49.375000,422.0287145197456,101
2024-09-19 11:57:49.440000,422.0879474478878,101
2024-09-19 11:57:49.833000,422.0879114784072,1001
2024-09-19 11:57:49.850000,422.0541331196223,7
2024-09-19 11:57:49.872000,422.05688378949134,1000
2024-09-19 11:57:49.881000,422.1072056998751,105
2024-09-19 11:57:49.883000,422.0485912243381,105
2024-09-19 11:57:49.919000,422.0547910234608,995
2024-09-19 11:57:50.132000,422.0886745832085,15
2024-09-19 11:57:50.305000,422.08896732883176,103
2024-09-19 11:57:50.577000,422.1027620080574,101
2024-09-19 11:57:50.596000,422.1015806895277,102
2024-09-19 11:57:50.596000,422.034858677419,999
2024-09-19 11:57:50.673000,422.0786367269646,7
2024-09-19 11:57:50.711000,422.0615090160616,1004
2024-09-19 11:57:50.724000,422.09760859288326,12
2024-09-19 11:57:50.724000,422.0682250865566,997
2024-09-19 11:57:50.832000,422.0946239103865,104
2024-09-19 11:57:50.864000,422.1146422631149,98
2024-09-19 11:57:50.889000,422.040655846268,101
2024-09-19 11:57:50.959000,422.0986223097494,95
2024-09-19 11:57:50.973000,422.0428858092733,1005
2024-09-19 11:57:51.009000,422.04943999646287,1000
2024-09-19 11:57:51.052000,422.0588197064497,1002
2024-09-19 11:57:51.129000,422.04738729757935,1005
2024-09-19 11:57:51.223000,422.0696202820731,13
2024-09-19 11:57:51.228000,422.0562669775746,1001
2024-09-19 11:57:51.252000,422.0669601347482,12
2024-09-19 11:57:51.257000,422.0603696536471,997
2024-09-19 11:57:51.259000,422.0390222862033,100
2024-09-19 11:57:51.317000,422.0660634766026,15
2024-09-19 11:57:51.351000,422.0556040417392,100
2024-09-19 11:57:51.384000,422.0464364280015,1004
2024-09-19 11:57:51.415000,422.0513870190786,14
2024-09-19 11:57:51.453000,422.05666737951134,1004
2024-09-19 11:57:51.462000,422.047844633036,98
2024-09-19 11:57:51.468000,422.0431704145448,1003
2024-09-19 11:57:51.619000,422.0490697048396,105
2024-09-19 11:57:51.646000,422.0631465845551,98
2024-09-19 11:57:51.651000,422.0621170820294,1002
2024-09-19 11:57:51.655000,422.0663711059963,1002
2024-09-19 11:57:51.725000,422.0631001329594,96
2024-09-19 11:57:51.735000,422.05919494118746,9
2024-09-19 11:57:51.772000,422.0670887301737,999
2024-09-19 11:57:51.780000,422.0470877513341,99
2024-09-19 11:57:51.806000,422.0473779266729,99
2024-09-19 11:57:51.910000,422.0304596353985,995
2024-09-19 11:57:51.941000,422.0646125744347,95
2024-09-19 11:57:51.969000,422.05831946209673,10
2024-09-19 11:57:51.993000,422.0391016784607,95
2024-09-19 11:57:52.028000,422.0874053471469,1001
2024-09-19 11:57:52.057000,422.1064716359932,996
2024-09-19 11:57:52.064000,422.1173019375862,999
2024-09-19 11:57:52.238000,422.0681240050152,1005
2024-09-19 11:57:52.302000,422.1097295575792,11
2024-09-19 11:57:52.312000,422.1106214546521,96
2024-09-19 11:57:52.325000,422.058453639374,14
2024-09-19 11:57:52.357000,422.1098603816524,1003
2024-09-19 11:57:52.359000,422.1140445288592,95
2024-09-19 11:57:52.660000,422.12060072453625,103
2024-09-19 11:57:52.789000,422.12581036606616,998
2024-09-19 11:57:52.808000,422.0407391074778,102
2024-09-19 11:57:52.835000,422.10691184410456,996
2024-09-19 11:57:52.856000,422.1453955708944,13
2024-09-19 11:57:52.857000,422.12553641599305,104
2024-09-19 11:57:52.910000,422.06615808036304,13
2024-09-19 11:57:52.976000,422.1014393146663,999
2024-09-19 11:57:53.052000,422.06527299804446,7
2024-09-19 11:57:53.076000,422.13698328657625,105
2024-09-19 11:57:53.269000,422.1081171096913,10
2024-09-19 11:57:53.278000,422.07445387116906,12
2024-09-19 11:57:53.317000,422.14828061478585,101
2024-09-19 11:57:53.330000,422.1339273704399,15
2024-09-19 11:57:53.395000,422.05462425924657,1005
2024-09-19 11:57:53.652000,422.1203328413565,104
2024-09-19 11:57:53.845000,422.11254688757793,995
2024-09-19 11:57:54.086000,422.074401603368,1000
2024-09-19 11:57:54.623000,422.076002046961,11
2024-09-19 11:57:54.725000,422.0640392403944,99
2024-09-19 11:57:55.011000,422.1301470775971,11
2024-09-19 11:57:55.022000,422.1184317979727,10
2024-09-19 11:57:55.176000,422.11844967288624,998
2024-09-19 11:57:55.189000,422.1537136096816,10
2024-09-19 11:57:55.228000,422.115896952068,13
2024-09-19 11:57:55.240000,422.1533845325481,5
2024-09-19 11:57:55.309000,422.09167000733,995
2024-09-19 11:57:55.337000,422.167508276554,99
2024-09-19 11:57:55.416000,422.1252781467157,102
2024-09-19 11:57:55.431000,422.1626316671277,103
2024-09-19 11:57:55.468000,422.12144157779113,99
2024-09-19 11:57:55.488000,422.14176329388414,996
2024-09-19 11:57:55.528000,422.1445276697603,1001
2024-09-19 11:57:55.545000,422.13326260224096,100
2024-09-19 11:57:55.585000,422.1470860518821,12
2024-09-19 11:57:55.607000,422.1284325761488,997
2024-09-19 11:57:55.647000,422.1364869078951,1000
2024-09-19 11:57:55.673000,422.0886109045211,13
2024-09-19 11:57:55.686000,422.1377473773972,97
2024-09-19 11:57:55.732000,422.131574293247,14
2024-09-19 11:57:55.739000,422.1192522035208,11
2024-09-19 11:57:55.814000,422.138393724776,12
2024-09-19 11:57:55.899000,422.125325812086,10
2024-09-19 11:57:55.913000,422.1305515943032,5
2024-09-19 11:57:55.921000,422.1031160162445,103
2024-09-19 11:57:55.962000,422.1200712660951,103
2024-09-19 11:57:55.988000,422.13130761671954,97
2024-09-19 11:57:56.100000,422.1520994831516,7
2024-09-19 11:57:56.122000,422.1493057766072,1003
2024-09-19 11:57:56.142000,422.1779949783258,7
2024-09-19 11:57:56.157000,422.1683014096529,8
2024-09-19 11:57:56.195000,422.16549617894026,95
2024-09-19 11:57:56.201000,422.17239234668193,9
2024-09-19 11:57:56.233000,422.16717087637846,12
2024-09-19 11:57:56.238000,422.15081960699627,95
2024-09-19 11:57:56.257000,422.1300750476498,7
2024-09-19 11:57:56.276000,422.1472242435688,996
2024-09-19 11:57:56.300000,422.1325609027722,98
2024-09-19 11:57:56.354000,422.1640135947404,15
2024-09-19 11:57:56.412000,422.166268786629,996
2024-09-19 11:57:56.533000,422.1675082682664,10
2024-09-19 11:57:56.545000,422.1383052264013,997
2024-09-19 11:57:56.586000,422.1697315708916,13
2024-09-19 11:57:56.600000,422.16193215360016,9
2024-09-19 11:57:56.606000,422.1329486379772,12
2024-09-19 11:57:56.607000,422.142955380477,7
2024-09-19 11:57:56.662000,422.1423919671913,105
2024-09-19 11:57:56.910000,422.1413432314394,1000
2024-09-19 11:57:56.934000,422.1480832281264,11
2024-09-19 11:57:56.955000,422.1515385663051,13
2024-09-19 11:57:56.972000,422.16645626290045,96
2024-09-19 11:57:57.061000,422.116298725888,13
2024-09-19 11:57:57.100000,422.1152434458992,95
2024-09-19 11:57:57.106000,422.12201161253455,100
2024-09-19 11:57:57.143000,422.1323772865032,12
2024-09-19 11:57:57.243000,422.1505441528217,1004
2024-09-19 11:57:57.282000,422.1666502638916,1001
2024-09-19 11:57:57.401000,422.1145464555275,1001
2024-09-19 11:57:57.443000,422.13358794742953,101
2024-09-19 11:57:57.462000,422.0927298114324,11
2024-09-19 11:57:57.620000,422.1253022300184,12
2024-09-19 11:57:57.716000,422.1065360889128,9
2024-09-19 11:57:57.813000,422.1107828272384,6
2024-09-19 11:57:57.977000,422.1377978630717,96
2024-09-19 11:57:58.018000,422.18086247404926,12
2024-09-19 11:57:58.055000,422.1394720299337,997
2024-09-19 11:57:58.125000,422.1356834400671,6
2024-09-19 11:57:58.141000,422.1702320517209,8
2024-09-19 11:57:58.157000,422.14079721059176,100
2024-09-19 11:57:58.165000,422.1946757856935,1001
2024-09-19 11:57:58.187000,422.1882945226681,8
2024-09-19 11:57:58.231000,422.1780632945884,11
2024-09-19 11:57:58.231000,422.1417142257615,997
2024-09-19 11:57:58.242000,422.146731424552,103
2024-09-19 11:57:58.303000,422.1423419880456,995
2024-09-19 11:57:58.380000,422.1428019994996,100
2024-09-19 11:57:58.686000,422.1624443531159,996
2024-09-19 11:57:58.764000,422.2115997963601,95
2024-09-19 11:57:58.766000,422.17285001651385,1005
2024-09-19 11:57:58.814000,422.192384314526,1005
2024-09-19 11:57:58.861000,422.1981435100926,103
2024-09-19 11:57:58.861000,422.1579036410241,99
2024-09-19 11:57:58.967000,422.1820149175956,96
2024-09-19 11:57:59.073000,422.1962772714809,5
2024-09-19 11:57:59.084000,422.2607027314951,15
2024-09-19 11:57:59.147000,422.2035791123898,104
2024-09-19 11:57:59.173000,422.2094904923844,14
2024-09-19 11:57:59.188000,422.2430409956884,999
2024-09-19 11:57:59.249000,422.24782919449206,996
2024-09-19 11:57:59.443000,422.2551842403846,14
2024-09-19 11:57:59.534000,422.2339035491704,998
2024-09-19 11:57:59.827000,422.20611344021097,96
2024-09-19 11:57:59.831000,422.2560773385241,9
2024-09-19 11:57:59.843000,422.206003070941,1004
2024-09-19 11:57:59.852000,422.2105694210735,105
2024-09-19 11:57:59.854000,422.211157578424,1004
2024-09-19 11:57:59.908000,422.2045954210292,102
