Timestamp,Price,Size
2024-09-18 14:16:00.104000,414.6875953338978,13
2024-09-18 14:16:00.139000,414.6615436886643,103
2024-09-18 14:16:00.175000,414.6249240458186,5
2024-09-18 14:16:00.231000,414.6069500289784,995
2024-09-18 14:16:00.268000,414.6430506098993,5
2024-09-18 14:16:00.279000,414.6215667031586,7
2024-09-18 14:16:00.320000,414.6229035014147,104
2024-09-18 14:16:00.400000,414.6979582145098,1000
2024-09-18 14:16:00.504000,414.6093155368538,98
2024-09-18 14:16:00.648000,414.6395886301651,9
2024-09-18 14:16:00.687000,414.5919569883972,98
2024-09-18 14:16:00.702000,414.6310225999368,13
2024-09-18 14:16:00.777000,414.6296815251533,999
2024-09-18 14:16:00.789000,414.6682624539412,105
2024-09-18 14:16:00.800000,414.6094777515666,103
2024-09-18 14:16:00.816000,414.6750360985248,99
2024-09-18 14:16:00.883000,414.5829180170589,99
2024-09-18 14:16:00.924000,414.6797574820026,6
2024-09-18 14:16:00.948000,414.6054614827303,14
2024-09-18 14:16:00.958000,414.643247773316,104
2024-09-18 14:16:00.982000,414.69427996527975,999
2024-09-18 14:16:00.983000,414.6732948192756,6
2024-09-18 14:16:01.025000,414.6789857515489,1005
2024-09-18 14:16:01.043000,414.6675770748491,105
2024-09-18 14:16:01.076000,414.6669582772183,8
2024-09-18 14:16:01.153000,414.6872056876357,102
2024-09-18 14:16:01.183000,414.67358155339457,95
2024-09-18 14:16:01.278000,414.67255547178286,105
2024-09-18 14:16:01.294000,414.665283742902,100
2024-09-18 14:16:01.309000,414.6749998904602,998
2024-09-18 14:16:01.332000,414.6678250701175,100
2024-09-18 14:16:01.451000,414.7023851531804,103
2024-09-18 14:16:01.573000,414.64568130193896,95
2024-09-18 14:16:01.649000,414.674028151991,13
2024-09-18 14:16:01.726000,414.6833480293269,7
2024-09-18 14:16:01.780000,414.64851114794845,7
2024-09-18 14:16:01.848000,414.6809396390359,105
2024-09-18 14:16:01.907000,414.65285256019,98
2024-09-18 14:16:02.012000,414.7398352181325,13
2024-09-18 14:16:02.194000,414.73942572243135,5
2024-09-18 14:16:02.212000,414.75065329876776,1002
2024-09-18 14:16:02.460000,414.7019416620317,99
2024-09-18 14:16:02.569000,414.7401788223875,101
2024-09-18 14:16:02.623000,414.7059388967936,1001
2024-09-18 14:16:02.693000,414.7290902305352,102
2024-09-18 14:16:02.723000,414.7059865366085,1003
2024-09-18 14:16:02.730000,414.6971146135773,11
2024-09-18 14:16:03.009000,414.76835940919744,15
2024-09-18 14:16:03.103000,414.73497097295433,102
2024-09-18 14:16:03.118000,414.7563005293151,11
2024-09-18 14:16:03.172000,414.73745780213903,99
2024-09-18 14:16:03.213000,414.7517129732964,1003
2024-09-18 14:16:03.340000,414.73549963674895,6
2024-09-18 14:16:03.481000,414.7378273814547,996
2024-09-18 14:16:03.481000,414.72215805363055,103
2024-09-18 14:16:03.529000,414.7451053341843,102
2024-09-18 14:16:03.557000,414.7682849372544,95
2024-09-18 14:16:03.772000,414.7590530674797,97
2024-09-18 14:16:03.812000,414.7490396454968,9
2024-09-18 14:16:03.837000,414.7326306937334,104
2024-09-18 14:16:03.979000,414.7479385123908,99
2024-09-18 14:16:04.293000,414.7498358679275,9
2024-09-18 14:16:04.300000,414.7427466316944,102
2024-09-18 14:16:04.368000,414.7626103581718,15
2024-09-18 14:16:04.474000,414.75511021825,995
2024-09-18 14:16:04.739000,414.7434660179114,995
2024-09-18 14:16:04.750000,414.752606439892,1001
2024-09-18 14:16:04.861000,414.7565373083296,1003
2024-09-18 14:16:04.885000,414.7465751904117,104
2024-09-18 14:16:05.134000,414.7635113768283,1001
2024-09-18 14:16:05.290000,414.7646014212969,9
2024-09-18 14:16:05.400000,414.72375492327456,1000
2024-09-18 14:16:05.441000,414.7441518617038,998
2024-09-18 14:16:05.501000,414.7061935259945,999
2024-09-18 14:16:05.632000,414.7159046613143,1002
2024-09-18 14:16:05.673000,414.7357772289365,14
2024-09-18 14:16:05.814000,414.7423616854688,12
2024-09-18 14:16:05.837000,414.7500594972111,100
2024-09-18 14:16:05.999000,414.7310067973368,10
2024-09-18 14:16:06.182000,414.6332273246577,99
2024-09-18 14:16:06.215000,414.6173633807194,9
2024-09-18 14:16:06.252000,414.6715151931082,100
2024-09-18 14:16:06.348000,414.7161692691112,95
2024-09-18 14:16:06.400000,414.6438667370311,104
2024-09-18 14:16:06.427000,414.635098335218,7
2024-09-18 14:16:06.436000,414.6778979722232,13
2024-09-18 14:16:06.442000,414.6299919579898,1000
2024-09-18 14:16:06.497000,414.7122750091645,1003
2024-09-18 14:16:06.506000,414.62914086898695,995
2024-09-18 14:16:06.598000,414.69634594884377,1005
2024-09-18 14:16:06.639000,414.7039061037769,10
2024-09-18 14:16:06.673000,414.7124032025841,999
2024-09-18 14:16:06.696000,414.6775571511191,999
2024-09-18 14:16:06.702000,414.6563887129727,12
2024-09-18 14:16:06.722000,414.6385052281282,14
2024-09-18 14:16:06.765000,414.7122916935194,96
2024-09-18 14:16:06.888000,414.65911806520944,9
2024-09-18 14:16:06.902000,414.7129164162912,11
2024-09-18 14:16:06.905000,414.65760552155456,97
2024-09-18 14:16:06.919000,414.6702713472631,9
2024-09-18 14:16:06.950000,414.7022037174939,1005
2024-09-18 14:16:06.975000,414.6609229807999,1005
2024-09-18 14:16:08.075000,414.640740183153,12
2024-09-18 14:16:08.101000,414.6059572100468,99
2024-09-18 14:16:08.234000,414.62897574647945,14
2024-09-18 14:16:08.248000,414.6497279248462,95
2024-09-18 14:16:08.269000,414.6236597431755,1000
2024-09-18 14:16:08.642000,414.61687755265393,15
2024-09-18 14:16:08.688000,414.6531790387618,1000
2024-09-18 14:16:08.715000,414.62109946628686,1003
2024-09-18 14:16:08.755000,414.6103329226274,996
2024-09-18 14:16:08.869000,414.6064070662285,7
2024-09-18 14:16:10.036000,414.6003846479129,1004
2024-09-18 14:16:10.061000,414.52705337690224,7
2024-09-18 14:16:10.061000,414.5513906001529,13
2024-09-18 14:16:10.064000,414.56815259180377,995
2024-09-18 14:16:10.219000,414.52315872549343,6
2024-09-18 14:16:10.237000,414.5489238848264,1001
2024-09-18 14:16:10.237000,414.52115345477006,11
2024-09-18 14:16:10.275000,414.6054935338989,995
2024-09-18 14:16:10.378000,414.6209797872015,101
2024-09-18 14:16:10.403000,414.6183374352911,95
2024-09-18 14:16:10.415000,414.61066409377736,95
2024-09-18 14:16:10.483000,414.6050301099331,996
2024-09-18 14:16:10.485000,414.63609216940887,99
2024-09-18 14:16:10.588000,414.5411166152142,102
2024-09-18 14:16:10.634000,414.5266560663964,997
2024-09-18 14:16:10.676000,414.5266250384167,102
2024-09-18 14:16:10.696000,414.640041163928,10
2024-09-18 14:16:10.711000,414.5507649296866,103
2024-09-18 14:16:10.727000,414.5475081555845,999
2024-09-18 14:16:10.751000,414.5378300764231,1005
2024-09-18 14:16:10.764000,414.62409378693536,1000
2024-09-18 14:16:10.776000,414.60712134982793,1000
2024-09-18 14:16:10.800000,414.6259801664976,95
2024-09-18 14:16:10.837000,414.6373816759774,5
2024-09-18 14:16:10.848000,414.535432686107,1002
2024-09-18 14:16:10.852000,414.6219583981701,7
2024-09-18 14:16:10.859000,414.63384184171815,1003
2024-09-18 14:16:10.923000,414.5381894347626,105
2024-09-18 14:16:10.999000,414.5891559992662,1005
2024-09-18 14:16:11.016000,414.5275977810601,10
2024-09-18 14:16:11.057000,414.5434108147205,1002
2024-09-18 14:16:11.226000,414.53255012984334,12
2024-09-18 14:16:11.480000,414.5387429906271,103
2024-09-18 14:16:12.023000,414.5617758535438,998
2024-09-18 14:16:12.097000,414.5252952460576,1002
2024-09-18 14:16:12.105000,414.5619383887513,8
2024-09-18 14:16:12.223000,414.55073929264864,95
2024-09-18 14:16:12.239000,414.5177003227636,104
2024-09-18 14:16:12.323000,414.53641890821314,1003
2024-09-18 14:16:12.344000,414.55147292406815,997
2024-09-18 14:16:12.397000,414.52514828544014,100
2024-09-18 14:16:12.400000,414.5293086941681,95
2024-09-18 14:16:12.521000,414.5198268819937,15
2024-09-18 14:16:12.759000,414.5350174713477,8
2024-09-18 14:16:12.773000,414.51909387010056,5
2024-09-18 14:16:12.831000,414.52507273353393,104
2024-09-18 14:16:12.855000,414.534135312337,13
2024-09-18 14:16:12.953000,414.5353347585417,995
2024-09-18 14:16:12.989000,414.5504800064148,14
2024-09-18 14:16:14.050000,414.6149876592782,9
2024-09-18 14:16:14.054000,414.5973016913919,1003
2024-09-18 14:16:14.201000,414.59586545910304,102
2024-09-18 14:16:14.235000,414.5973367749149,10
2024-09-18 14:16:14.378000,414.57995619872617,1003
2024-09-18 14:16:14.573000,414.5938959563529,10
2024-09-18 14:16:14.574000,414.5918318612488,99
2024-09-18 14:16:14.806000,414.60129924251765,997
2024-09-18 14:16:14.809000,414.6059759973122,995
2024-09-18 14:16:15.041000,414.59823991474383,95
2024-09-18 14:16:15.134000,414.56635572288593,103
2024-09-18 14:16:15.169000,414.6391882586721,1002
2024-09-18 14:16:15.273000,414.596209481176,995
2024-09-18 14:16:15.302000,414.59732959746106,999
2024-09-18 14:16:15.488000,414.60207417706937,95
2024-09-18 14:16:15.494000,414.6355210283784,1003
2024-09-18 14:16:15.545000,414.6001177202194,5
2024-09-18 14:16:15.570000,414.6455543320413,103
2024-09-18 14:16:15.571000,414.6043163613202,15
2024-09-18 14:16:15.572000,414.59969575484695,95
2024-09-18 14:16:15.681000,414.59280704775193,1004
2024-09-18 14:16:15.740000,414.5740062822251,9
2024-09-18 14:16:15.748000,414.6125967281408,97
2024-09-18 14:16:15.762000,414.60637746298187,103
2024-09-18 14:16:15.789000,414.583794855843,98
2024-09-18 14:16:15.811000,414.59817187686497,97
2024-09-18 14:16:15.829000,414.57563425633583,98
2024-09-18 14:16:15.924000,414.5966107212994,997
2024-09-18 14:16:15.930000,414.633046229095,14
2024-09-18 14:16:15.955000,414.6330794800496,104
2024-09-18 14:16:15.964000,414.5936108542021,1002
2024-09-18 14:16:15.975000,414.6422539680786,10
2024-09-18 14:16:15.985000,414.623023288221,15
2024-09-18 14:16:15.988000,414.5611925895449,100
2024-09-18 14:16:15.989000,414.64196972856746,14
2024-09-18 14:16:16.363000,414.6676588817158,1002
2024-09-18 14:16:16.396000,414.6791521338318,1005
2024-09-18 14:16:16.461000,414.7004331669429,999
2024-09-18 14:16:16.477000,414.6774616261943,999
2024-09-18 14:16:16.492000,414.64792466742495,12
2024-09-18 14:16:16.694000,414.6716783936384,102
2024-09-18 14:16:16.716000,414.6800940658357,5
2024-09-18 14:16:16.749000,414.6904279573683,999
2024-09-18 14:16:16.832000,414.6441226929288,13
2024-09-18 14:16:16.912000,414.6882845381294,1004
2024-09-18 14:16:17.045000,414.68185802995146,9
2024-09-18 14:16:17.136000,414.7043867463781,1005
2024-09-18 14:16:17.158000,414.67055717045673,103
2024-09-18 14:16:17.214000,414.717071194964,999
2024-09-18 14:16:17.244000,414.6748529864015,104
2024-09-18 14:16:17.260000,414.6988604353148,5
2024-09-18 14:16:17.282000,414.6609897662213,1000
2024-09-18 14:16:17.331000,414.6893572553056,996
2024-09-18 14:16:17.350000,414.6932745492546,1001
2024-09-18 14:16:17.356000,414.6802671095804,15
2024-09-18 14:16:17.440000,414.7022233915096,11
2024-09-18 14:16:17.485000,414.676207397244,102
2024-09-18 14:16:17.567000,414.70335418711977,98
2024-09-18 14:16:17.631000,414.69807091117445,5
2024-09-18 14:16:17.717000,414.6945649631996,996
2024-09-18 14:16:17.737000,414.6953774987071,1005
2024-09-18 14:16:17.751000,414.6943265348334,5
2024-09-18 14:16:17.802000,414.6672842003981,6
2024-09-18 14:16:17.849000,414.6837492042183,1001
2024-09-18 14:16:17.854000,414.6750443022132,998
2024-09-18 14:16:17.888000,414.6572530348269,98
2024-09-18 14:16:17.901000,414.6887073909817,100
2024-09-18 14:16:17.906000,414.6894121816725,11
2024-09-18 14:16:17.907000,414.7123726685202,100
2024-09-18 14:16:17.940000,414.68035180873005,101
2024-09-18 14:16:17.982000,414.6433181114974,10
2024-09-18 14:16:18.122000,414.6784551890268,100
2024-09-18 14:16:18.173000,414.6333225578584,1001
2024-09-18 14:16:18.192000,414.6484427546197,1005
2024-09-18 14:16:18.352000,414.6818035912283,1000
2024-09-18 14:16:18.455000,414.6365886931196,8
2024-09-18 14:16:18.650000,414.6803933147295,1005
2024-09-18 14:16:18.736000,414.67497918992393,5
2024-09-18 14:16:19.003000,414.7995878195151,13
2024-09-18 14:16:19.012000,414.78735744738987,104
2024-09-18 14:16:19.036000,414.6800301268107,1002
2024-09-18 14:16:19.059000,414.76754783142303,996
2024-09-18 14:16:19.147000,414.7700362805157,14
2024-09-18 14:16:19.183000,414.7510773286666,999
2024-09-18 14:16:19.203000,414.7140431099392,5
2024-09-18 14:16:19.239000,414.7550682595024,98
2024-09-18 14:16:19.245000,414.7704137716941,1002
2024-09-18 14:16:19.290000,414.7695398431678,102
2024-09-18 14:16:19.329000,414.7126722468383,104
2024-09-18 14:16:19.398000,414.7360447367542,15
2024-09-18 14:16:19.450000,414.74002560570256,6
2024-09-18 14:16:19.456000,414.7588466204908,104
2024-09-18 14:16:19.532000,414.7716128526209,6
2024-09-18 14:16:19.541000,414.7804116090945,14
2024-09-18 14:16:19.551000,414.7609367536616,103
2024-09-18 14:16:19.564000,414.7062449673516,1005
2024-09-18 14:16:19.712000,414.7446074171141,9
2024-09-18 14:16:19.736000,414.782121121907,1005
2024-09-18 14:16:19.749000,414.7719395876621,997
2024-09-18 14:16:19.770000,414.79217458648105,97
2024-09-18 14:16:19.837000,414.7674287404661,100
2024-09-18 14:16:19.847000,414.7885633110862,15
2024-09-18 14:16:19.892000,414.7639179046388,1004
2024-09-18 14:16:19.932000,414.7600946163825,98
2024-09-18 14:16:20.097000,414.7171319515243,102
2024-09-18 14:16:20.141000,414.69669234078776,15
2024-09-18 14:16:20.150000,414.6967304679384,5
2024-09-18 14:16:20.203000,414.7559145136586,13
2024-09-18 14:16:20.227000,414.7043680301632,12
2024-09-18 14:16:20.420000,414.69633230397847,996
2024-09-18 14:16:20.453000,414.7009078742783,98
2024-09-18 14:16:20.580000,414.76178404497705,1000
2024-09-18 14:16:20.621000,414.7075877325863,999
2024-09-18 14:16:20.898000,414.7033239883269,9
2024-09-18 14:16:20.963000,414.7110474854938,13
2024-09-18 14:16:21.037000,414.6414968719279,98
2024-09-18 14:16:21.111000,414.69727103760863,1000
2024-09-18 14:16:21.246000,414.67111442440375,1001
2024-09-18 14:16:21.248000,414.7014502655636,13
2024-09-18 14:16:21.278000,414.6651694716757,101
2024-09-18 14:16:21.288000,414.68508648209007,11
2024-09-18 14:16:21.329000,414.68867104296953,1004
2024-09-18 14:16:21.392000,414.6654991544434,1001
2024-09-18 14:16:21.452000,414.6875139498523,997
2024-09-18 14:16:21.456000,414.6741018359192,1004
2024-09-18 14:16:21.558000,414.6588819101349,12
2024-09-18 14:16:21.565000,414.6738028107749,1001
2024-09-18 14:16:21.581000,414.6726976782791,999
2024-09-18 14:16:21.641000,414.6834084217011,14
2024-09-18 14:16:21.660000,414.688035858754,15
2024-09-18 14:16:21.837000,414.6901377548036,12
2024-09-18 14:16:21.850000,414.65814823470754,1003
2024-09-18 14:16:21.912000,414.6530685742884,995
2024-09-18 14:16:22.443000,414.687225276784,13
2024-09-18 14:16:23.009000,414.67628858710543,998
2024-09-18 14:16:23.032000,414.6660933254004,12
2024-09-18 14:16:23.082000,414.6586043340087,1005
2024-09-18 14:16:23.086000,414.691897612249,104
2024-09-18 14:16:23.100000,414.7020474805312,9
2024-09-18 14:16:23.155000,414.69946206655953,96
2024-09-18 14:16:23.202000,414.6790677419311,1000
2024-09-18 14:16:23.228000,414.6894990637211,97
2024-09-18 14:16:23.262000,414.6832117322669,13
2024-09-18 14:16:23.276000,414.6941928538824,11
2024-09-18 14:16:23.300000,414.6980891522321,15
2024-09-18 14:16:23.303000,414.6661794759649,8
2024-09-18 14:16:23.313000,414.6812278788237,1004
2024-09-18 14:16:23.356000,414.6775257535351,12
2024-09-18 14:16:23.359000,414.68161553883385,997
2024-09-18 14:16:23.388000,414.7090830904184,1001
2024-09-18 14:16:23.394000,414.694156453127,9
2024-09-18 14:16:23.518000,414.6874502995944,1002
2024-09-18 14:16:23.541000,414.69445909418056,1001
2024-09-18 14:16:23.561000,414.6746743539603,1000
2024-09-18 14:16:23.570000,414.6801015994656,8
2024-09-18 14:16:23.589000,414.67029104413984,102
2024-09-18 14:16:23.679000,414.6828294464867,996
2024-09-18 14:16:23.791000,414.6806788903166,104
2024-09-18 14:16:23.843000,414.7149155630548,8
2024-09-18 14:16:23.899000,414.7149744324978,103
2024-09-18 14:16:23.920000,414.68991228417553,105
2024-09-18 14:16:23.952000,414.6768469685062,996
2024-09-18 14:16:23.995000,414.6848945827883,1002
2024-09-18 14:16:24.013000,414.6699838533124,15
2024-09-18 14:16:24.066000,414.6940090974073,7
2024-09-18 14:16:24.072000,414.5552759731677,98
2024-09-18 14:16:24.123000,414.6935131187337,10
2024-09-18 14:16:24.175000,414.5940238007219,1000
2024-09-18 14:16:24.199000,414.698925022285,12
2024-09-18 14:16:24.365000,414.6613957633419,13
2024-09-18 14:16:24.393000,414.5576069257098,5
2024-09-18 14:16:24.411000,414.6061002139291,98
2024-09-18 14:16:24.448000,414.703232757547,6
2024-09-18 14:16:24.481000,414.6836206860126,104
2024-09-18 14:16:24.488000,414.6437610328534,105
2024-09-18 14:16:24.547000,414.57950265988,15
2024-09-18 14:16:24.618000,414.6880394164388,9
2024-09-18 14:16:24.663000,414.68851150391976,15
2024-09-18 14:16:24.837000,414.5792760048497,999
2024-09-18 14:16:24.880000,414.6995320258012,11
2024-09-18 14:16:24.921000,414.6157331929454,103
2024-09-18 14:16:24.966000,414.673729899119,97
2024-09-18 14:16:25.088000,414.575514662392,1002
2024-09-18 14:16:25.092000,414.5939867932882,105
2024-09-18 14:16:25.181000,414.6147334241277,102
2024-09-18 14:16:25.248000,414.55768201772855,104
2024-09-18 14:16:25.372000,414.56627260453615,101
2024-09-18 14:16:25.518000,414.6267004980615,996
2024-09-18 14:16:25.582000,414.6145140974013,14
2024-09-18 14:16:25.674000,414.6025570928636,97
2024-09-18 14:16:25.768000,414.626184956499,98
2024-09-18 14:16:25.822000,414.56324643040335,1004
2024-09-18 14:16:25.988000,414.6240771229505,12
2024-09-18 14:16:26.050000,414.62686506070224,99
2024-09-18 14:16:26.152000,414.6325730564873,15
2024-09-18 14:16:26.269000,414.6048507716095,9
2024-09-18 14:16:26.373000,414.609269067012,105
2024-09-18 14:16:26.376000,414.61747490194085,8
2024-09-18 14:16:26.443000,414.6207183121435,105
2024-09-18 14:16:26.464000,414.6366796549676,14
2024-09-18 14:16:26.466000,414.6182646757675,998
2024-09-18 14:16:26.469000,414.5984829780037,95
2024-09-18 14:16:26.494000,414.62580462697264,98
2024-09-18 14:16:26.538000,414.61013087324767,8
2024-09-18 14:16:26.551000,414.61821223424647,11
2024-09-18 14:16:26.609000,414.62247969490426,99
2024-09-18 14:16:26.662000,414.6282146875943,7
2024-09-18 14:16:26.742000,414.6062359147306,104
2024-09-18 14:16:26.744000,414.6259836972888,102
2024-09-18 14:16:26.766000,414.6239230560054,95
2024-09-18 14:16:26.774000,414.62772228911865,10
2024-09-18 14:16:26.861000,414.625346727039,97
2024-09-18 14:16:26.863000,414.615868570168,1004
2024-09-18 14:16:26.877000,414.633733759612,102
2024-09-18 14:16:26.897000,414.62504351018856,99
2024-09-18 14:16:26.917000,414.6111985134612,1005
2024-09-18 14:16:26.922000,414.6381620779409,998
2024-09-18 14:16:26.965000,414.6191248223417,97
2024-09-18 14:16:26.977000,414.6011145741124,14
2024-09-18 14:16:27.004000,414.5723393303781,997
2024-09-18 14:16:27.080000,414.5956809946447,8
2024-09-18 14:16:27.142000,414.5803207403314,5
2024-09-18 14:16:27.230000,414.56408346013217,14
2024-09-18 14:16:27.276000,414.5235292929933,11
2024-09-18 14:16:27.383000,414.5489306256896,103
2024-09-18 14:16:27.406000,414.58410880883673,103
2024-09-18 14:16:27.420000,414.5496958034704,100
2024-09-18 14:16:27.436000,414.5829730810335,1003
2024-09-18 14:16:27.438000,414.5733946657343,1002
2024-09-18 14:16:27.504000,414.51306414624105,1004
2024-09-18 14:16:27.516000,414.5891886240517,103
2024-09-18 14:16:27.519000,414.5721150707616,7
2024-09-18 14:16:27.551000,414.5614680452598,996
2024-09-18 14:16:27.569000,414.60893052631513,96
2024-09-18 14:16:27.572000,414.5736551247804,12
2024-09-18 14:16:27.585000,414.5844323102418,5
2024-09-18 14:16:27.588000,414.5839949670932,1002
2024-09-18 14:16:27.641000,414.5722990833352,14
2024-09-18 14:16:27.669000,414.5751232662178,1002
2024-09-18 14:16:27.676000,414.5593689423464,6
2024-09-18 14:16:27.769000,414.5767742116622,98
2024-09-18 14:16:27.784000,414.5943032968728,99
2024-09-18 14:16:27.895000,414.5303465102563,1003
2024-09-18 14:16:27.940000,414.56942061873895,97
2024-09-18 14:16:27.970000,414.52623852026136,100
2024-09-18 14:16:28.204000,414.54756891050346,1001
2024-09-18 14:16:28.222000,414.57250848073227,999
2024-09-18 14:16:28.249000,414.5473430769599,8
2024-09-18 14:16:28.314000,414.57582619713,997
2024-09-18 14:16:28.491000,414.54951090316194,13
2024-09-18 14:16:28.513000,414.5464690268147,11
2024-09-18 14:16:28.518000,414.5429303174647,97
2024-09-18 14:16:28.534000,414.5667121068865,6
2024-09-18 14:16:28.547000,414.5563189098476,105
2024-09-18 14:16:28.882000,414.54559280457465,8
2024-09-18 14:16:28.961000,414.5578975494597,998
2024-09-18 14:16:29.030000,414.56408570925385,11
2024-09-18 14:16:29.048000,414.559967106171,97
2024-09-18 14:16:29.097000,414.5508553196405,8
2024-09-18 14:16:29.103000,414.5757738612904,104
2024-09-18 14:16:29.127000,414.5307970534733,10
2024-09-18 14:16:29.141000,414.5537173174415,11
2024-09-18 14:16:29.151000,414.5681171698669,7
2024-09-18 14:16:29.158000,414.5509505814361,15
2024-09-18 14:16:29.199000,414.5428453342168,101
2024-09-18 14:16:29.209000,414.5848270608259,100
2024-09-18 14:16:29.243000,414.5265111681684,100
2024-09-18 14:16:29.254000,414.5791464053471,97
2024-09-18 14:16:29.299000,414.5298477510681,101
2024-09-18 14:16:29.330000,414.5564121089773,102
2024-09-18 14:16:29.365000,414.5677958627707,103
2024-09-18 14:16:29.396000,414.5769104920545,1003
2024-09-18 14:16:29.533000,414.5757306030829,15
2024-09-18 14:16:29.554000,414.55570028059634,1005
2024-09-18 14:16:29.597000,414.5404425707623,96
2024-09-18 14:16:29.621000,414.5443635034081,6
2024-09-18 14:16:29.645000,414.5523586891731,1004
2024-09-18 14:16:29.708000,414.57499370699344,97
2024-09-18 14:16:29.754000,414.5343776500819,1001
2024-09-18 14:16:29.911000,414.5788239331554,999
2024-09-18 14:16:29.957000,414.5361384411046,104
2024-09-18 14:16:29.974000,414.5631971455528,12
2024-09-18 14:16:30.008000,414.5864579659811,105
2024-09-18 14:16:30.109000,414.566882551385,12
2024-09-18 14:16:30.144000,414.585706844452,1004
2024-09-18 14:16:30.158000,414.5789955470211,103
2024-09-18 14:16:30.165000,414.5803004338415,98
2024-09-18 14:16:30.209000,414.5758724803502,1005
2024-09-18 14:16:30.250000,414.5874145586631,12
2024-09-18 14:16:30.278000,414.5857558778035,11
2024-09-18 14:16:30.357000,414.53580433923753,1004
2024-09-18 14:16:30.406000,414.6057914087365,98
2024-09-18 14:16:30.466000,414.5381728770003,11
2024-09-18 14:16:30.623000,414.5967993850141,7
2024-09-18 14:16:30.666000,414.5763145963552,104
2024-09-18 14:16:30.683000,414.55325705021374,995
2024-09-18 14:16:30.764000,414.5327920525267,996
2024-09-18 14:16:30.773000,414.5946938619743,999
2024-09-18 14:16:30.784000,414.534905714487,98
2024-09-18 14:16:30.806000,414.5850195492564,98
2024-09-18 14:16:30.809000,414.6010607880964,12
2024-09-18 14:16:30.817000,414.57295657001,100
2024-09-18 14:16:31.066000,414.5142755688152,96
2024-09-18 14:16:31.243000,414.5151447996972,95
2024-09-18 14:16:31.692000,414.5231512096633,995
2024-09-18 14:16:31.703000,414.51542144540986,103
2024-09-18 14:16:31.764000,414.55554594394926,105
2024-09-18 14:16:31.834000,414.5530650663119,99
2024-09-18 14:16:31.851000,414.5452394394644,10
2024-09-18 14:16:32.007000,414.4969526454549,999
2024-09-18 14:16:32.258000,414.5026375494362,1003
2024-09-18 14:16:32.287000,414.503723308486,7
2024-09-18 14:16:32.309000,414.4890938773349,995
2024-09-18 14:16:32.385000,414.5185172373873,14
2024-09-18 14:16:32.437000,414.5086792142492,1003
2024-09-18 14:16:32.464000,414.5067695897768,96
2024-09-18 14:16:32.536000,414.5398950574346,102
2024-09-18 14:16:32.604000,414.5063789885653,998
2024-09-18 14:16:32.627000,414.4882199526061,1005
2024-09-18 14:16:32.680000,414.5023629951218,11
2024-09-18 14:16:32.725000,414.53069551472606,1000
2024-09-18 14:16:32.782000,414.4993598879613,15
2024-09-18 14:16:32.980000,414.49516418896576,996
2024-09-18 14:16:33.020000,414.54375506781065,101
2024-09-18 14:16:33.074000,414.507413580814,15
2024-09-18 14:16:33.076000,414.502257952618,995
2024-09-18 14:16:33.086000,414.5120091743263,1003
2024-09-18 14:16:33.125000,414.53618973468656,15
2024-09-18 14:16:33.127000,414.5368747689657,13
2024-09-18 14:16:33.150000,414.5161147322653,15
2024-09-18 14:16:33.243000,414.51817401101874,97
2024-09-18 14:16:33.322000,414.5281831064201,1002
2024-09-18 14:16:33.342000,414.5017786173352,11
2024-09-18 14:16:33.362000,414.5034794466316,95
2024-09-18 14:16:33.419000,414.51842067046863,995
2024-09-18 14:16:33.477000,414.49039945705294,11
2024-09-18 14:16:33.490000,414.4917272387132,102
2024-09-18 14:16:33.520000,414.49272689168777,102
2024-09-18 14:16:33.608000,414.4987670224299,102
2024-09-18 14:16:33.615000,414.5405711813692,996
2024-09-18 14:16:33.626000,414.4854682064869,101
2024-09-18 14:16:33.660000,414.5020766770268,95
2024-09-18 14:16:33.724000,414.5254523490184,13
2024-09-18 14:16:33.793000,414.5485580898045,12
2024-09-18 14:16:33.806000,414.52392262657634,1000
2024-09-18 14:16:33.859000,414.522757060305,97
2024-09-18 14:16:33.897000,414.5186152862389,997
2024-09-18 14:16:33.906000,414.5090020492178,1005
2024-09-18 14:16:33.908000,414.52792159154814,9
2024-09-18 14:16:33.931000,414.5317353599475,1000
2024-09-18 14:16:33.940000,414.51147168649646,995
2024-09-18 14:16:33.954000,414.5371575551881,10
2024-09-18 14:16:33.969000,414.52841786514,104
2024-09-18 14:16:34.034000,414.4864613428927,8
2024-09-18 14:16:34.084000,414.508107255468,8
2024-09-18 14:16:34.203000,414.5063793732869,13
2024-09-18 14:16:34.555000,414.48384845365086,95
2024-09-18 14:16:34.620000,414.49751640679386,96
2024-09-18 14:16:34.685000,414.4916088747081,99
2024-09-18 14:16:35.064000,414.4956658425973,6
2024-09-18 14:16:35.214000,414.507167469047,99
2024-09-18 14:16:35.643000,414.4944196335977,98
2024-09-18 14:16:35.689000,414.500356519391,998
2024-09-18 14:16:35.902000,414.4981385907612,101
2024-09-18 14:16:35.969000,414.5068800678092,1004
2024-09-18 14:16:36.014000,414.5083716962852,13
2024-09-18 14:16:36.015000,414.4981372512698,1005
2024-09-18 14:16:36.217000,414.4832063608732,5
2024-09-18 14:16:36.262000,414.5096431891501,11
2024-09-18 14:16:36.379000,414.4653579014312,998
2024-09-18 14:16:36.480000,414.4696055388861,10
2024-09-18 14:16:36.531000,414.469218655878,12
2024-09-18 14:16:36.570000,414.4401222025561,12
2024-09-18 14:16:36.639000,414.53116977784026,7
2024-09-18 14:16:36.772000,414.51643978859966,99
2024-09-18 14:16:36.801000,414.5156380599328,13
2024-09-18 14:16:36.859000,414.4561806914135,5
2024-09-18 14:16:36.871000,414.46990573350143,12
2024-09-18 14:16:36.926000,414.4587249506297,96
2024-09-18 14:16:36.989000,414.49897838509565,102
2024-09-18 14:16:37.029000,414.42119447722456,15
2024-09-18 14:16:37.092000,414.41620761733793,9
2024-09-18 14:16:37.105000,414.4207258350114,9
2024-09-18 14:16:37.142000,414.40699183332936,101
2024-09-18 14:16:37.250000,414.3910748743397,8
2024-09-18 14:16:37.261000,414.3993711330826,1000
2024-09-18 14:16:37.354000,414.4397614398095,996
2024-09-18 14:16:37.468000,414.39466202933727,9
2024-09-18 14:16:37.501000,414.4248595051675,97
2024-09-18 14:16:37.530000,414.4065319358194,6
2024-09-18 14:16:37.591000,414.3917116996904,9
2024-09-18 14:16:37.604000,414.3988784452658,102
2024-09-18 14:16:37.634000,414.3813173072719,14
2024-09-18 14:16:37.713000,414.39140455510255,97
2024-09-18 14:16:37.808000,414.397066304609,995
2024-09-18 14:16:37.833000,414.3885999635928,1003
2024-09-18 14:16:37.896000,414.37549557225697,104
2024-09-18 14:16:37.926000,414.4340770235355,15
2024-09-18 14:16:38.262000,414.3998309849477,11
2024-09-18 14:16:38.747000,414.4142469120165,12
2024-09-18 14:16:39.268000,414.390245882957,1000
2024-09-18 14:16:39.429000,414.3715063854449,15
2024-09-18 14:16:39.532000,414.3909331309759,998
2024-09-18 14:16:39.556000,414.3996595295386,1002
2024-09-18 14:16:39.768000,414.38340840773816,103
2024-09-18 14:16:39.886000,414.3848072337209,995
2024-09-18 14:16:40.034000,414.3434393719861,13
2024-09-18 14:16:40.072000,414.3789150181915,995
2024-09-18 14:16:40.227000,414.37018704961065,8
2024-09-18 14:16:40.291000,414.3243762591693,15
2024-09-18 14:16:40.311000,414.3422751125597,14
2024-09-18 14:16:40.332000,414.3356614237323,997
2024-09-18 14:16:40.504000,414.3310675358149,1002
2024-09-18 14:16:40.532000,414.37201960739,9
2024-09-18 14:16:40.736000,414.3684325718169,13
2024-09-18 14:16:40.831000,414.3504681738942,95
2024-09-18 14:16:40.994000,414.3706235243216,999
2024-09-18 14:16:41.106000,414.35447432244746,99
2024-09-18 14:16:41.113000,414.30895361929095,995
2024-09-18 14:16:41.119000,414.3404684276575,96
2024-09-18 14:16:41.190000,414.3330973761285,98
2024-09-18 14:16:41.322000,414.3496014836177,5
2024-09-18 14:16:41.520000,414.3284262509334,98
2024-09-18 14:16:41.555000,414.3650331155894,13
2024-09-18 14:16:41.598000,414.3374782104288,15
2024-09-18 14:16:41.659000,414.3698304433573,1004
2024-09-18 14:16:41.794000,414.3640010059716,998
2024-09-18 14:16:41.805000,414.3510634684639,95
2024-09-18 14:16:41.820000,414.3428383496077,1004
2024-09-18 14:16:42.632000,414.381946315755,13
2024-09-18 14:16:43.024000,414.4230582657678,15
2024-09-18 14:16:43.061000,414.3918307112962,1003
2024-09-18 14:16:43.172000,414.4466518288036,995
2024-09-18 14:16:43.203000,414.3963832971607,998
2024-09-18 14:16:43.245000,414.4269271689337,105
2024-09-18 14:16:43.274000,414.3482107717144,12
2024-09-18 14:16:43.345000,414.4714686257526,96
2024-09-18 14:16:43.405000,414.3940583476461,999
2024-09-18 14:16:43.569000,414.4355691955513,12
2024-09-18 14:16:43.680000,414.44282935470113,95
2024-09-18 14:16:43.739000,414.3603770606248,996
2024-09-18 14:16:43.772000,414.36665520430506,5
2024-09-18 14:16:43.786000,414.4602340929769,12
2024-09-18 14:16:43.790000,414.3700444842879,7
2024-09-18 14:16:43.810000,414.3520290484933,996
2024-09-18 14:16:43.815000,414.38718957811705,102
2024-09-18 14:16:43.870000,414.4357367544196,101
2024-09-18 14:16:43.875000,414.44432173575007,15
2024-09-18 14:16:43.894000,414.4592305682404,97
2024-09-18 14:16:43.905000,414.4141992636184,99
2024-09-18 14:16:43.915000,414.4219987012132,1003
2024-09-18 14:16:43.917000,414.4111505917104,102
2024-09-18 14:16:43.958000,414.3834656242893,997
2024-09-18 14:16:43.964000,414.40047809317167,14
2024-09-18 14:16:43.996000,414.3839413872929,105
2024-09-18 14:16:44.139000,414.4404404839492,1005
2024-09-18 14:16:44.288000,414.4395421378646,1003
2024-09-18 14:16:44.489000,414.4399673182588,1003
2024-09-18 14:16:44.490000,414.4390331284893,5
2024-09-18 14:16:44.843000,414.4311897206372,101
2024-09-18 14:16:44.880000,414.4357731487953,96
2024-09-18 14:16:45.030000,414.3810810470089,104
2024-09-18 14:16:45.228000,414.38640168964537,99
2024-09-18 14:16:45.295000,414.4360189932402,97
2024-09-18 14:16:45.368000,414.39052816310567,97
2024-09-18 14:16:45.451000,414.3776769412463,10
2024-09-18 14:16:45.561000,414.383818255828,103
2024-09-18 14:16:45.606000,414.4083023473236,998
2024-09-18 14:16:45.693000,414.3829275872948,105
2024-09-18 14:16:45.698000,414.37728767134826,97
2024-09-18 14:16:45.734000,414.44291224189976,98
2024-09-18 14:16:45.781000,414.4247054706253,12
2024-09-18 14:16:45.877000,414.3972467132475,9
2024-09-18 14:16:45.905000,414.4460049283213,98
2024-09-18 14:16:46.002000,414.37658992122914,104
2024-09-18 14:16:46.123000,414.4231339898247,101
2024-09-18 14:16:46.265000,414.3884700800211,10
2024-09-18 14:16:46.409000,414.3789000567778,101
2024-09-18 14:16:46.450000,414.3829969812405,96
2024-09-18 14:16:46.486000,414.4266058166171,8
2024-09-18 14:16:46.571000,414.38779456745016,105
2024-09-18 14:16:46.866000,414.40031014792737,15
2024-09-18 14:16:48.109000,414.4174199511183,95
2024-09-18 14:16:48.332000,414.451194680141,6
2024-09-18 14:16:48.492000,414.4547173765635,995
2024-09-18 14:16:48.617000,414.42650016883215,996
2024-09-18 14:16:48.655000,414.4524733592005,11
2024-09-18 14:16:48.673000,414.4603645358079,7
2024-09-18 14:16:48.777000,414.45013632500655,98
2024-09-18 14:16:48.779000,414.4229849276013,1003
2024-09-18 14:16:48.829000,414.4446362021585,1000
2024-09-18 14:16:48.839000,414.4376102036369,104
2024-09-18 14:16:49.086000,414.4576127129976,1003
2024-09-18 14:16:49.094000,414.4455615530785,1005
2024-09-18 14:16:49.099000,414.453162347886,15
2024-09-18 14:16:49.152000,414.44980738702594,11
2024-09-18 14:16:49.198000,414.44932552413945,1003
2024-09-18 14:16:49.199000,414.4822787538694,11
2024-09-18 14:16:49.214000,414.4493228613632,101
2024-09-18 14:16:49.225000,414.4566223038261,12
2024-09-18 14:16:49.257000,414.43023134295606,9
2024-09-18 14:16:49.276000,414.456182808809,7
2024-09-18 14:16:49.295000,414.4517606777253,99
2024-09-18 14:16:49.297000,414.4784425841981,99
2024-09-18 14:16:49.376000,414.4580633110329,99
2024-09-18 14:16:49.377000,414.4310100912311,1000
2024-09-18 14:16:49.452000,414.44300418182746,9
2024-09-18 14:16:49.458000,414.4496278221716,101
2024-09-18 14:16:49.654000,414.4447570949943,5
2024-09-18 14:16:49.685000,414.470435418333,98
2024-09-18 14:16:49.693000,414.4777298584129,8
2024-09-18 14:16:49.697000,414.4538662824888,98
2024-09-18 14:16:49.702000,414.43780324894414,1002
2024-09-18 14:16:49.722000,414.4417657850627,103
2024-09-18 14:16:49.741000,414.4178026679306,12
2024-09-18 14:16:49.752000,414.4706715823929,995
2024-09-18 14:16:49.755000,414.4422863615556,7
2024-09-18 14:16:49.821000,414.4299426010057,997
2024-09-18 14:16:49.869000,414.4679768788799,15
2024-09-18 14:16:50.923000,414.47539547203706,9
2024-09-18 14:16:51.036000,414.5021758015905,102
2024-09-18 14:16:51.272000,414.4766634791298,97
2024-09-18 14:16:51.319000,414.5165057434082,96
2024-09-18 14:16:51.418000,414.47319101117,102
2024-09-18 14:16:51.439000,414.4650463511037,5
2024-09-18 14:16:51.440000,414.5241787574529,1000
2024-09-18 14:16:51.493000,414.4603262082584,101
2024-09-18 14:16:51.502000,414.4844505676464,1001
2024-09-18 14:16:51.540000,414.4892614441453,99
2024-09-18 14:16:51.556000,414.4586038641873,11
2024-09-18 14:16:51.564000,414.48269677320985,97
2024-09-18 14:16:51.573000,414.4676159383792,9
2024-09-18 14:16:51.616000,414.4482420154762,14
2024-09-18 14:16:51.638000,414.4717844927606,104
2024-09-18 14:16:51.657000,414.5264139488344,998
2024-09-18 14:16:51.670000,414.4736681128744,100
2024-09-18 14:16:51.670000,414.4578607704951,104
2024-09-18 14:16:51.709000,414.4795624859973,997
2024-09-18 14:16:51.830000,414.5054568603685,6
2024-09-18 14:16:51.936000,414.4663136703682,10
2024-09-18 14:16:51.946000,414.4651327595661,1001
2024-09-18 14:16:51.948000,414.5185807444136,995
2024-09-18 14:16:51.966000,414.4715569735066,103
2024-09-18 14:16:51.981000,414.4636097040975,15
2024-09-18 14:16:51.998000,414.4806243369313,998
2024-09-18 14:16:52,414.4894851976676,97
2024-09-18 14:16:52.069000,414.4869057366332,99
2024-09-18 14:16:52.116000,414.4993633865264,11
2024-09-18 14:16:52.159000,414.47332298080096,5
2024-09-18 14:16:52.318000,414.4939142237778,101
2024-09-18 14:16:52.367000,414.5228972664842,12
2024-09-18 14:16:52.386000,414.4985891746121,1004
2024-09-18 14:16:52.468000,414.4982347376957,1000
2024-09-18 14:16:52.516000,414.4873446082122,6
2024-09-18 14:16:52.572000,414.4813306882639,12
2024-09-18 14:16:52.593000,414.5185260365552,13
2024-09-18 14:16:52.626000,414.4942280150741,997
2024-09-18 14:16:52.651000,414.4774049007154,10
2024-09-18 14:16:52.802000,414.5069547875345,101
2024-09-18 14:16:52.817000,414.48885142591286,96
2024-09-18 14:16:52.850000,414.4861057162827,1004
2024-09-18 14:16:52.901000,414.51659809218927,105
2024-09-18 14:16:52.909000,414.4826892692919,102
2024-09-18 14:16:52.934000,414.4842333355367,7
2024-09-18 14:16:52.949000,414.50339991554887,996
2024-09-18 14:16:52.994000,414.5046803522579,97
2024-09-18 14:16:53.032000,414.477252696295,101
2024-09-18 14:16:53.110000,414.5282462241573,7
2024-09-18 14:16:53.114000,414.48886425694224,98
2024-09-18 14:16:53.222000,414.4943677361033,1005
2024-09-18 14:16:53.237000,414.4836876356199,102
2024-09-18 14:16:53.372000,414.51608987781646,97
2024-09-18 14:16:53.393000,414.4749717398881,8
2024-09-18 14:16:53.462000,414.48485654588256,99
2024-09-18 14:16:53.528000,414.52739437184937,102
2024-09-18 14:16:53.541000,414.5364127547504,101
2024-09-18 14:16:53.546000,414.49806302180446,96
2024-09-18 14:16:53.638000,414.4948643505252,98
2024-09-18 14:16:53.679000,414.49435780319374,100
2024-09-18 14:16:53.752000,414.5263976043301,13
2024-09-18 14:16:53.753000,414.5210234473719,1005
2024-09-18 14:16:53.899000,414.4691746299148,996
2024-09-18 14:16:53.938000,414.49288391223536,13
2024-09-18 14:16:54.003000,414.4819573903824,1001
2024-09-18 14:16:54.049000,414.4648722074385,15
2024-09-18 14:16:54.126000,414.4846070213412,1005
2024-09-18 14:16:54.127000,414.4455924021558,998
2024-09-18 14:16:54.163000,414.4608704150853,104
2024-09-18 14:16:54.266000,414.463689427885,1005
2024-09-18 14:16:54.313000,414.4859076502491,100
2024-09-18 14:16:54.374000,414.4427630744155,1000
2024-09-18 14:16:54.388000,414.4726939370923,11
2024-09-18 14:16:54.480000,414.4600395148944,10
2024-09-18 14:16:54.689000,414.46881870401353,101
2024-09-18 14:16:54.746000,414.4946505495674,104
2024-09-18 14:16:54.798000,414.4702933471616,95
2024-09-18 14:16:55.014000,414.49613144847547,12
2024-09-18 14:16:55.015000,414.51820511084975,8
2024-09-18 14:16:55.045000,414.5025415839345,95
2024-09-18 14:16:55.185000,414.52488286201225,100
2024-09-18 14:16:55.224000,414.5360292306444,1002
2024-09-18 14:16:55.265000,414.4963362229132,1005
2024-09-18 14:16:55.268000,414.5006682771781,1002
2024-09-18 14:16:55.705000,414.5109479967616,14
2024-09-18 14:16:55.735000,414.5020733988868,10
2024-09-18 14:16:55.849000,414.5043913933611,1001
2024-09-18 14:16:55.884000,414.50403823364815,101
2024-09-18 14:16:56.068000,414.4939414865289,97
2024-09-18 14:16:56.112000,414.4999418227509,105
2024-09-18 14:16:56.158000,414.4948347764072,15
2024-09-18 14:16:56.173000,414.5078723130675,1002
2024-09-18 14:16:56.286000,414.4808661693366,95
2024-09-18 14:16:56.343000,414.5077241748551,1005
2024-09-18 14:16:56.416000,414.4977012019991,14
2024-09-18 14:16:56.433000,414.4826129518678,7
2024-09-18 14:16:56.501000,414.4828479335225,13
2024-09-18 14:16:56.512000,414.4789890254981,101
2024-09-18 14:16:56.701000,414.4843278402711,996
2024-09-18 14:16:56.834000,414.512497906456,1000
2024-09-18 14:16:56.888000,414.5137970489576,1005
2024-09-18 14:16:56.949000,414.502238545066,105
2024-09-18 14:16:56.954000,414.47550549187713,95
2024-09-18 14:16:56.966000,414.4866024866379,96
2024-09-18 14:16:56.967000,414.4889113144674,12
2024-09-18 14:16:57.225000,414.496904278932,998
2024-09-18 14:16:57.715000,414.4915685133346,103
2024-09-18 14:16:57.732000,414.489464820058,1005
2024-09-18 14:16:57.945000,414.4890610189349,998
2024-09-18 14:16:58.002000,414.5191048369714,1003
2024-09-18 14:16:58.156000,414.51872550429687,8
2024-09-18 14:16:58.499000,414.46759844602695,100
2024-09-18 14:16:58.557000,414.495683403453,998
2024-09-18 14:16:58.569000,414.4734082689343,6
2024-09-18 14:16:58.967000,414.5097059971941,99
2024-09-18 14:16:59.022000,414.4696860267211,5
2024-09-18 14:16:59.198000,414.4950983473349,95
2024-09-18 14:16:59.641000,414.48487708178544,102
