Timestamp,Price,Size
2024-09-17 14:10:00.010000,401.8064707170773,1000
2024-09-17 14:10:00.089000,401.8059875172455,102
2024-09-17 14:10:00.135000,401.8100165126722,1002
2024-09-17 14:10:00.297000,401.8061228262083,1003
2024-09-17 14:10:00.316000,401.8077184621449,13
2024-09-17 14:10:00.321000,401.7856678612053,96
2024-09-17 14:10:00.417000,401.8051260158302,998
2024-09-17 14:10:00.440000,401.8184324158001,99
2024-09-17 14:10:00.487000,401.809706999432,995
2024-09-17 14:10:00.520000,401.7994326597582,105
2024-09-17 14:10:00.647000,401.81192379750325,97
2024-09-17 14:10:00.715000,401.789177213334,15
2024-09-17 14:10:00.772000,401.7965495007362,96
2024-09-17 14:10:00.830000,401.8169239806127,1005
2024-09-17 14:10:00.993000,401.8010795725148,996
2024-09-17 14:10:01.016000,401.7824629905004,10
2024-09-17 14:10:01.050000,401.7787128086589,996
2024-09-17 14:10:01.050000,401.8043055475181,95
2024-09-17 14:10:01.072000,401.7753515005588,997
2024-09-17 14:10:01.132000,401.8213653696222,100
2024-09-17 14:10:01.136000,401.7781038690304,95
2024-09-17 14:10:01.158000,401.80476038803465,997
2024-09-17 14:10:01.228000,401.7861176458317,104
2024-09-17 14:10:01.264000,401.80481260747104,100
2024-09-17 14:10:01.307000,401.8291521940269,5
2024-09-17 14:10:01.393000,401.79883434012174,95
2024-09-17 14:10:01.469000,401.7906895207514,1000
2024-09-17 14:10:01.565000,401.76497837364406,7
2024-09-17 14:10:01.625000,401.756056645106,101
2024-09-17 14:10:01.645000,401.7772229338348,997
2024-09-17 14:10:01.649000,401.7826259858791,997
2024-09-17 14:10:01.719000,401.8204693303221,6
2024-09-17 14:10:01.791000,401.7736304405349,101
2024-09-17 14:10:01.966000,401.7775049631813,105
2024-09-17 14:10:02.034000,401.7303512847096,1004
2024-09-17 14:10:02.498000,401.75491751258176,1004
2024-09-17 14:10:02.769000,401.72756703385886,11
2024-09-17 14:10:02.933000,401.7465672727239,12
2024-09-17 14:10:02.970000,401.7368889563522,103
2024-09-17 14:10:03.012000,401.7662771069128,995
2024-09-17 14:10:03.200000,401.7491929427877,5
2024-09-17 14:10:03.460000,401.7347746362752,11
2024-09-17 14:10:03.492000,401.7865933028619,10
2024-09-17 14:10:03.519000,401.8030188246949,1002
2024-09-17 14:10:03.701000,401.77348919874174,9
2024-09-17 14:10:03.812000,401.73934469027495,998
2024-09-17 14:10:03.904000,401.7915561582429,105
2024-09-17 14:10:04.018000,401.8371106865284,997
2024-09-17 14:10:04.048000,401.84462299056185,6
2024-09-17 14:10:04.067000,401.86086613639833,97
2024-09-17 14:10:04.136000,401.8319309857481,8
2024-09-17 14:10:04.209000,401.8107868476943,6
2024-09-17 14:10:04.358000,401.8430503745081,995
2024-09-17 14:10:04.397000,401.8268485114662,5
2024-09-17 14:10:04.466000,401.8276184891917,996
2024-09-17 14:10:04.499000,401.8965641976372,105
2024-09-17 14:10:04.504000,401.8216644548537,7
2024-09-17 14:10:04.520000,401.83309251855474,1000
2024-09-17 14:10:04.536000,401.8245528310762,1002
2024-09-17 14:10:04.572000,401.8360573825344,99
2024-09-17 14:10:04.577000,401.8101886933678,1004
2024-09-17 14:10:04.599000,401.84878140503776,999
2024-09-17 14:10:04.608000,401.7959030915725,100
2024-09-17 14:10:04.702000,401.7891505197735,15
2024-09-17 14:10:04.706000,401.8059541901662,1002
2024-09-17 14:10:04.709000,401.8350537642816,103
2024-09-17 14:10:04.784000,401.8362336889337,998
2024-09-17 14:10:04.796000,401.7905269863188,97
2024-09-17 14:10:04.872000,401.7856716648605,996
2024-09-17 14:10:04.942000,401.82027593490193,1000
2024-09-17 14:10:04.951000,401.8186645329434,9
2024-09-17 14:10:04.975000,401.8410339560325,14
2024-09-17 14:10:04.985000,401.855999181506,1005
2024-09-17 14:10:04.991000,401.84658363125527,8
2024-09-17 14:10:05.017000,401.8908439720585,96
2024-09-17 14:10:05.019000,401.88944684451394,13
2024-09-17 14:10:05.104000,401.9026792902407,101
2024-09-17 14:10:05.179000,401.8988212363855,10
2024-09-17 14:10:05.249000,401.8806319542194,12
2024-09-17 14:10:05.390000,401.8896115093017,104
2024-09-17 14:10:05.410000,401.884016740936,96
2024-09-17 14:10:05.552000,401.9085653908268,100
2024-09-17 14:10:05.660000,401.9170033295809,98
2024-09-17 14:10:05.964000,401.8835737503585,98
2024-09-17 14:10:05.996000,401.8865789134263,102
2024-09-17 14:10:06.048000,401.94226918526334,11
2024-09-17 14:10:06.064000,401.94063448128486,8
2024-09-17 14:10:06.163000,401.9408745594078,102
2024-09-17 14:10:06.212000,402.013844006778,96
2024-09-17 14:10:06.315000,401.9459610877026,103
2024-09-17 14:10:06.389000,401.96450320006994,99
2024-09-17 14:10:06.402000,401.9612067013223,97
2024-09-17 14:10:06.441000,401.9218154713087,12
2024-09-17 14:10:06.469000,401.9796712219993,6
2024-09-17 14:10:06.540000,402.00641001945,101
2024-09-17 14:10:06.601000,401.9929238164789,1004
2024-09-17 14:10:06.621000,402.00542313752686,1005
2024-09-17 14:10:06.630000,401.9358211657061,102
2024-09-17 14:10:06.648000,401.97834312722455,998
2024-09-17 14:10:06.664000,401.94820219146,99
2024-09-17 14:10:06.665000,401.9205414375738,995
2024-09-17 14:10:06.715000,401.988010162377,1005
2024-09-17 14:10:06.764000,401.9818690445408,95
2024-09-17 14:10:06.819000,401.954452636242,105
2024-09-17 14:10:06.822000,401.9487566522476,103
2024-09-17 14:10:06.833000,401.9665862722427,995
2024-09-17 14:10:06.838000,401.99274859474366,8
2024-09-17 14:10:06.847000,401.9672153951086,999
2024-09-17 14:10:06.914000,401.9872537285723,10
2024-09-17 14:10:06.933000,401.9687769485814,102
2024-09-17 14:10:06.936000,401.923976936079,98
2024-09-17 14:10:06.937000,401.9915975397103,96
2024-09-17 14:10:06.953000,401.982403774917,99
2024-09-17 14:10:06.953000,401.9642510507909,7
2024-09-17 14:10:06.956000,401.99665817671246,12
2024-09-17 14:10:07.090000,401.9951947847689,10
2024-09-17 14:10:07.159000,401.9864038986054,101
2024-09-17 14:10:07.290000,402.0129151511659,1002
2024-09-17 14:10:07.424000,402.0017907948049,8
2024-09-17 14:10:07.786000,402.0035882271896,997
2024-09-17 14:10:07.879000,401.9981078953578,1002
2024-09-17 14:10:08.016000,401.9739543694131,1005
2024-09-17 14:10:08.077000,401.9518663136729,8
2024-09-17 14:10:08.153000,401.9771304658446,12
2024-09-17 14:10:08.180000,401.9975583683651,101
2024-09-17 14:10:08.249000,402.0061222983873,98
2024-09-17 14:10:08.282000,401.9523813902702,105
2024-09-17 14:10:08.301000,401.9479822726477,9
2024-09-17 14:10:08.329000,402.0205497093379,996
2024-09-17 14:10:08.657000,401.9930917528736,999
2024-09-17 14:10:08.724000,401.9929428808753,8
2024-09-17 14:10:08.732000,401.9939012732811,1001
2024-09-17 14:10:08.763000,401.9488496765393,1003
2024-09-17 14:10:08.783000,401.9609473932615,996
2024-09-17 14:10:08.847000,401.9872159154791,13
2024-09-17 14:10:08.880000,401.9730628073594,998
2024-09-17 14:10:08.903000,401.9803028041914,12
2024-09-17 14:10:08.941000,401.957351810065,1001
2024-09-17 14:10:09.004000,401.9148154519961,8
2024-09-17 14:10:09.034000,401.9211442114831,999
2024-09-17 14:10:09.131000,401.8860555489563,14
2024-09-17 14:10:09.206000,401.8817808817582,102
2024-09-17 14:10:09.227000,401.8997390426527,10
2024-09-17 14:10:09.246000,401.88879519532327,6
2024-09-17 14:10:09.494000,401.9035233464177,1003
2024-09-17 14:10:09.495000,401.9039017201165,6
2024-09-17 14:10:09.505000,401.9175254105576,8
2024-09-17 14:10:09.632000,401.89832519240525,1005
2024-09-17 14:10:09.639000,401.935193810595,998
2024-09-17 14:10:09.775000,401.9250115149162,100
2024-09-17 14:10:09.939000,401.9094316385919,1000
2024-09-17 14:10:10.043000,401.9005673126306,999
2024-09-17 14:10:10.076000,401.9254009243874,101
2024-09-17 14:10:10.121000,401.8865282190554,1004
2024-09-17 14:10:10.162000,401.9394948351142,1005
2024-09-17 14:10:10.203000,401.82947435647145,102
2024-09-17 14:10:10.254000,401.92491056559857,1003
2024-09-17 14:10:10.388000,401.9005873822151,104
2024-09-17 14:10:10.432000,401.9105166234448,105
2024-09-17 14:10:10.440000,401.91867011237343,100
2024-09-17 14:10:10.473000,401.8385994019991,12
2024-09-17 14:10:10.514000,401.9187928267013,1002
2024-09-17 14:10:10.548000,401.8880857339804,995
2024-09-17 14:10:10.572000,401.91942191361153,105
2024-09-17 14:10:10.590000,401.8345115692694,1005
2024-09-17 14:10:10.633000,401.8256081466119,96
2024-09-17 14:10:10.881000,401.9285317027601,9
2024-09-17 14:10:10.903000,401.8466461399125,95
2024-09-17 14:10:10.918000,401.90262966308575,105
2024-09-17 14:10:10.929000,401.9087469618844,105
2024-09-17 14:10:10.993000,401.83934991952543,997
2024-09-17 14:10:11.014000,401.8579857658606,1003
2024-09-17 14:10:11.037000,401.8717637792648,13
2024-09-17 14:10:11.087000,401.8724306795077,1004
2024-09-17 14:10:11.121000,401.8829482862425,1004
2024-09-17 14:10:11.134000,401.8405011838405,102
2024-09-17 14:10:11.161000,401.8623092386324,105
2024-09-17 14:10:11.216000,401.8510957147155,7
2024-09-17 14:10:11.253000,401.88640561385085,101
2024-09-17 14:10:11.320000,401.88414484366376,95
2024-09-17 14:10:11.358000,401.8665163313741,103
2024-09-17 14:10:11.390000,401.823559852888,105
2024-09-17 14:10:11.495000,401.853626774618,99
2024-09-17 14:10:11.593000,401.8500268943062,14
2024-09-17 14:10:11.602000,401.8818984520175,95
2024-09-17 14:10:11.656000,401.83502574700896,9
2024-09-17 14:10:11.657000,401.8310870901013,996
2024-09-17 14:10:11.697000,401.831736480413,6
2024-09-17 14:10:11.720000,401.84224233429177,1001
2024-09-17 14:10:11.767000,401.8260439366445,95
2024-09-17 14:10:11.785000,401.8555866427301,96
2024-09-17 14:10:11.797000,401.8196321054992,15
2024-09-17 14:10:11.801000,401.87817188359486,11
2024-09-17 14:10:11.875000,401.8785609592226,95
2024-09-17 14:10:11.880000,401.8425202733706,998
2024-09-17 14:10:11.942000,401.84825586470896,11
2024-09-17 14:10:11.943000,401.82034265703953,999
2024-09-17 14:10:11.963000,401.8775245879781,103
2024-09-17 14:10:11.980000,401.8408711028814,105
2024-09-17 14:10:12.057000,401.86941609945,1001
2024-09-17 14:10:12.140000,401.8653161504248,996
2024-09-17 14:10:12.474000,401.8752018645143,5
2024-09-17 14:10:12.861000,401.86443555332113,6
2024-09-17 14:10:13.001000,401.8862513309816,995
2024-09-17 14:10:13.082000,401.8529102236462,14
2024-09-17 14:10:13.097000,401.8727345396466,12
2024-09-17 14:10:13.202000,401.8643455679572,7
2024-09-17 14:10:13.304000,401.8765636256858,10
2024-09-17 14:10:13.330000,401.86675676686224,1001
2024-09-17 14:10:13.361000,401.8620654191269,11
2024-09-17 14:10:13.421000,401.8463717388964,1003
2024-09-17 14:10:13.475000,401.86849121245297,104
2024-09-17 14:10:13.494000,401.8756778223891,1000
2024-09-17 14:10:13.571000,401.8675252461753,104
2024-09-17 14:10:13.576000,401.87296260108303,97
2024-09-17 14:10:13.596000,401.8715720957186,13
2024-09-17 14:10:13.669000,401.8587134360517,104
2024-09-17 14:10:13.686000,401.8685727087978,1003
2024-09-17 14:10:13.748000,401.8802970977295,1001
2024-09-17 14:10:13.808000,401.8555202223935,1001
2024-09-17 14:10:13.853000,401.86064099173205,95
2024-09-17 14:10:13.858000,401.8613150871099,99
2024-09-17 14:10:13.858000,401.8754093601021,996
2024-09-17 14:10:14.080000,401.8214296942151,15
2024-09-17 14:10:14.103000,401.8306669134119,1003
2024-09-17 14:10:14.110000,401.8380730474073,96
2024-09-17 14:10:14.200000,401.83843007335,7
2024-09-17 14:10:14.304000,401.83379411009616,1000
2024-09-17 14:10:14.324000,401.832606454194,1000
2024-09-17 14:10:14.434000,401.81973920121607,102
2024-09-17 14:10:14.615000,401.8445220792587,1001
2024-09-17 14:10:14.874000,401.8440469108155,11
2024-09-17 14:10:14.896000,401.82867843462174,996
2024-09-17 14:10:14.976000,401.8517072559306,9
2024-09-17 14:10:14.981000,401.8210758419061,997
2024-09-17 14:10:15.001000,401.915738450384,103
2024-09-17 14:10:15.041000,401.913087729703,1000
2024-09-17 14:10:15.102000,401.9119699063363,10
2024-09-17 14:10:15.140000,401.92975303737904,5
2024-09-17 14:10:15.196000,401.9249753000336,8
2024-09-17 14:10:15.209000,401.86574470178095,997
2024-09-17 14:10:15.266000,401.9027111926278,12
2024-09-17 14:10:15.326000,401.9058037259981,1001
2024-09-17 14:10:15.341000,401.8970761671505,995
2024-09-17 14:10:15.365000,401.8534087360549,102
2024-09-17 14:10:15.401000,401.9123007124413,9
2024-09-17 14:10:15.409000,401.9230470063005,1004
2024-09-17 14:10:15.471000,401.9189208705144,102
2024-09-17 14:10:15.541000,401.9281926903267,10
2024-09-17 14:10:15.569000,401.9040025755096,103
2024-09-17 14:10:15.609000,401.9311266171448,10
2024-09-17 14:10:15.643000,401.926721867564,95
2024-09-17 14:10:15.691000,401.9240840545911,1002
2024-09-17 14:10:15.818000,401.9155237271123,98
2024-09-17 14:10:15.859000,401.9198492038296,95
2024-09-17 14:10:15.866000,401.9237762531005,10
2024-09-17 14:10:15.894000,401.8843947944066,1001
2024-09-17 14:10:15.934000,401.9248233509672,1000
2024-09-17 14:10:16.012000,401.9550864006612,5
2024-09-17 14:10:16.047000,401.9315298639914,5
2024-09-17 14:10:16.160000,401.967306271677,104
2024-09-17 14:10:16.480000,401.9475551416329,14
2024-09-17 14:10:16.523000,401.9665500645798,97
2024-09-17 14:10:16.729000,401.95369508908647,1001
2024-09-17 14:10:16.780000,401.9731368099835,11
2024-09-17 14:10:17.166000,401.9781202238151,104
2024-09-17 14:10:17.258000,401.9832495878279,103
2024-09-17 14:10:17.289000,401.9727984595104,996
2024-09-17 14:10:17.323000,401.9779337040754,12
2024-09-17 14:10:17.355000,401.9972639425137,12
2024-09-17 14:10:17.614000,401.9955192871666,102
2024-09-17 14:10:17.624000,402.00633317999984,10
2024-09-17 14:10:17.629000,401.9980222574112,97
2024-09-17 14:10:17.633000,401.9897803581603,998
2024-09-17 14:10:17.729000,401.9992816098925,102
2024-09-17 14:10:17.746000,401.9821045589697,13
2024-09-17 14:10:17.931000,401.9921901236466,103
2024-09-17 14:10:17.982000,401.9739923855721,1004
2024-09-17 14:10:18.098000,402.0234075647482,6
2024-09-17 14:10:18.259000,401.9956194014305,105
2024-09-17 14:10:18.336000,401.9857544956346,100
2024-09-17 14:10:18.388000,402.0208783465943,996
2024-09-17 14:10:18.469000,401.98795814763366,11
2024-09-17 14:10:18.486000,401.99177964218507,997
2024-09-17 14:10:18.525000,402.0016462035361,15
2024-09-17 14:10:18.526000,402.0163926949522,8
2024-09-17 14:10:18.565000,401.981570059914,8
2024-09-17 14:10:18.585000,401.9865889913022,1005
2024-09-17 14:10:18.608000,402.02235816488144,15
2024-09-17 14:10:18.633000,401.9967222678381,14
2024-09-17 14:10:18.733000,401.9926957925288,99
2024-09-17 14:10:18.767000,402.0032680843992,12
2024-09-17 14:10:18.833000,402.0186114191904,10
2024-09-17 14:10:18.859000,402.02922636940576,996
2024-09-17 14:10:18.886000,401.974904142594,7
2024-09-17 14:10:18.919000,402.0298665160136,999
2024-09-17 14:10:19.024000,402.01379295393366,105
2024-09-17 14:10:19.359000,402.0284856061908,997
2024-09-17 14:10:19.471000,402.0356674849244,10
2024-09-17 14:10:19.652000,402.0444222909359,100
2024-09-17 14:10:19.692000,402.0431939865521,1004
2024-09-17 14:10:19.773000,402.0227340942935,1004
2024-09-17 14:10:19.900000,402.0175679661301,97
2024-09-17 14:10:19.978000,402.0556660076681,9
2024-09-17 14:10:20.278000,402.0551295654591,97
2024-09-17 14:10:20.488000,402.0343401848445,101
2024-09-17 14:10:20.621000,402.054353884506,1001
2024-09-17 14:10:20.691000,402.0427615958074,1004
2024-09-17 14:10:20.831000,402.05006811859016,96
2024-09-17 14:10:21.163000,402.0661133976673,100
2024-09-17 14:10:21.218000,402.0826641722538,1002
2024-09-17 14:10:21.258000,402.06456106903545,1002
2024-09-17 14:10:21.279000,402.052318313851,998
2024-09-17 14:10:21.284000,402.03231148057154,15
2024-09-17 14:10:21.324000,402.07396299119233,99
2024-09-17 14:10:21.336000,402.05980778851495,95
2024-09-17 14:10:21.513000,402.0601390188798,96
2024-09-17 14:10:21.584000,402.0901699601771,1004
2024-09-17 14:10:21.714000,402.0671510679077,1004
2024-09-17 14:10:21.751000,402.0713348321675,5
2024-09-17 14:10:21.774000,402.080830715829,5
2024-09-17 14:10:21.776000,402.070604523539,99
2024-09-17 14:10:21.790000,402.0395478912836,98
2024-09-17 14:10:21.824000,402.0939499644387,8
2024-09-17 14:10:21.853000,402.0630051472667,99
2024-09-17 14:10:21.864000,402.0664007455656,96
2024-09-17 14:10:21.871000,402.1114612590312,5
2024-09-17 14:10:21.873000,402.0724764272248,13
2024-09-17 14:10:21.905000,402.0725657946854,103
2024-09-17 14:10:21.951000,402.0649266064607,1000
2024-09-17 14:10:21.956000,402.0584326544069,1005
2024-09-17 14:10:22.110000,402.0912966422733,9
2024-09-17 14:10:22.112000,402.1290787680828,9
2024-09-17 14:10:22.146000,402.0940959940284,1001
2024-09-17 14:10:22.161000,402.0787258387924,10
2024-09-17 14:10:22.282000,402.10366099209847,996
2024-09-17 14:10:22.292000,402.0747823129992,996
2024-09-17 14:10:22.333000,402.118118639257,7
2024-09-17 14:10:22.352000,402.10565400427765,1005
2024-09-17 14:10:22.378000,402.1110698808847,1000
2024-09-17 14:10:22.441000,402.0797096724674,13
2024-09-17 14:10:22.445000,402.1322627358568,101
2024-09-17 14:10:22.475000,402.0855617069479,6
2024-09-17 14:10:22.490000,402.0764032033143,999
2024-09-17 14:10:22.510000,402.11212837593854,100
2024-09-17 14:10:22.516000,402.1205663076704,995
2024-09-17 14:10:22.531000,402.1274912217074,1000
2024-09-17 14:10:22.551000,402.11158308660185,8
2024-09-17 14:10:22.551000,402.1001250955786,104
2024-09-17 14:10:22.635000,402.1005065959072,1000
2024-09-17 14:10:22.701000,402.103237852242,95
2024-09-17 14:10:22.862000,402.1241187079799,995
2024-09-17 14:10:22.921000,402.0722751718561,96
2024-09-17 14:10:22.937000,402.1045793663472,999
2024-09-17 14:10:22.987000,402.1232242624389,998
2024-09-17 14:10:23.022000,402.0737108982163,997
2024-09-17 14:10:23.026000,402.0821536801833,8
2024-09-17 14:10:23.110000,402.042617105668,1000
2024-09-17 14:10:23.237000,402.0670527066427,9
2024-09-17 14:10:23.248000,402.0740483179036,12
2024-09-17 14:10:23.270000,402.106247294968,7
2024-09-17 14:10:23.292000,402.11751864248646,100
2024-09-17 14:10:23.336000,402.0741442244421,1001
2024-09-17 14:10:23.364000,402.0674738516063,102
2024-09-17 14:10:23.366000,402.0622737350157,7
2024-09-17 14:10:23.391000,402.0675758387415,100
2024-09-17 14:10:23.506000,402.0741842052714,12
2024-09-17 14:10:23.532000,402.0651304986259,10
2024-09-17 14:10:23.533000,402.1043749895416,99
2024-09-17 14:10:23.539000,402.0727691157896,1003
2024-09-17 14:10:23.635000,402.0616669129594,98
2024-09-17 14:10:23.641000,402.0535735344454,104
2024-09-17 14:10:23.734000,402.0425132372786,15
2024-09-17 14:10:23.764000,402.0834275170916,9
2024-09-17 14:10:23.793000,402.0645055719377,6
2024-09-17 14:10:23.823000,402.0871796806566,102
2024-09-17 14:10:23.845000,402.0641501192928,105
2024-09-17 14:10:23.847000,402.0714895782476,1000
2024-09-17 14:10:23.853000,402.1144273464803,99
2024-09-17 14:10:23.863000,402.047837668992,95
2024-09-17 14:10:23.864000,402.075419694335,1002
2024-09-17 14:10:23.880000,402.0575935020688,13
2024-09-17 14:10:23.945000,402.0770541297761,997
2024-09-17 14:10:23.963000,402.09541458726414,102
2024-09-17 14:10:23.999000,402.058775546106,5
2024-09-17 14:10:24.005000,402.0519548903224,1003
2024-09-17 14:10:24.019000,402.0391579617437,10
2024-09-17 14:10:24.124000,402.0264772087452,1000
2024-09-17 14:10:24.132000,402.04585121766775,1004
2024-09-17 14:10:24.158000,402.0362242105313,15
2024-09-17 14:10:24.181000,402.0387583001242,1005
2024-09-17 14:10:24.379000,402.0265268589949,995
2024-09-17 14:10:24.711000,402.03552200204575,998
2024-09-17 14:10:24.756000,402.0567040732445,9
2024-09-17 14:10:24.765000,402.0444729813682,105
2024-09-17 14:10:24.807000,402.0251799692568,996
2024-09-17 14:10:24.817000,402.0407961979027,12
2024-09-17 14:10:24.839000,402.0201697911429,996
2024-09-17 14:10:25.037000,402.0519349584342,995
2024-09-17 14:10:25.057000,402.0251330203951,1005
2024-09-17 14:10:25.099000,401.9881521130246,6
2024-09-17 14:10:25.101000,402.0536223534653,1005
2024-09-17 14:10:25.172000,402.0205736162075,101
2024-09-17 14:10:25.181000,401.9629513753086,10
2024-09-17 14:10:25.194000,402.0292291223616,995
2024-09-17 14:10:25.298000,402.0501304770805,99
2024-09-17 14:10:25.335000,401.9691417486277,97
2024-09-17 14:10:25.349000,402.0339008006078,95
2024-09-17 14:10:25.405000,402.0211886828519,99
2024-09-17 14:10:25.423000,401.9864942154873,14
2024-09-17 14:10:25.499000,401.98096326890334,10
2024-09-17 14:10:25.509000,401.9705305957742,8
2024-09-17 14:10:25.529000,402.05340806958776,13
2024-09-17 14:10:25.531000,402.0701474184008,11
2024-09-17 14:10:25.577000,401.98547735094405,97
2024-09-17 14:10:25.578000,402.07263188346826,11
2024-09-17 14:10:25.586000,402.0431845942923,9
2024-09-17 14:10:25.587000,401.9824075382087,1005
2024-09-17 14:10:25.677000,401.9643351694491,102
2024-09-17 14:10:25.708000,402.0615224381048,1005
2024-09-17 14:10:25.889000,401.96249666499295,104
2024-09-17 14:10:25.906000,402.0462613697474,11
2024-09-17 14:10:25.926000,402.051101273378,1005
2024-09-17 14:10:25.966000,402.003377119869,1003
2024-09-17 14:10:25.975000,402.0454904978645,98
2024-09-17 14:10:25.991000,402.0683195279085,95
2024-09-17 14:10:26.006000,402.0362124815496,95
2024-09-17 14:10:26.154000,402.0061372324988,10
2024-09-17 14:10:26.180000,402.04479384808974,96
2024-09-17 14:10:26.215000,402.0515491691899,98
2024-09-17 14:10:26.276000,402.012694397712,98
2024-09-17 14:10:26.338000,401.9906850538245,8
2024-09-17 14:10:26.458000,402.0282954174942,995
2024-09-17 14:10:26.542000,402.0293335823742,103
2024-09-17 14:10:26.549000,402.0061086738767,8
2024-09-17 14:10:26.556000,402.0549716870108,14
2024-09-17 14:10:26.631000,402.0397605042623,11
2024-09-17 14:10:26.633000,402.0464625946792,1002
2024-09-17 14:10:26.644000,402.0364207767635,102
2024-09-17 14:10:26.690000,402.02664576538376,5
2024-09-17 14:10:26.737000,402.0284827142774,105
2024-09-17 14:10:26.792000,402.0283627158962,15
2024-09-17 14:10:26.814000,402.0091058379005,999
2024-09-17 14:10:26.832000,402.0004953762124,999
2024-09-17 14:10:26.898000,402.0186609199508,6
2024-09-17 14:10:26.908000,402.0201182817018,995
2024-09-17 14:10:26.915000,402.0418926199518,105
2024-09-17 14:10:27.079000,402.0584114404675,7
2024-09-17 14:10:27.269000,402.0429803157644,8
2024-09-17 14:10:27.271000,402.0543524003878,14
2024-09-17 14:10:27.336000,402.0544400430463,998
2024-09-17 14:10:27.350000,402.0378360295129,995
2024-09-17 14:10:27.520000,402.0547634202039,97
2024-09-17 14:10:27.610000,402.0506378199968,1001
2024-09-17 14:10:27.687000,402.0490397309172,104
2024-09-17 14:10:27.992000,402.065164976936,5
2024-09-17 14:10:28,402.0255445548742,12
2024-09-17 14:10:28.044000,402.0611906228421,5
2024-09-17 14:10:28.260000,402.0519007111608,997
2024-09-17 14:10:28.533000,402.05940395274126,1003
2024-09-17 14:10:28.537000,402.0162222367925,8
2024-09-17 14:10:28.647000,402.0267280437856,102
2024-09-17 14:10:28.827000,402.03285281237817,100
2024-09-17 14:10:28.859000,402.0283405751408,99
2024-09-17 14:10:29.046000,402.08323278763777,13
2024-09-17 14:10:29.136000,402.0936318803829,1000
2024-09-17 14:10:29.156000,402.09319917818704,1002
2024-09-17 14:10:29.167000,402.0550945751329,7
2024-09-17 14:10:29.222000,402.1128243187183,996
2024-09-17 14:10:29.286000,402.0955008689617,1001
2024-09-17 14:10:29.297000,402.06285752817206,997
2024-09-17 14:10:29.381000,402.0862669429741,997
2024-09-17 14:10:29.521000,402.11057800716094,8
2024-09-17 14:10:29.559000,402.112594974976,996
2024-09-17 14:10:29.569000,402.08151840842913,1003
2024-09-17 14:10:29.672000,402.09193974785234,999
2024-09-17 14:10:29.673000,402.07720068238376,6
2024-09-17 14:10:29.700000,402.1032635647832,1000
2024-09-17 14:10:29.827000,402.0996632948679,1003
2024-09-17 14:10:29.892000,402.0676833346894,99
2024-09-17 14:10:30.065000,402.0576229804541,7
2024-09-17 14:10:30.165000,402.0684227795329,6
2024-09-17 14:10:30.175000,402.0765866122771,15
2024-09-17 14:10:30.227000,402.0686822716373,13
2024-09-17 14:10:30.229000,402.0777311069336,996
2024-09-17 14:10:30.238000,402.0493657190425,9
2024-09-17 14:10:30.253000,402.0582504061103,100
2024-09-17 14:10:30.323000,402.0689921048643,6
2024-09-17 14:10:30.590000,402.05990099388896,5
2024-09-17 14:10:30.628000,402.0575953200696,96
2024-09-17 14:10:30.678000,402.0650196302672,105
2024-09-17 14:10:30.724000,402.07053556979736,6
2024-09-17 14:10:31.015000,402.0424782642414,13
2024-09-17 14:10:31.065000,402.0233659212158,998
2024-09-17 14:10:31.248000,402.0734107306308,100
2024-09-17 14:10:31.342000,402.0415857151473,9
2024-09-17 14:10:31.357000,402.05971581491855,105
2024-09-17 14:10:31.432000,402.0954127429578,98
2024-09-17 14:10:31.454000,402.0414955268325,105
2024-09-17 14:10:31.530000,402.04066388522216,1001
2024-09-17 14:10:31.623000,402.0399946118228,8
2024-09-17 14:10:31.675000,402.04845834479113,14
2024-09-17 14:10:31.680000,402.028307333959,95
2024-09-17 14:10:31.759000,402.0504309931068,6
2024-09-17 14:10:31.830000,402.0595159940566,95
2024-09-17 14:10:31.841000,402.0368031298087,13
2024-09-17 14:10:31.908000,402.02312058800464,8
2024-09-17 14:10:31.981000,402.08884983744457,95
2024-09-17 14:10:32.165000,402.0642668602615,101
2024-09-17 14:10:32.245000,402.0857052896541,15
2024-09-17 14:10:32.246000,402.0622371505471,97
2024-09-17 14:10:32.259000,402.0618397408497,99
2024-09-17 14:10:32.361000,402.1193356692715,997
2024-09-17 14:10:32.364000,402.0533089720467,12
2024-09-17 14:10:32.439000,402.0515873303505,95
2024-09-17 14:10:32.448000,402.09508094753375,99
2024-09-17 14:10:32.554000,402.07655559338247,11
2024-09-17 14:10:32.610000,402.0683721723179,14
2024-09-17 14:10:32.714000,402.05260252355794,997
2024-09-17 14:10:32.743000,402.1127577433728,6
2024-09-17 14:10:32.755000,402.0566814024251,999
2024-09-17 14:10:32.867000,402.0577908332675,999
2024-09-17 14:10:32.906000,402.0722948690392,98
2024-09-17 14:10:32.910000,402.1106363685899,97
2024-09-17 14:10:32.916000,402.0476008361576,995
2024-09-17 14:10:32.935000,402.0797756543499,11
2024-09-17 14:10:33.016000,402.1113150755291,98
2024-09-17 14:10:33.027000,402.1050517003369,103
2024-09-17 14:10:33.089000,402.1279389644397,1001
2024-09-17 14:10:33.164000,402.10080137867953,1000
2024-09-17 14:10:33.241000,402.1205351025739,10
2024-09-17 14:10:33.290000,402.1127851098918,98
2024-09-17 14:10:33.393000,402.1087897537534,1004
2024-09-17 14:10:33.589000,402.1084466250768,97
2024-09-17 14:10:33.691000,402.1179555058389,14
2024-09-17 14:10:33.714000,402.07099381451343,997
2024-09-17 14:10:33.720000,402.1192067280666,1001
2024-09-17 14:10:33.744000,402.1185403312927,96
2024-09-17 14:10:34.052000,402.0635503272829,10
2024-09-17 14:10:34.065000,402.0541207165017,97
2024-09-17 14:10:34.155000,402.0821379738825,998
2024-09-17 14:10:34.248000,402.067480465822,5
2024-09-17 14:10:34.287000,402.0667909250544,102
2024-09-17 14:10:34.365000,402.0730231174526,104
2024-09-17 14:10:34.496000,402.05287601365546,101
2024-09-17 14:10:34.588000,402.0784560458661,99
2024-09-17 14:10:37.060000,402.0560387021029,105
2024-09-17 14:10:37.156000,402.0420632299743,13
2024-09-17 14:10:37.364000,402.0473832166627,1003
2024-09-17 14:10:37.739000,402.0516561093228,96
2024-09-17 14:10:38.025000,402.0123522989903,5
2024-09-17 14:10:38.235000,402.0255252498867,999
2024-09-17 14:10:38.349000,401.99183078892486,11
2024-09-17 14:10:38.385000,402.0327642077259,1003
2024-09-17 14:10:38.454000,402.0008663125339,1005
2024-09-17 14:10:38.579000,402.0333932761989,105
2024-09-17 14:10:38.890000,402.02144525681126,9
2024-09-17 14:10:39.053000,401.97513264192577,1004
2024-09-17 14:10:39.065000,401.9728104184417,100
2024-09-17 14:10:39.111000,401.976967056677,997
2024-09-17 14:10:39.118000,401.9845293659338,95
2024-09-17 14:10:39.194000,401.9754057552929,13
2024-09-17 14:10:39.252000,401.9740292236776,97
2024-09-17 14:10:39.322000,401.9628356858073,1004
2024-09-17 14:10:39.333000,401.9809862024485,997
2024-09-17 14:10:39.352000,401.9685826218754,995
2024-09-17 14:10:39.494000,401.9578864726144,15
2024-09-17 14:10:39.616000,401.9688745238317,999
2024-09-17 14:10:39.650000,401.9789524676876,1005
2024-09-17 14:10:39.665000,401.9839203108221,11
2024-09-17 14:10:39.805000,401.98932693088113,6
2024-09-17 14:10:39.885000,401.9858551589129,99
2024-09-17 14:10:39.940000,401.98206050536646,104
2024-09-17 14:10:40.024000,401.9673849290598,1002
2024-09-17 14:10:40.260000,401.95051439529817,995
2024-09-17 14:10:40.775000,401.9511522480841,998
2024-09-17 14:10:41.014000,401.923531634005,96
2024-09-17 14:10:41.024000,401.8837124839512,1000
2024-09-17 14:10:41.035000,401.8719263382593,96
2024-09-17 14:10:41.040000,401.8728234703042,9
2024-09-17 14:10:41.075000,401.8803762008829,999
2024-09-17 14:10:41.210000,401.9107402710487,101
2024-09-17 14:10:41.224000,401.8863018590414,101
2024-09-17 14:10:41.275000,401.9492917472007,12
2024-09-17 14:10:41.300000,401.9351034446982,98
2024-09-17 14:10:41.337000,401.8790785312104,996
2024-09-17 14:10:41.351000,401.90999670848913,995
2024-09-17 14:10:41.370000,401.9085744922821,11
2024-09-17 14:10:41.404000,401.8907509405685,99
2024-09-17 14:10:41.467000,401.8928054222393,98
2024-09-17 14:10:41.482000,401.8860695978673,996
2024-09-17 14:10:41.541000,401.9153393564882,1000
2024-09-17 14:10:41.546000,401.9120518348634,1000
2024-09-17 14:10:41.552000,401.9269896264611,1005
2024-09-17 14:10:41.582000,401.88289209404206,1003
2024-09-17 14:10:41.726000,401.8816418001877,6
2024-09-17 14:10:41.755000,401.8725405337099,7
2024-09-17 14:10:41.758000,401.9305421935047,96
2024-09-17 14:10:41.792000,401.910408154945,6
2024-09-17 14:10:41.810000,401.9532263782268,1004
2024-09-17 14:10:41.812000,401.8654507846224,998
2024-09-17 14:10:41.895000,401.9226056785389,96
2024-09-17 14:10:41.955000,401.942983972757,101
2024-09-17 14:10:41.958000,401.8948438672424,98
2024-09-17 14:10:41.996000,401.8808879131907,14
2024-09-17 14:10:42,401.9609511030057,103
2024-09-17 14:10:42.027000,401.90867340438007,99
2024-09-17 14:10:42.083000,401.9658447852794,6
2024-09-17 14:10:42.107000,401.8985838014125,102
2024-09-17 14:10:42.228000,401.8997685864534,1000
2024-09-17 14:10:42.232000,401.9537837526049,105
2024-09-17 14:10:42.264000,401.9519459539932,11
2024-09-17 14:10:42.327000,401.9315684919831,103
2024-09-17 14:10:42.393000,401.9342212483117,14
2024-09-17 14:10:42.490000,401.929725938949,102
2024-09-17 14:10:42.496000,401.9153651938693,997
2024-09-17 14:10:42.511000,401.9553591370912,12
2024-09-17 14:10:42.523000,401.9197741050688,104
2024-09-17 14:10:42.532000,401.9501314323153,7
2024-09-17 14:10:42.536000,401.9532669905384,11
2024-09-17 14:10:42.627000,401.9164791821199,8
2024-09-17 14:10:42.652000,401.907311030307,1000
2024-09-17 14:10:42.673000,401.9293973229213,11
2024-09-17 14:10:42.680000,401.953323691896,1004
2024-09-17 14:10:42.761000,401.9642788649949,10
2024-09-17 14:10:42.883000,401.9502276373795,101
2024-09-17 14:10:43.006000,401.9391055983037,997
2024-09-17 14:10:43.011000,401.86286071537,1000
2024-09-17 14:10:43.049000,401.9285328274463,9
2024-09-17 14:10:43.080000,401.8644781221333,996
2024-09-17 14:10:43.129000,401.9290661233907,100
2024-09-17 14:10:43.134000,401.85445901680623,9
2024-09-17 14:10:43.156000,401.9131912151316,1004
2024-09-17 14:10:43.157000,401.89020039195134,12
2024-09-17 14:10:43.166000,401.8495159205805,103
2024-09-17 14:10:43.224000,401.8604544514407,11
2024-09-17 14:10:43.275000,401.8633479324791,1004
2024-09-17 14:10:43.408000,401.9195678052489,11
2024-09-17 14:10:43.482000,401.9361209450347,6
2024-09-17 14:10:43.514000,401.9388227668797,10
2024-09-17 14:10:43.551000,401.9236093686964,1001
2024-09-17 14:10:43.558000,401.9276176459719,1002
2024-09-17 14:10:43.592000,401.8892762479716,995
2024-09-17 14:10:43.622000,401.8738256423089,996
2024-09-17 14:10:43.633000,401.8875018167122,12
2024-09-17 14:10:43.643000,401.8708277112795,99
2024-09-17 14:10:43.847000,401.91189301884,104
2024-09-17 14:10:43.893000,401.92770645746816,100
2024-09-17 14:10:43.899000,401.8616977220275,96
2024-09-17 14:10:43.900000,401.8481551218972,1000
2024-09-17 14:10:43.924000,401.90369270940994,11
2024-09-17 14:10:43.939000,401.8533900572732,95
2024-09-17 14:10:43.941000,401.9153180007957,101
2024-09-17 14:10:43.989000,401.9106135028375,1005
2024-09-17 14:10:43.997000,401.8859272070064,14
2024-09-17 14:10:45.020000,401.86691164283496,102
2024-09-17 14:10:45.062000,401.8602184200401,14
2024-09-17 14:10:45.149000,401.8629205083035,101
2024-09-17 14:10:45.257000,401.8808389080877,97
2024-09-17 14:10:45.610000,401.8828266763026,102
2024-09-17 14:10:45.612000,401.8861636205021,1001
2024-09-17 14:10:45.666000,401.88715962527306,1000
2024-09-17 14:10:45.755000,401.8660770262997,995
2024-09-17 14:10:45.875000,401.87872365119154,96
2024-09-17 14:10:45.887000,401.8600039928297,5
2024-09-17 14:10:45.919000,401.8821369022924,14
2024-09-17 14:10:45.921000,401.88159120990935,102
2024-09-17 14:10:45.937000,401.8677895589184,100
2024-09-17 14:10:46.086000,401.8801422503606,998
2024-09-17 14:10:46.170000,401.8445893524512,95
2024-09-17 14:10:46.214000,401.8918448354249,10
2024-09-17 14:10:46.286000,401.8726006183848,12
2024-09-17 14:10:46.348000,401.88381004020647,996
2024-09-17 14:10:46.356000,401.86776434225726,103
2024-09-17 14:10:46.361000,401.8812014625557,95
2024-09-17 14:10:46.420000,401.8378706328127,6
2024-09-17 14:10:46.445000,401.8699089410449,7
2024-09-17 14:10:46.517000,401.8576079508408,11
2024-09-17 14:10:46.592000,401.840694267949,12
2024-09-17 14:10:46.606000,401.8421981443507,96
2024-09-17 14:10:46.720000,401.8815557317317,11
2024-09-17 14:10:46.797000,401.8195975938561,13
2024-09-17 14:10:46.804000,401.8499419153192,1003
2024-09-17 14:10:46.821000,401.8771576489687,102
2024-09-17 14:10:46.878000,401.9016660855625,11
2024-09-17 14:10:46.904000,401.89149186714445,100
2024-09-17 14:10:47.523000,401.865871604594,1003
2024-09-17 14:10:47.740000,401.847016974122,98
2024-09-17 14:10:47.778000,401.85180886789607,11
2024-09-17 14:10:48.012000,401.89649115263904,98
2024-09-17 14:10:48.029000,401.92378644539593,9
2024-09-17 14:10:48.039000,401.8786868088882,11
2024-09-17 14:10:48.086000,401.9043679952431,14
2024-09-17 14:10:48.102000,401.9153591377007,14
2024-09-17 14:10:48.112000,401.92523534775233,1002
2024-09-17 14:10:48.149000,401.8891072303203,1002
2024-09-17 14:10:48.161000,401.9204774785664,101
2024-09-17 14:10:48.261000,401.9231618256081,1000
2024-09-17 14:10:48.320000,401.9154112077276,1003
2024-09-17 14:10:48.357000,401.9007971500846,996
2024-09-17 14:10:48.399000,401.9122555024789,98
2024-09-17 14:10:48.459000,401.92141380985134,8
2024-09-17 14:10:48.554000,401.9039408161207,103
2024-09-17 14:10:48.607000,401.9216379882655,9
2024-09-17 14:10:48.631000,401.92175230185177,995
2024-09-17 14:10:48.633000,401.9264758131052,103
2024-09-17 14:10:48.682000,401.8905795633549,1004
2024-09-17 14:10:48.695000,401.8947316907968,1002
2024-09-17 14:10:48.711000,401.92290150649495,95
2024-09-17 14:10:48.712000,401.9164097523532,8
2024-09-17 14:10:48.823000,401.9353670353252,998
2024-09-17 14:10:48.827000,401.9057398849936,1000
2024-09-17 14:10:48.984000,401.935128325296,100
2024-09-17 14:10:49.107000,401.9276815772224,996
2024-09-17 14:10:49.163000,401.9360036220893,995
2024-09-17 14:10:49.219000,401.9371954565038,101
2024-09-17 14:10:49.413000,401.9401979347073,1005
2024-09-17 14:10:49.809000,401.9280643675801,997
2024-09-17 14:10:49.824000,401.9426998444722,105
2024-09-17 14:10:49.860000,401.9326148676967,105
2024-09-17 14:10:49.973000,401.92891889982633,1005
2024-09-17 14:10:50.084000,401.94372110031566,14
2024-09-17 14:10:50.209000,401.9389416191488,8
2024-09-17 14:10:50.275000,401.9517117621225,103
2024-09-17 14:10:50.277000,401.9278135354773,100
2024-09-17 14:10:50.280000,401.9513635426594,14
2024-09-17 14:10:50.307000,401.9331175308962,996
2024-09-17 14:10:50.410000,401.9413000444311,99
2024-09-17 14:10:50.469000,401.9323245331904,1000
2024-09-17 14:10:50.508000,401.9438474436952,1000
2024-09-17 14:10:50.537000,401.94545975903327,95
2024-09-17 14:10:50.547000,401.9286440120088,9
2024-09-17 14:10:50.559000,401.9413597580465,105
2024-09-17 14:10:50.572000,401.9279429148309,99
2024-09-17 14:10:50.604000,401.94783187040014,998
2024-09-17 14:10:50.677000,401.9382250357616,105
2024-09-17 14:10:50.797000,401.9280127903284,9
2024-09-17 14:10:50.797000,401.9401705566317,105
2024-09-17 14:10:50.802000,401.96815867969366,98
2024-09-17 14:10:50.918000,401.933351307114,7
2024-09-17 14:10:50.972000,401.9265540015258,12
2024-09-17 14:10:51.024000,401.9463482713311,11
2024-09-17 14:10:51.056000,401.9410096754823,102
2024-09-17 14:10:51.107000,401.958262316857,1003
2024-09-17 14:10:51.122000,401.9499041543694,100
2024-09-17 14:10:51.123000,401.9657121489386,99
2024-09-17 14:10:51.231000,401.9644031925304,104
2024-09-17 14:10:51.275000,401.9417503330635,96
2024-09-17 14:10:51.287000,401.9523450719279,995
2024-09-17 14:10:51.299000,401.9571133644874,1005
2024-09-17 14:10:51.358000,401.9591369114509,104
2024-09-17 14:10:51.387000,401.9411961301832,101
2024-09-17 14:10:51.487000,401.9467693204468,10
2024-09-17 14:10:51.487000,401.93324860783525,103
2024-09-17 14:10:51.503000,401.9612707807213,1000
2024-09-17 14:10:51.505000,401.95680288474665,13
2024-09-17 14:10:51.587000,401.94281046556944,997
2024-09-17 14:10:51.613000,401.9604674131072,1000
2024-09-17 14:10:51.727000,401.9564459036311,8
2024-09-17 14:10:51.760000,401.95492281360487,15
2024-09-17 14:10:51.779000,401.9462458939311,105
2024-09-17 14:10:51.782000,401.9347462031523,12
2024-09-17 14:10:51.933000,401.9469061736027,97
2024-09-17 14:10:52.105000,401.9250074086042,1002
2024-09-17 14:10:52.129000,401.9237123800697,998
2024-09-17 14:10:52.156000,401.9388611854508,1003
2024-09-17 14:10:52.207000,401.9410999053064,100
2024-09-17 14:10:52.297000,401.9390581622684,99
2024-09-17 14:10:52.323000,401.9005367207281,1000
2024-09-17 14:10:52.367000,401.92359088041934,105
2024-09-17 14:10:52.370000,401.9229452670627,996
2024-09-17 14:10:52.379000,401.9098926519822,13
2024-09-17 14:10:52.388000,401.939541268467,7
2024-09-17 14:10:52.441000,401.9240737173083,11
2024-09-17 14:10:52.451000,401.9360173061687,103
2024-09-17 14:10:52.563000,401.9272433277677,6
2024-09-17 14:10:52.587000,401.9263324091705,6
2024-09-17 14:10:52.668000,401.9249872505266,103
2024-09-17 14:10:52.680000,401.9440091733175,997
2024-09-17 14:10:52.682000,401.9676561326093,997
2024-09-17 14:10:52.724000,401.9432313304779,103
2024-09-17 14:10:52.767000,401.9443489437247,1001
2024-09-17 14:10:52.792000,401.9508013957424,999
2024-09-17 14:10:52.802000,401.95300567252366,1000
2024-09-17 14:10:52.833000,401.921547420824,12
2024-09-17 14:10:52.856000,401.9344404574088,98
2024-09-17 14:10:52.911000,401.93198477279327,98
2024-09-17 14:10:52.945000,401.94073317604506,14
2024-09-17 14:10:52.947000,401.9375996455778,103
2024-09-17 14:10:53.029000,401.9374536465557,98
2024-09-17 14:10:53.095000,401.92977551784486,1003
2024-09-17 14:10:53.162000,401.9258362229352,1001
2024-09-17 14:10:53.221000,401.9189927250466,104
2024-09-17 14:10:53.249000,401.9179411665798,998
2024-09-17 14:10:53.272000,401.9092136234079,996
2024-09-17 14:10:53.290000,401.9195329102666,11
2024-09-17 14:10:53.320000,401.94523062363584,1001
2024-09-17 14:10:53.350000,401.9259463676124,1005
2024-09-17 14:10:53.351000,401.92945398243927,14
2024-09-17 14:10:53.368000,401.9045968655556,99
2024-09-17 14:10:53.413000,401.9298068375111,1000
2024-09-17 14:10:53.416000,401.93647465649394,9
2024-09-17 14:10:53.429000,401.9447986989817,104
2024-09-17 14:10:53.445000,401.9379525491808,996
2024-09-17 14:10:53.462000,401.93227351716325,6
2024-09-17 14:10:53.539000,401.9254310061324,105
2024-09-17 14:10:53.590000,401.9538731798832,1000
2024-09-17 14:10:53.618000,401.934646672472,104
2024-09-17 14:10:53.672000,401.9520111399141,102
2024-09-17 14:10:53.693000,401.9356591983003,995
2024-09-17 14:10:53.872000,401.9284800621441,15
2024-09-17 14:10:53.907000,401.9485660738352,99
2024-09-17 14:10:53.952000,401.92306132546497,996
2024-09-17 14:10:53.970000,401.9291063595465,9
2024-09-17 14:10:54.073000,401.9357841114281,9
2024-09-17 14:10:54.076000,401.9583538377436,8
2024-09-17 14:10:54.128000,401.92414197396414,8
2024-09-17 14:10:54.192000,401.97765277272526,995
2024-09-17 14:10:54.232000,401.9511723008849,98
2024-09-17 14:10:54.282000,401.9518035791834,7
2024-09-17 14:10:54.388000,401.9226093041826,99
2024-09-17 14:10:54.400000,401.94606800614537,13
2024-09-17 14:10:54.431000,401.9586920692512,97
2024-09-17 14:10:54.552000,401.9615756214145,100
2024-09-17 14:10:54.558000,401.96739429126166,15
2024-09-17 14:10:54.679000,401.9352401683908,9
2024-09-17 14:10:54.711000,401.9757099222859,9
2024-09-17 14:10:54.726000,401.95180237078426,10
2024-09-17 14:10:54.790000,401.9399020132682,100
2024-09-17 14:10:54.822000,401.9665120141128,1002
2024-09-17 14:10:54.955000,401.9678516636224,103
2024-09-17 14:10:54.974000,401.9565557232226,96
2024-09-17 14:10:55.024000,402.0071678146309,15
2024-09-17 14:10:55.126000,402.0000188715738,15
2024-09-17 14:10:55.298000,401.9981468797066,15
2024-09-17 14:10:55.505000,401.9792959692553,95
2024-09-17 14:10:55.631000,401.98851252508337,999
2024-09-17 14:10:55.849000,401.9758121144909,9
2024-09-17 14:10:55.986000,401.9902225552185,9
2024-09-17 14:10:55.993000,402.0029130350167,103
2024-09-17 14:10:56.004000,401.9770905228166,999
2024-09-17 14:10:56.024000,401.9668618793412,995
2024-09-17 14:10:56.074000,401.91798295715313,8
2024-09-17 14:10:56.085000,401.9890266258736,13
2024-09-17 14:10:56.188000,401.8877581418369,14
2024-09-17 14:10:56.247000,401.90984264781576,998
2024-09-17 14:10:56.290000,401.9802801726484,104
2024-09-17 14:10:56.325000,401.8896292724232,102
2024-09-17 14:10:56.416000,401.901362689135,95
2024-09-17 14:10:56.422000,401.91942112941865,5
2024-09-17 14:10:56.485000,401.9898459521379,104
2024-09-17 14:10:56.536000,401.98893439770313,1000
2024-09-17 14:10:56.560000,401.9049384026841,5
2024-09-17 14:10:56.590000,401.9831482086611,9
2024-09-17 14:10:56.635000,401.8717194567236,998
2024-09-17 14:10:56.649000,401.9087854711131,99
2024-09-17 14:10:56.695000,401.9990838064609,103
2024-09-17 14:10:56.752000,401.9343141807684,10
2024-09-17 14:10:56.825000,401.9855388584955,11
2024-09-17 14:10:56.879000,401.95583231773145,1000
2024-09-17 14:10:56.904000,401.9818622981854,15
2024-09-17 14:10:56.990000,401.9096510008541,104
2024-09-17 14:10:57.071000,401.88237158990336,105
2024-09-17 14:10:57.165000,401.8951646612717,7
2024-09-17 14:10:57.203000,401.87896955196464,101
2024-09-17 14:10:57.213000,401.8799840616227,14
2024-09-17 14:10:57.263000,401.8847406595676,100
2024-09-17 14:10:57.418000,401.8841128341245,100
2024-09-17 14:10:57.453000,401.8736744753115,996
2024-09-17 14:10:57.505000,401.89392810757386,9
2024-09-17 14:10:57.506000,401.870493906785,1005
2024-09-17 14:10:57.531000,401.8774081280084,101
2024-09-17 14:10:57.649000,401.8865884809993,99
2024-09-17 14:10:57.735000,401.8691496232805,102
2024-09-17 14:10:57.942000,401.8891907902284,96
2024-09-17 14:10:57.979000,401.8667371797628,102
2024-09-17 14:10:58.036000,401.8852258794833,102
2024-09-17 14:10:58.558000,401.89500454321234,102
2024-09-17 14:10:59.757000,401.894901274032,97
