Timestamp,Price,Size
2024-09-19 13:50:00.016000,420.4319378044135,7
2024-09-19 13:50:00.018000,420.3851892414631,1001
2024-09-19 13:50:00.077000,420.41338112684457,997
2024-09-19 13:50:00.134000,420.4068875670396,995
2024-09-19 13:50:00.137000,420.4155498823322,98
2024-09-19 13:50:00.148000,420.3965675685331,5
2024-09-19 13:50:00.177000,420.3840581868576,8
2024-09-19 13:50:00.213000,420.4006640588981,10
2024-09-19 13:50:00.220000,420.3620780596016,999
2024-09-19 13:50:00.351000,420.4068270652687,1000
2024-09-19 13:50:00.373000,420.3782655808326,98
2024-09-19 13:50:00.447000,420.39812955549405,10
2024-09-19 13:50:00.452000,420.4248006018663,11
2024-09-19 13:50:00.458000,420.4075763835555,10
2024-09-19 13:50:00.487000,420.36990491490025,95
2024-09-19 13:50:00.512000,420.4052383090588,8
2024-09-19 13:50:00.587000,420.39529432547454,7
2024-09-19 13:50:00.592000,420.3983724151424,1003
2024-09-19 13:50:00.598000,420.4016449119514,1000
2024-09-19 13:50:00.684000,420.3713198853493,9
2024-09-19 13:50:00.710000,420.39373951335057,105
2024-09-19 13:50:00.744000,420.3706025678716,105
2024-09-19 13:50:00.774000,420.404061292902,15
2024-09-19 13:50:00.835000,420.3797074220932,7
2024-09-19 13:50:00.869000,420.40606829616513,95
2024-09-19 13:50:00.886000,420.3595827766958,1005
2024-09-19 13:50:00.892000,420.4164431097904,13
2024-09-19 13:50:00.894000,420.3593974271018,14
2024-09-19 13:50:00.910000,420.3775400599775,996
2024-09-19 13:50:01,420.39708094469074,10
2024-09-19 13:50:01.015000,420.401791216214,6
2024-09-19 13:50:01.103000,420.38962443411856,996
2024-09-19 13:50:01.252000,420.3873729167885,14
2024-09-19 13:50:01.262000,420.40667287934417,9
2024-09-19 13:50:01.404000,420.3741285688532,10
2024-09-19 13:50:01.406000,420.3999609714283,95
2024-09-19 13:50:01.456000,420.3829569854263,14
2024-09-19 13:50:01.522000,420.3951599144922,1001
2024-09-19 13:50:01.542000,420.3763940618637,1001
2024-09-19 13:50:01.576000,420.4092148144611,6
2024-09-19 13:50:01.671000,420.3962776453739,97
2024-09-19 13:50:01.733000,420.4041225714776,103
2024-09-19 13:50:01.812000,420.3733511190709,11
2024-09-19 13:50:01.914000,420.4047559138706,997
2024-09-19 13:50:02.012000,420.3531393750964,7
2024-09-19 13:50:02.015000,420.370073137803,99
2024-09-19 13:50:02.042000,420.355252733318,12
2024-09-19 13:50:02.050000,420.3902745337309,1000
2024-09-19 13:50:02.102000,420.3809764065636,996
2024-09-19 13:50:02.240000,420.3598860684955,9
2024-09-19 13:50:02.259000,420.36369971433993,998
2024-09-19 13:50:02.264000,420.3961909596241,996
2024-09-19 13:50:02.358000,420.3594803692874,7
2024-09-19 13:50:02.426000,420.3814380120828,1001
2024-09-19 13:50:02.429000,420.3673589253953,996
2024-09-19 13:50:02.436000,420.4017929651823,105
2024-09-19 13:50:02.452000,420.3736346033817,996
2024-09-19 13:50:02.514000,420.3760836340206,995
2024-09-19 13:50:02.569000,420.36956472090674,95
2024-09-19 13:50:02.588000,420.3858012185276,998
2024-09-19 13:50:02.680000,420.3808001360781,96
2024-09-19 13:50:02.714000,420.3590267819936,9
2024-09-19 13:50:02.719000,420.3452661002172,995
2024-09-19 13:50:02.735000,420.36426135270256,95
2024-09-19 13:50:02.756000,420.3535387527554,15
2024-09-19 13:50:02.764000,420.3703645709348,101
2024-09-19 13:50:02.826000,420.3853175267593,7
2024-09-19 13:50:02.873000,420.3645587701406,7
2024-09-19 13:50:02.992000,420.385358001613,97
2024-09-19 13:50:02.997000,420.3667697410469,1004
2024-09-19 13:50:03.015000,420.34781040192337,100
2024-09-19 13:50:03.039000,420.35130366250337,14
2024-09-19 13:50:03.124000,420.37470222207264,8
2024-09-19 13:50:03.197000,420.37844913598127,104
2024-09-19 13:50:03.327000,420.3574382602458,996
2024-09-19 13:50:03.344000,420.3768454756543,995
2024-09-19 13:50:03.384000,420.36509373310855,14
2024-09-19 13:50:03.407000,420.3588685939888,1000
2024-09-19 13:50:03.483000,420.3809190600265,96
2024-09-19 13:50:03.500000,420.3448673375361,995
2024-09-19 13:50:03.539000,420.36941746482455,996
2024-09-19 13:50:03.608000,420.36506146237184,1003
2024-09-19 13:50:03.657000,420.3466277294749,8
2024-09-19 13:50:03.671000,420.3763752072255,995
2024-09-19 13:50:03.697000,420.3718276763379,5
2024-09-19 13:50:03.746000,420.36603129197886,98
2024-09-19 13:50:03.807000,420.3663414388332,1003
2024-09-19 13:50:03.867000,420.338472599543,95
2024-09-19 13:50:03.948000,420.3743076128167,105
2024-09-19 13:50:03.958000,420.3839918483408,995
2024-09-19 13:50:03.982000,420.3536492132302,1000
2024-09-19 13:50:04.021000,420.385161681571,101
2024-09-19 13:50:04.305000,420.4094366392888,10
2024-09-19 13:50:04.306000,420.3846094463034,1004
2024-09-19 13:50:04.367000,420.3854209224659,996
2024-09-19 13:50:04.408000,420.3735927164624,996
2024-09-19 13:50:04.414000,420.39806101824814,103
2024-09-19 13:50:04.531000,420.38486527693817,13
2024-09-19 13:50:04.567000,420.412170480249,97
2024-09-19 13:50:04.726000,420.3839851545712,1002
2024-09-19 13:50:04.767000,420.38972486459096,13
2024-09-19 13:50:04.869000,420.3903977106716,96
2024-09-19 13:50:05.067000,420.43895786199926,1004
2024-09-19 13:50:05.244000,420.37150017495503,13
2024-09-19 13:50:05.507000,420.4136804387822,7
2024-09-19 13:50:05.564000,420.3770037280961,1005
2024-09-19 13:50:05.567000,420.35791091930366,999
2024-09-19 13:50:05.601000,420.4367918847296,101
2024-09-19 13:50:05.824000,420.3749926608108,1005
2024-09-19 13:50:05.849000,420.36556374819446,1004
2024-09-19 13:50:05.923000,420.3886173020792,996
2024-09-19 13:50:05.964000,420.4236575689949,9
2024-09-19 13:50:06.001000,420.3861235911884,7
2024-09-19 13:50:06.016000,420.3723703995097,999
2024-09-19 13:50:06.176000,420.3991726564181,5
2024-09-19 13:50:06.348000,420.3765679761989,9
2024-09-19 13:50:06.354000,420.3804719963259,995
2024-09-19 13:50:06.400000,420.3787072231584,11
2024-09-19 13:50:06.400000,420.3661315515672,7
2024-09-19 13:50:06.474000,420.3817491095809,1002
2024-09-19 13:50:06.630000,420.3574527057986,102
2024-09-19 13:50:06.633000,420.38829145156654,998
2024-09-19 13:50:06.690000,420.3586957326706,102
2024-09-19 13:50:06.785000,420.38701677143774,996
2024-09-19 13:50:06.799000,420.3807188669053,1005
2024-09-19 13:50:06.876000,420.3720776056728,1001
2024-09-19 13:50:06.940000,420.3643550122145,1005
2024-09-19 13:50:06.943000,420.3649359024962,1003
2024-09-19 13:50:07.022000,420.37931435371183,1002
2024-09-19 13:50:07.049000,420.3835151049337,12
2024-09-19 13:50:07.075000,420.38710366993934,997
2024-09-19 13:50:07.077000,420.37809980704566,1004
2024-09-19 13:50:07.206000,420.37634434125647,1002
2024-09-19 13:50:07.321000,420.3413279640283,5
2024-09-19 13:50:07.450000,420.39359192657474,9
2024-09-19 13:50:07.529000,420.368512537684,98
2024-09-19 13:50:07.629000,420.3663746497581,996
2024-09-19 13:50:07.685000,420.368267735657,5
2024-09-19 13:50:07.692000,420.3943624911797,105
2024-09-19 13:50:07.707000,420.337146168936,102
2024-09-19 13:50:07.859000,420.3730921898116,8
2024-09-19 13:50:07.909000,420.3496401656444,9
2024-09-19 13:50:08.012000,420.3605433969382,97
2024-09-19 13:50:08.032000,420.3765607023794,999
2024-09-19 13:50:08.068000,420.42539295803033,102
2024-09-19 13:50:08.175000,420.4017519157418,95
2024-09-19 13:50:08.195000,420.3703618559029,100
2024-09-19 13:50:08.200000,420.39746002214224,11
2024-09-19 13:50:08.267000,420.386815662654,1001
2024-09-19 13:50:08.354000,420.4061570482442,101
2024-09-19 13:50:08.367000,420.40539825163984,10
2024-09-19 13:50:08.422000,420.3816006268087,1004
2024-09-19 13:50:08.461000,420.3802119534551,6
2024-09-19 13:50:08.464000,420.36670764673886,1005
2024-09-19 13:50:08.478000,420.4030248863697,97
2024-09-19 13:50:08.551000,420.38476856548726,103
2024-09-19 13:50:08.566000,420.39331773847033,1003
2024-09-19 13:50:08.663000,420.3820218018401,995
2024-09-19 13:50:08.747000,420.3542793823625,100
2024-09-19 13:50:08.747000,420.39567724520793,5
2024-09-19 13:50:08.874000,420.3734997700747,997
2024-09-19 13:50:08.951000,420.4103144662739,102
2024-09-19 13:50:09.124000,420.386517950052,12
2024-09-19 13:50:09.254000,420.3780242203617,995
2024-09-19 13:50:09.313000,420.366163788214,998
2024-09-19 13:50:09.398000,420.3876336938992,8
2024-09-19 13:50:09.506000,420.3737717278783,104
2024-09-19 13:50:09.512000,420.3782571277973,15
2024-09-19 13:50:09.710000,420.3969183598166,101
2024-09-19 13:50:09.716000,420.3632580516943,97
2024-09-19 13:50:09.820000,420.3679480455275,104
2024-09-19 13:50:10.020000,420.3645345848135,8
2024-09-19 13:50:10.029000,420.3229462381399,95
2024-09-19 13:50:10.094000,420.3432144144625,1002
2024-09-19 13:50:10.095000,420.3684440286864,1003
2024-09-19 13:50:10.145000,420.3637822328572,96
2024-09-19 13:50:10.174000,420.3584370849724,15
2024-09-19 13:50:10.208000,420.34670244299423,999
2024-09-19 13:50:10.276000,420.3811737324779,12
2024-09-19 13:50:10.298000,420.40323455654806,101
2024-09-19 13:50:10.457000,420.33074219437697,1000
2024-09-19 13:50:10.522000,420.3307764678048,102
2024-09-19 13:50:10.648000,420.3697738233709,101
2024-09-19 13:50:10.662000,420.3863357586054,99
2024-09-19 13:50:10.708000,420.40049398815125,96
2024-09-19 13:50:10.710000,420.34128534809327,95
2024-09-19 13:50:10.780000,420.3485051211002,7
2024-09-19 13:50:10.826000,420.3529842179622,13
2024-09-19 13:50:10.885000,420.36337032708144,9
2024-09-19 13:50:10.930000,420.3441533832697,1001
2024-09-19 13:50:11.111000,420.3733191981586,97
2024-09-19 13:50:11.582000,420.3694059659403,101
2024-09-19 13:50:12.035000,420.3698248002712,7
2024-09-19 13:50:12.040000,420.3799916346413,7
2024-09-19 13:50:12.081000,420.366672767428,9
2024-09-19 13:50:12.162000,420.35178941340433,997
2024-09-19 13:50:12.168000,420.38477184095024,97
2024-09-19 13:50:12.213000,420.3812420762332,14
2024-09-19 13:50:12.309000,420.3794333977536,100
2024-09-19 13:50:12.403000,420.3862466473122,1002
2024-09-19 13:50:12.431000,420.37596126934665,6
2024-09-19 13:50:12.436000,420.3764126732788,1002
2024-09-19 13:50:12.515000,420.3568049063458,102
2024-09-19 13:50:12.543000,420.3848060043419,9
2024-09-19 13:50:12.580000,420.375105696156,1004
2024-09-19 13:50:12.713000,420.3731856069122,103
2024-09-19 13:50:12.856000,420.3783452045617,8
2024-09-19 13:50:12.924000,420.36917182946,98
2024-09-19 13:50:12.993000,420.3651398732789,99
2024-09-19 13:50:13.205000,420.3739843653096,102
2024-09-19 13:50:13.297000,420.377702574826,996
2024-09-19 13:50:13.520000,420.3788502440578,5
2024-09-19 13:50:14.006000,420.37337031708194,96
2024-09-19 13:50:14.109000,420.3801583871496,11
2024-09-19 13:50:14.171000,420.3817293720503,6
2024-09-19 13:50:14.197000,420.3317905372337,5
2024-09-19 13:50:14.315000,420.33826025604696,103
2024-09-19 13:50:14.379000,420.36161077460736,96
2024-09-19 13:50:14.406000,420.3797437239708,105
2024-09-19 13:50:14.448000,420.3442445469783,997
2024-09-19 13:50:14.458000,420.3753644778473,1001
2024-09-19 13:50:14.567000,420.3415947413205,1002
2024-09-19 13:50:14.605000,420.3697882214413,1004
2024-09-19 13:50:14.635000,420.3746520704984,995
2024-09-19 13:50:14.645000,420.33471986093576,99
2024-09-19 13:50:14.686000,420.3296538132656,98
2024-09-19 13:50:14.776000,420.3455917719169,6
2024-09-19 13:50:14.876000,420.3361442601438,1005
2024-09-19 13:50:14.892000,420.3622654058181,10
2024-09-19 13:50:14.999000,420.35753810055576,997
2024-09-19 13:50:15.072000,420.3072622705153,1000
2024-09-19 13:50:15.078000,420.3169932566661,102
2024-09-19 13:50:15.160000,420.3004368854728,98
2024-09-19 13:50:15.685000,420.3132271672635,13
2024-09-19 13:50:15.763000,420.30669217185937,13
2024-09-19 13:50:15.879000,420.3100981190706,997
2024-09-19 13:50:15.973000,420.2894641496189,105
2024-09-19 13:50:16.053000,420.36154248201694,7
2024-09-19 13:50:16.059000,420.38141328847377,102
2024-09-19 13:50:16.164000,420.3889704906454,1005
2024-09-19 13:50:16.178000,420.3655676690526,8
2024-09-19 13:50:16.267000,420.3861714047832,96
2024-09-19 13:50:16.318000,420.3735393484665,10
2024-09-19 13:50:16.371000,420.37071606760026,15
2024-09-19 13:50:16.435000,420.3879894142279,13
2024-09-19 13:50:16.455000,420.40152328003694,96
2024-09-19 13:50:16.497000,420.36816051896994,9
2024-09-19 13:50:16.515000,420.3821443796631,103
2024-09-19 13:50:16.521000,420.3615644504919,1001
2024-09-19 13:50:16.634000,420.33651893430414,998
2024-09-19 13:50:16.672000,420.3767197259071,99
2024-09-19 13:50:16.876000,420.3526702101036,104
2024-09-19 13:50:16.923000,420.37517291574153,998
2024-09-19 13:50:16.990000,420.3641969412614,15
2024-09-19 13:50:17.042000,420.3288850077952,1005
2024-09-19 13:50:17.048000,420.3393648348897,102
2024-09-19 13:50:17.081000,420.3319322761503,1001
2024-09-19 13:50:17.107000,420.3317287699629,996
2024-09-19 13:50:17.158000,420.3248275247451,1004
2024-09-19 13:50:17.195000,420.3269595081074,1002
2024-09-19 13:50:17.294000,420.3373117226567,97
2024-09-19 13:50:17.520000,420.3350882467026,104
2024-09-19 13:50:17.530000,420.3425315844655,13
2024-09-19 13:50:17.541000,420.3089575525222,100
2024-09-19 13:50:17.684000,420.33542525216274,15
2024-09-19 13:50:17.701000,420.3476002905479,996
2024-09-19 13:50:17.738000,420.338778522213,99
2024-09-19 13:50:17.769000,420.3400933892101,1002
2024-09-19 13:50:17.770000,420.33475927295774,12
2024-09-19 13:50:17.869000,420.35244844252185,1000
2024-09-19 13:50:18.186000,420.3121253917178,97
2024-09-19 13:50:18.487000,420.3087949863578,5
2024-09-19 13:50:19.016000,420.3299901367802,997
2024-09-19 13:50:19.086000,420.361161963386,5
2024-09-19 13:50:19.087000,420.3421731895868,104
2024-09-19 13:50:19.106000,420.2968060705801,996
2024-09-19 13:50:19.208000,420.354333202172,13
2024-09-19 13:50:19.388000,420.3066323116542,1000
2024-09-19 13:50:19.428000,420.2899658731254,9
2024-09-19 13:50:19.449000,420.2752344550552,102
2024-09-19 13:50:19.504000,420.31220726871743,96
2024-09-19 13:50:19.620000,420.3539841691351,97
2024-09-19 13:50:19.722000,420.27433124387306,15
2024-09-19 13:50:19.767000,420.32080950844585,1002
2024-09-19 13:50:19.799000,420.2709104377095,997
2024-09-19 13:50:19.836000,420.2631544669962,101
2024-09-19 13:50:19.896000,420.2596545985943,13
2024-09-19 13:50:19.927000,420.3574659693345,104
2024-09-19 13:50:20.002000,420.2589555226911,998
2024-09-19 13:50:20.026000,420.2565517339761,95
2024-09-19 13:50:20.156000,420.2027190074268,99
2024-09-19 13:50:20.220000,420.22310955759497,101
2024-09-19 13:50:20.263000,420.2647173747605,1001
2024-09-19 13:50:20.279000,420.257557787496,10
2024-09-19 13:50:20.284000,420.24960751381656,998
2024-09-19 13:50:20.336000,420.2135152298777,7
2024-09-19 13:50:20.359000,420.2453684158817,1000
2024-09-19 13:50:20.400000,420.2626512142772,15
2024-09-19 13:50:20.481000,420.2638986102158,1005
2024-09-19 13:50:20.523000,420.2194002222031,7
2024-09-19 13:50:20.523000,420.2566768350162,97
2024-09-19 13:50:20.535000,420.232857635244,1003
2024-09-19 13:50:20.684000,420.2411753838026,6
2024-09-19 13:50:20.720000,420.2287134249809,104
2024-09-19 13:50:20.740000,420.23057772401614,10
2024-09-19 13:50:20.760000,420.25847787896487,11
2024-09-19 13:50:20.802000,420.2109594832538,1000
2024-09-19 13:50:20.842000,420.214526425006,13
2024-09-19 13:50:20.851000,420.2430502787469,997
2024-09-19 13:50:20.887000,420.2043099209042,995
2024-09-19 13:50:20.915000,420.2455453743973,99
2024-09-19 13:50:20.991000,420.2111113494715,104
2024-09-19 13:50:21.014000,420.2163990001644,7
2024-09-19 13:50:21.021000,420.229677925914,11
2024-09-19 13:50:21.046000,420.2091354768591,1003
2024-09-19 13:50:21.115000,420.2192271581405,105
2024-09-19 13:50:21.126000,420.2138571210731,101
2024-09-19 13:50:21.128000,420.1928888439425,13
2024-09-19 13:50:21.131000,420.2454398700628,96
2024-09-19 13:50:21.195000,420.2576292524619,1002
2024-09-19 13:50:21.214000,420.2448550058462,1004
2024-09-19 13:50:21.281000,420.24237663850994,14
2024-09-19 13:50:21.333000,420.2043999462677,95
2024-09-19 13:50:21.384000,420.24327628629766,97
2024-09-19 13:50:21.389000,420.2112892239395,105
2024-09-19 13:50:21.410000,420.1993095963063,9
2024-09-19 13:50:21.419000,420.204422648944,1000
2024-09-19 13:50:21.477000,420.2012905171766,996
2024-09-19 13:50:21.514000,420.2438872748161,11
2024-09-19 13:50:21.564000,420.214045328593,104
2024-09-19 13:50:21.573000,420.2430922923568,11
2024-09-19 13:50:21.696000,420.2508195897719,96
2024-09-19 13:50:21.801000,420.2070707824106,105
2024-09-19 13:50:21.830000,420.2475732265245,1001
2024-09-19 13:50:21.863000,420.2358010471706,11
2024-09-19 13:50:21.963000,420.2428140932676,997
2024-09-19 13:50:21.977000,420.2424023910112,11
2024-09-19 13:50:22.607000,420.25879447389576,8
2024-09-19 13:50:22.707000,420.2495838535304,95
2024-09-19 13:50:23.034000,420.2545882821952,11
2024-09-19 13:50:23.071000,420.269175323,1005
2024-09-19 13:50:23.156000,420.2779130541164,1000
2024-09-19 13:50:23.174000,420.2715965112189,101
2024-09-19 13:50:23.191000,420.27063111285867,10
2024-09-19 13:50:23.260000,420.2805464147875,96
2024-09-19 13:50:23.262000,420.2744733393618,1005
2024-09-19 13:50:23.286000,420.2773989475726,103
2024-09-19 13:50:23.363000,420.2859661405516,103
2024-09-19 13:50:23.400000,420.2653014209169,99
2024-09-19 13:50:23.496000,420.2944725975161,102
2024-09-19 13:50:23.596000,420.28847113152347,998
2024-09-19 13:50:23.621000,420.282216093181,12
2024-09-19 13:50:23.698000,420.2964669597474,13
2024-09-19 13:50:23.732000,420.254282183234,101
2024-09-19 13:50:23.897000,420.2775767190855,996
2024-09-19 13:50:23.904000,420.2795874228534,11
2024-09-19 13:50:23.975000,420.2598731989303,101
2024-09-19 13:50:24.024000,420.3343764544082,14
2024-09-19 13:50:24.028000,420.26057529074825,996
2024-09-19 13:50:24.096000,420.3008879738245,7
2024-09-19 13:50:24.105000,420.2446408120784,104
2024-09-19 13:50:24.183000,420.3294451994013,10
2024-09-19 13:50:24.189000,420.2295363003964,998
2024-09-19 13:50:24.208000,420.33922332930337,98
2024-09-19 13:50:24.266000,420.226378324527,9
2024-09-19 13:50:24.280000,420.2793873681065,15
2024-09-19 13:50:24.290000,420.2255907404832,1004
2024-09-19 13:50:24.589000,420.34061839098086,998
2024-09-19 13:50:24.642000,420.3264174977021,105
2024-09-19 13:50:24.661000,420.2970130004528,6
2024-09-19 13:50:24.691000,420.2344556778427,1003
2024-09-19 13:50:24.703000,420.276284974741,14
2024-09-19 13:50:24.705000,420.2591221909572,12
2024-09-19 13:50:24.764000,420.31713172174176,10
2024-09-19 13:50:24.769000,420.3235547714319,101
2024-09-19 13:50:24.776000,420.32206045083154,102
2024-09-19 13:50:24.780000,420.32675399052994,1001
2024-09-19 13:50:24.788000,420.2957617907998,1001
2024-09-19 13:50:24.834000,420.2168910625259,9
2024-09-19 13:50:24.846000,420.2735543343346,13
2024-09-19 13:50:24.856000,420.2338152865221,11
2024-09-19 13:50:24.861000,420.2593060594873,1001
2024-09-19 13:50:24.889000,420.2509980202721,99
2024-09-19 13:50:24.965000,420.2659541011297,96
2024-09-19 13:50:25.739000,420.200239014649,1001
2024-09-19 13:50:25.743000,420.20498569219257,9
2024-09-19 13:50:25.978000,420.1976764281322,98
2024-09-19 13:50:26.207000,420.2057566299832,998
2024-09-19 13:50:26.415000,420.21770389602784,103
2024-09-19 13:50:26.465000,420.2080194819687,9
2024-09-19 13:50:26.494000,420.1995590964928,105
2024-09-19 13:50:26.513000,420.1981080975801,999
2024-09-19 13:50:26.764000,420.2191248857854,11
2024-09-19 13:50:26.802000,420.2034536161281,995
2024-09-19 13:50:26.943000,420.2131123096312,104
2024-09-19 13:50:27.128000,420.2009827927982,96
2024-09-19 13:50:27.238000,420.1886699382203,14
2024-09-19 13:50:27.346000,420.2013678157604,104
2024-09-19 13:50:27.368000,420.21359545465066,1003
2024-09-19 13:50:27.470000,420.2118422480857,104
2024-09-19 13:50:28,420.1892938518311,10
2024-09-19 13:50:28.005000,420.17783155978174,1002
2024-09-19 13:50:28.272000,420.21559598112407,105
2024-09-19 13:50:28.350000,420.18479316597336,100
2024-09-19 13:50:28.386000,420.2017215671349,1005
2024-09-19 13:50:28.407000,420.1742419734528,96
2024-09-19 13:50:28.417000,420.19739082103536,100
2024-09-19 13:50:28.601000,420.21642278129815,100
2024-09-19 13:50:28.628000,420.1942480342194,6
2024-09-19 13:50:28.738000,420.2064951818835,5
2024-09-19 13:50:28.795000,420.1837264506351,100
2024-09-19 13:50:28.811000,420.1889944836111,998
2024-09-19 13:50:28.884000,420.21506530557895,99
2024-09-19 13:50:28.916000,420.1994838149611,1002
2024-09-19 13:50:28.971000,420.17815886469214,996
2024-09-19 13:50:28.980000,420.215326493826,999
2024-09-19 13:50:28.992000,420.201207054793,14
2024-09-19 13:50:29.060000,420.2004958527444,1003
2024-09-19 13:50:29.326000,420.1859748863672,11
2024-09-19 13:50:29.477000,420.2045170878287,15
2024-09-19 13:50:29.586000,420.20087400303527,1003
2024-09-19 13:50:29.751000,420.2136355362287,1005
2024-09-19 13:50:29.920000,420.18910550171154,995
2024-09-19 13:50:30.071000,420.204842416309,12
2024-09-19 13:50:30.096000,420.1630148937274,5
2024-09-19 13:50:30.130000,420.2456040769128,999
2024-09-19 13:50:30.147000,420.2057056928736,101
2024-09-19 13:50:30.216000,420.18090840921934,100
2024-09-19 13:50:30.275000,420.1553948206265,104
2024-09-19 13:50:30.286000,420.1827912468788,99
2024-09-19 13:50:30.308000,420.2178035532836,9
2024-09-19 13:50:30.322000,420.2538107302608,6
2024-09-19 13:50:30.334000,420.21804953250864,8
2024-09-19 13:50:30.338000,420.1751809071669,1005
2024-09-19 13:50:30.345000,420.21767245275936,99
2024-09-19 13:50:30.369000,420.2482383214167,99
2024-09-19 13:50:30.403000,420.1945719032204,1001
2024-09-19 13:50:30.440000,420.2514721895213,104
2024-09-19 13:50:30.475000,420.1525328119232,996
2024-09-19 13:50:30.486000,420.20231031678094,9
2024-09-19 13:50:30.527000,420.2250380713724,8
2024-09-19 13:50:30.653000,420.21222505200194,99
2024-09-19 13:50:30.654000,420.18125024479633,996
2024-09-19 13:50:30.662000,420.1977200600893,6
2024-09-19 13:50:30.663000,420.2094367234898,99
2024-09-19 13:50:30.859000,420.18780763252266,15
2024-09-19 13:50:30.933000,420.2356578446541,999
2024-09-19 13:50:30.975000,420.18288518652366,1005
2024-09-19 13:50:30.984000,420.22714226041126,1002
2024-09-19 13:50:31.017000,420.1692215476451,999
2024-09-19 13:50:31.033000,420.15184046331854,1005
2024-09-19 13:50:31.126000,420.1524061510479,10
2024-09-19 13:50:31.154000,420.1318470239296,996
2024-09-19 13:50:31.166000,420.13638074135486,5
2024-09-19 13:50:31.284000,420.1757665491984,101
2024-09-19 13:50:31.287000,420.1425312054212,97
2024-09-19 13:50:31.332000,420.1488734333923,15
2024-09-19 13:50:31.395000,420.16037291547457,104
2024-09-19 13:50:31.442000,420.1370232270134,13
2024-09-19 13:50:31.612000,420.14361221986655,8
2024-09-19 13:50:31.613000,420.1547614626157,102
2024-09-19 13:50:31.764000,420.1431337997784,95
2024-09-19 13:50:31.785000,420.13424744440863,6
2024-09-19 13:50:31.861000,420.1627239978429,97
2024-09-19 13:50:32.056000,420.1180601883754,102
2024-09-19 13:50:32.060000,420.1104874581628,101
2024-09-19 13:50:32.169000,420.1531453511905,995
2024-09-19 13:50:32.230000,420.14266261202096,995
2024-09-19 13:50:32.333000,420.13804986052656,12
2024-09-19 13:50:32.377000,420.1697667472768,1003
2024-09-19 13:50:32.399000,420.12839131541074,97
2024-09-19 13:50:32.578000,420.1240075812321,15
2024-09-19 13:50:32.592000,420.1282000695033,9
2024-09-19 13:50:32.608000,420.14060525353,997
2024-09-19 13:50:32.831000,420.1122082764598,7
2024-09-19 13:50:32.850000,420.12542067830566,10
2024-09-19 13:50:32.851000,420.1321128836877,10
2024-09-19 13:50:32.862000,420.1217732742107,102
2024-09-19 13:50:33.007000,420.0819305703652,10
2024-09-19 13:50:33.041000,420.0596140492898,6
2024-09-19 13:50:33.097000,420.0913449416001,102
2024-09-19 13:50:33.163000,420.0653128897907,12
2024-09-19 13:50:33.266000,420.0886785558728,100
2024-09-19 13:50:33.290000,420.0627083184245,998
2024-09-19 13:50:33.343000,420.0676979315632,12
2024-09-19 13:50:33.346000,420.1104076410509,5
2024-09-19 13:50:33.423000,420.1037235469821,104
2024-09-19 13:50:33.738000,420.0905840049898,8
2024-09-19 13:50:33.791000,420.0914090566202,14
2024-09-19 13:50:33.802000,420.10176692119313,1005
2024-09-19 13:50:33.849000,420.103023206911,6
2024-09-19 13:50:33.957000,420.0530304979298,95
2024-09-19 13:50:33.961000,420.1157366524416,97
2024-09-19 13:50:34.161000,420.0285763099849,995
2024-09-19 13:50:34.190000,420.0403091370966,100
2024-09-19 13:50:34.239000,420.02812643099776,997
2024-09-19 13:50:34.430000,420.06400470810144,8
2024-09-19 13:50:34.536000,420.0845107121028,97
2024-09-19 13:50:34.540000,420.0128218990062,997
2024-09-19 13:50:34.565000,420.0606777888558,95
2024-09-19 13:50:34.588000,420.05898339544746,98
2024-09-19 13:50:34.652000,420.0113641850106,1002
2024-09-19 13:50:34.800000,420.067060060657,95
2024-09-19 13:50:34.817000,420.06047637289305,102
2024-09-19 13:50:34.985000,420.0442613782394,996
2024-09-19 13:50:35.068000,420.0308759990231,1002
2024-09-19 13:50:35.479000,420.0399103935591,102
2024-09-19 13:50:35.794000,420.0201930502988,1001
2024-09-19 13:50:36.009000,420.0014358088313,105
2024-09-19 13:50:36.107000,420.00195818449566,102
2024-09-19 13:50:36.172000,419.9693655369943,995
2024-09-19 13:50:36.178000,420.01832022846713,9
2024-09-19 13:50:36.228000,419.9757656316159,8
2024-09-19 13:50:36.248000,419.9851395209917,8
2024-09-19 13:50:36.328000,420.0093533237305,95
2024-09-19 13:50:36.355000,420.0113294226069,96
2024-09-19 13:50:36.370000,420.03849889234647,8
2024-09-19 13:50:36.534000,420.0267350432524,1001
2024-09-19 13:50:36.637000,420.0267324165733,1002
2024-09-19 13:50:36.639000,419.9766300268531,13
2024-09-19 13:50:36.640000,419.9807069632295,105
2024-09-19 13:50:36.668000,419.9962293610265,7
2024-09-19 13:50:36.706000,420.0197380702075,103
2024-09-19 13:50:36.726000,420.0228680864511,10
2024-09-19 13:50:36.749000,419.95896710887376,5
2024-09-19 13:50:36.864000,419.9621957280733,999
2024-09-19 13:50:36.886000,420.011462355185,103
2024-09-19 13:50:36.918000,420.00424202045537,104
2024-09-19 13:50:37.134000,419.9908645079661,1001
2024-09-19 13:50:38.056000,419.96915716134384,5
2024-09-19 13:50:38.417000,419.968822077097,102
2024-09-19 13:50:38.431000,419.9734892777511,1000
2024-09-19 13:50:38.877000,419.98551525961386,98
2024-09-19 13:50:38.940000,419.9588851071271,102
2024-09-19 13:50:39.030000,419.9855600759967,95
2024-09-19 13:50:39.069000,419.9939714255449,1005
2024-09-19 13:50:39.111000,420.0260064380057,99
2024-09-19 13:50:39.113000,420.024522297029,103
2024-09-19 13:50:39.129000,420.0172191049931,100
2024-09-19 13:50:39.153000,420.0209267628074,1005
2024-09-19 13:50:39.179000,419.9789805710023,1001
2024-09-19 13:50:39.188000,420.00741407025777,98
2024-09-19 13:50:39.199000,420.0157223926946,95
2024-09-19 13:50:39.207000,420.00285114186863,95
2024-09-19 13:50:39.297000,420.0189877089264,998
2024-09-19 13:50:39.307000,420.0240770169492,95
2024-09-19 13:50:39.337000,420.03162079768674,9
2024-09-19 13:50:39.438000,420.0241723501738,13
2024-09-19 13:50:39.457000,420.0194915913299,97
2024-09-19 13:50:39.479000,420.01487414655975,15
2024-09-19 13:50:39.603000,420.036868985732,9
2024-09-19 13:50:39.670000,420.040545249648,9
2024-09-19 13:50:39.685000,419.96837444217545,996
2024-09-19 13:50:39.780000,419.9861979932946,102
2024-09-19 13:50:39.965000,420.0231211120257,14
2024-09-19 13:50:39.991000,420.02243335767,100
2024-09-19 13:50:40,420.0386258776809,10
2024-09-19 13:50:40.019000,419.9991682507387,97
2024-09-19 13:50:40.038000,419.9955005589352,8
2024-09-19 13:50:40.091000,419.9824585656094,14
2024-09-19 13:50:40.246000,420.04720640687145,1000
2024-09-19 13:50:40.293000,420.0146320042317,13
2024-09-19 13:50:40.293000,420.0412802217036,98
2024-09-19 13:50:40.310000,420.00026418524993,6
2024-09-19 13:50:40.317000,419.9984068235796,95
2024-09-19 13:50:40.385000,419.99267591892,9
2024-09-19 13:50:40.518000,420.0480973403522,15
2024-09-19 13:50:40.609000,420.0337445246472,14
2024-09-19 13:50:40.636000,419.9990772976904,97
2024-09-19 13:50:40.663000,420.0312197526269,10
2024-09-19 13:50:40.668000,419.9953239853456,11
2024-09-19 13:50:40.684000,420.0511983354184,5
2024-09-19 13:50:40.763000,419.9903366045153,14
2024-09-19 13:50:40.778000,419.99417155688553,8
2024-09-19 13:50:40.803000,420.00361319537103,7
2024-09-19 13:50:40.828000,420.0316478730314,1001
2024-09-19 13:50:40.868000,419.996208576713,99
2024-09-19 13:50:40.942000,419.9999315625435,98
2024-09-19 13:50:40.950000,419.9905820690407,101
2024-09-19 13:50:40.958000,419.98727724472167,999
2024-09-19 13:50:40.983000,420.04969706069846,102
2024-09-19 13:50:40.983000,420.0393323723334,1004
2024-09-19 13:50:41.219000,420.00349324528185,997
2024-09-19 13:50:41.461000,420.034626130096,96
2024-09-19 13:50:41.759000,420.0094928583617,999
2024-09-19 13:50:41.784000,420.00474153917446,9
2024-09-19 13:50:41.785000,420.021355312523,100
2024-09-19 13:50:41.863000,420.0090673291836,96
2024-09-19 13:50:42.553000,419.9952450553666,96
2024-09-19 13:50:42.740000,420.0103328085141,6
2024-09-19 13:50:42.972000,420.0148029892775,1005
2024-09-19 13:50:42.976000,420.0351223092101,1001
2024-09-19 13:50:42.979000,420.0351902975667,105
2024-09-19 13:50:43.008000,420.016043256684,96
2024-09-19 13:50:43.023000,420.0027203166838,95
2024-09-19 13:50:43.202000,420.00093408833845,103
2024-09-19 13:50:43.247000,420.0162926844932,7
2024-09-19 13:50:43.360000,419.9879705636511,995
2024-09-19 13:50:43.361000,419.9660118006644,14
2024-09-19 13:50:43.443000,419.9757424252057,1000
2024-09-19 13:50:43.447000,419.9848432229229,1001
2024-09-19 13:50:43.532000,419.9878949897528,1005
2024-09-19 13:50:43.593000,419.96501975593503,997
2024-09-19 13:50:43.625000,419.9669666264665,6
2024-09-19 13:50:43.730000,419.96469585633776,99
2024-09-19 13:50:43.808000,419.9800150087723,102
2024-09-19 13:50:43.817000,420.006121473373,1001
2024-09-19 13:50:43.874000,419.9566710088876,102
2024-09-19 13:50:43.899000,420.0079519668183,996
2024-09-19 13:50:43.905000,419.982531394835,95
2024-09-19 13:50:43.927000,419.980639855764,5
2024-09-19 13:50:43.938000,419.9772857056538,102
2024-09-19 13:50:44.001000,419.9791050204489,1000
2024-09-19 13:50:44.022000,419.99968619270646,995
2024-09-19 13:50:44.127000,419.9580211139289,9
2024-09-19 13:50:44.132000,419.96250071661,99
2024-09-19 13:50:44.140000,419.9680477590462,95
2024-09-19 13:50:44.169000,419.9676083064205,13
2024-09-19 13:50:44.189000,419.943129097622,101
2024-09-19 13:50:44.323000,419.9788840616174,12
2024-09-19 13:50:44.329000,419.9829565798041,105
2024-09-19 13:50:44.346000,419.9684822535262,999
2024-09-19 13:50:44.363000,419.9603035789956,996
2024-09-19 13:50:44.402000,419.9720209894345,102
2024-09-19 13:50:44.404000,420.0162480151639,995
2024-09-19 13:50:44.424000,419.9704081555996,102
2024-09-19 13:50:44.449000,419.969440842683,14
2024-09-19 13:50:44.450000,420.0167437437669,1001
2024-09-19 13:50:44.496000,419.9474588967819,13
2024-09-19 13:50:44.497000,419.992418882108,10
2024-09-19 13:50:44.505000,419.9545661218739,1004
2024-09-19 13:50:44.510000,419.9667786519525,100
2024-09-19 13:50:44.515000,419.9971515569586,5
2024-09-19 13:50:44.544000,419.9602935963224,1003
2024-09-19 13:50:44.729000,420.01121877055976,103
2024-09-19 13:50:44.802000,420.01261143639033,15
2024-09-19 13:50:44.843000,419.9847404691745,996
2024-09-19 13:50:44.863000,419.9482296942855,997
2024-09-19 13:50:45.089000,420.0488907800567,5
2024-09-19 13:50:45.281000,420.0255863567125,10
2024-09-19 13:50:45.399000,420.0215408220528,7
2024-09-19 13:50:45.684000,420.0284516013889,8
2024-09-19 13:50:45.820000,420.0381891713961,96
2024-09-19 13:50:45.852000,420.0247959433951,104
2024-09-19 13:50:45.924000,420.03295773409616,15
2024-09-19 13:50:45.934000,420.0242855264869,101
2024-09-19 13:50:46.066000,420.0357520123839,1005
2024-09-19 13:50:46.119000,420.0020586532667,1003
2024-09-19 13:50:46.123000,420.0005340243789,99
2024-09-19 13:50:46.182000,419.9870298344578,14
2024-09-19 13:50:46.191000,420.0460105502517,103
2024-09-19 13:50:46.263000,419.9710668907573,103
2024-09-19 13:50:46.346000,419.98368821752194,100
2024-09-19 13:50:46.448000,419.9905759614932,14
2024-09-19 13:50:46.457000,419.99142646433495,14
2024-09-19 13:50:46.520000,419.9915819957171,11
2024-09-19 13:50:46.620000,420.0296544183173,102
2024-09-19 13:50:46.712000,419.9948615748627,9
2024-09-19 13:50:46.818000,419.9806363083625,6
2024-09-19 13:50:46.901000,420.0162486429886,7
2024-09-19 13:50:46.972000,420.0144082524373,998
2024-09-19 13:50:46.991000,420.0427126522219,6
2024-09-19 13:50:47.068000,419.9684577722902,104
2024-09-19 13:50:47.081000,419.9840343907561,12
2024-09-19 13:50:47.213000,419.9941059219743,1005
2024-09-19 13:50:47.262000,420.0044675871174,1000
2024-09-19 13:50:47.292000,419.9976689114271,15
2024-09-19 13:50:47.298000,420.0135577979614,995
2024-09-19 13:50:47.300000,419.9832028967449,15
2024-09-19 13:50:47.326000,420.0180579816672,1004
2024-09-19 13:50:47.581000,419.9929666691818,14
2024-09-19 13:50:47.644000,419.97222395818295,995
2024-09-19 13:50:47.661000,419.9657285838809,99
2024-09-19 13:50:47.668000,419.97177498437856,999
2024-09-19 13:50:47.707000,419.9839974240182,101
2024-09-19 13:50:47.748000,419.951244766786,7
2024-09-19 13:50:47.765000,419.9748351269981,10
2024-09-19 13:50:47.811000,419.952236834182,13
2024-09-19 13:50:47.859000,419.95802674989545,104
2024-09-19 13:50:47.969000,420.0080046549061,105
2024-09-19 13:50:47.981000,419.9906168788497,13
2024-09-19 13:50:47.981000,419.9925549829819,12
2024-09-19 13:50:48.136000,420.0293137280488,102
2024-09-19 13:50:48.207000,420.01779035568205,10
2024-09-19 13:50:48.352000,420.0231952112334,15
2024-09-19 13:50:48.381000,420.00128310548246,998
2024-09-19 13:50:48.388000,420.0135070456272,99
2024-09-19 13:50:48.527000,420.0018261539478,1005
2024-09-19 13:50:48.574000,420.0020863307684,1003
2024-09-19 13:50:48.692000,419.99890996944254,1002
2024-09-19 13:50:48.714000,419.99477406999847,1000
2024-09-19 13:50:48.916000,419.99392644941895,14
2024-09-19 13:50:49.056000,419.97381040688106,101
2024-09-19 13:50:49.105000,419.9876275289692,1000
2024-09-19 13:50:49.146000,419.97946011715504,11
2024-09-19 13:50:49.201000,419.9757159914592,998
2024-09-19 13:50:49.217000,419.9679561394348,97
2024-09-19 13:50:49.431000,419.988980068604,7
2024-09-19 13:50:49.538000,419.9844405120055,105
2024-09-19 13:50:49.552000,419.998565496668,101
2024-09-19 13:50:49.641000,419.9844422506165,15
2024-09-19 13:50:49.654000,419.9977496878018,104
2024-09-19 13:50:49.700000,419.9984132218893,101
2024-09-19 13:50:49.718000,419.9818441589353,105
2024-09-19 13:50:49.719000,420.0032170142259,9
2024-09-19 13:50:49.855000,419.9939057382446,104
2024-09-19 13:50:49.958000,419.9924104333636,995
2024-09-19 13:50:50.043000,419.9710913549375,9
2024-09-19 13:50:50.079000,419.99170064107057,102
2024-09-19 13:50:50.091000,419.9961046322894,1003
2024-09-19 13:50:50.093000,420.0181828470375,102
2024-09-19 13:50:50.118000,419.95955308062383,97
2024-09-19 13:50:50.149000,419.9517199404456,105
2024-09-19 13:50:50.155000,420.0279582232472,95
2024-09-19 13:50:50.180000,419.9876438113259,101
2024-09-19 13:50:50.188000,419.9987032445891,97
2024-09-19 13:50:50.242000,419.9786280901271,5
2024-09-19 13:50:50.321000,420.03258044450246,7
2024-09-19 13:50:50.324000,419.9957435741008,995
2024-09-19 13:50:50.504000,419.9789475741145,100
2024-09-19 13:50:50.638000,419.9563332590335,6
2024-09-19 13:50:50.640000,419.973542033314,1002
2024-09-19 13:50:50.711000,419.9857705927982,104
2024-09-19 13:50:50.725000,420.01187569309184,15
2024-09-19 13:50:50.756000,420.0274020629587,12
2024-09-19 13:50:50.843000,419.98308398244455,11
2024-09-19 13:50:50.849000,419.9908877122661,102
2024-09-19 13:50:50.878000,420.00202205146746,12
2024-09-19 13:50:50.880000,419.9920149733188,96
2024-09-19 13:50:50.890000,420.0022925894899,6
2024-09-19 13:50:50.917000,419.9906922073848,996
2024-09-19 13:50:50.921000,420.0221536634815,996
2024-09-19 13:50:50.974000,419.9671588976422,997
2024-09-19 13:50:50.975000,419.967281437276,1000
2024-09-19 13:50:50.984000,419.9708492454639,105
2024-09-19 13:50:52.020000,419.9618188882657,15
2024-09-19 13:50:52.068000,420.0077305248835,997
2024-09-19 13:50:52.073000,419.9716554738629,11
2024-09-19 13:50:52.106000,419.9168310306309,996
2024-09-19 13:50:52.119000,419.9112474583921,1000
2024-09-19 13:50:52.179000,419.90725804741214,1004
2024-09-19 13:50:52.192000,419.8943081950656,96
2024-09-19 13:50:52.216000,419.9576750427828,100
2024-09-19 13:50:52.345000,419.9059412021741,12
2024-09-19 13:50:52.375000,419.9259314361289,5
2024-09-19 13:50:52.408000,419.9147232585585,15
2024-09-19 13:50:52.411000,419.9481994205282,13
2024-09-19 13:50:52.421000,419.9005085374236,9
2024-09-19 13:50:52.425000,419.9867417443695,1005
2024-09-19 13:50:52.457000,419.9041816590348,104
2024-09-19 13:50:52.519000,419.9046273550016,1001
2024-09-19 13:50:52.543000,419.9267448909123,1000
2024-09-19 13:50:52.634000,420.01365437149417,1004
2024-09-19 13:50:52.770000,419.99094156067815,15
2024-09-19 13:50:52.770000,419.928419810182,7
2024-09-19 13:50:52.771000,419.90808701263023,98
2024-09-19 13:50:52.796000,419.894534215965,12
2024-09-19 13:50:52.817000,419.9166388791261,98
2024-09-19 13:50:52.821000,419.9121697575103,5
2024-09-19 13:50:52.927000,419.9867165984234,995
2024-09-19 13:50:52.932000,419.9243630371623,104
2024-09-19 13:50:53.007000,419.9158052024291,15
2024-09-19 13:50:53.009000,419.9304030964801,12
2024-09-19 13:50:53.018000,419.9197892522545,14
2024-09-19 13:50:53.021000,419.9308489354143,10
2024-09-19 13:50:53.127000,419.9485605819892,104
2024-09-19 13:50:53.225000,419.95153772691214,9
2024-09-19 13:50:53.234000,419.93675186029714,1001
2024-09-19 13:50:53.293000,419.950568499023,97
2024-09-19 13:50:53.390000,419.9610619659966,12
2024-09-19 13:50:53.474000,419.9308687443237,12
2024-09-19 13:50:53.486000,419.9326955942498,1001
2024-09-19 13:50:53.488000,419.9002770655633,1005
2024-09-19 13:50:53.506000,419.91921342462393,6
2024-09-19 13:50:53.513000,419.9435670737933,998
2024-09-19 13:50:53.563000,419.9059029028356,14
2024-09-19 13:50:53.603000,419.9600115509016,12
2024-09-19 13:50:53.749000,419.9335512121472,95
2024-09-19 13:50:53.780000,419.9363037192556,1000
2024-09-19 13:50:53.836000,419.9556091615604,98
2024-09-19 13:50:53.906000,419.9704242194579,9
2024-09-19 13:50:53.953000,419.93803240873535,104
2024-09-19 13:50:53.954000,419.92365795317,14
2024-09-19 13:50:53.966000,419.961606363105,997
2024-09-19 13:50:53.967000,419.9465021502336,14
2024-09-19 13:50:53.970000,419.9449555729683,104
2024-09-19 13:50:54.002000,419.9780671717251,10
2024-09-19 13:50:54.065000,419.9573043389212,96
2024-09-19 13:50:54.095000,420.0444721911241,96
2024-09-19 13:50:54.133000,420.0407360723735,13
2024-09-19 13:50:54.177000,420.0346893984657,1000
2024-09-19 13:50:54.236000,420.0316715755053,995
2024-09-19 13:50:54.327000,419.9839967720045,95
2024-09-19 13:50:54.331000,419.9598100778289,105
2024-09-19 13:50:54.366000,419.9602945744271,95
2024-09-19 13:50:54.503000,419.9585453584076,99
2024-09-19 13:50:54.516000,420.03808131294073,101
2024-09-19 13:50:54.551000,419.99889053493376,104
2024-09-19 13:50:54.556000,419.9470991856627,1005
2024-09-19 13:50:54.575000,420.01010237249307,15
2024-09-19 13:50:54.586000,419.9391706646769,99
2024-09-19 13:50:54.673000,419.9404373779866,9
2024-09-19 13:50:54.760000,419.9435714151227,1001
2024-09-19 13:50:54.773000,420.0453026039648,6
2024-09-19 13:50:54.843000,419.935565612174,11
2024-09-19 13:50:54.872000,419.9799754861745,1002
2024-09-19 13:50:54.943000,419.950104546528,105
2024-09-19 13:50:54.951000,419.9756782322215,99
2024-09-19 13:50:54.998000,419.9574032143717,104
2024-09-19 13:50:55.064000,420.0119465481789,95
2024-09-19 13:50:55.101000,420.04278885879154,996
2024-09-19 13:50:55.210000,420.06052378807817,14
2024-09-19 13:50:55.338000,420.0416399045546,1005
2024-09-19 13:50:55.401000,420.0484437099281,1005
2024-09-19 13:50:55.461000,419.965664197302,15
2024-09-19 13:50:55.461000,420.0686733684128,97
2024-09-19 13:50:55.700000,420.0581341590935,1005
2024-09-19 13:50:55.808000,419.96424060740696,6
2024-09-19 13:50:55.830000,419.9834751744719,13
2024-09-19 13:50:55.831000,420.0492493766726,995
2024-09-19 13:50:55.845000,420.02017364267726,10
2024-09-19 13:50:55.929000,420.06984897347166,104
2024-09-19 13:50:55.991000,420.08342613049626,12
2024-09-19 13:50:55.996000,420.0191787153475,99
2024-09-19 13:50:56.087000,420.0268330583438,1001
2024-09-19 13:50:56.130000,419.9819018703605,1003
2024-09-19 13:50:56.183000,420.110901282401,95
2024-09-19 13:50:56.208000,420.0868003493928,100
2024-09-19 13:50:56.299000,420.05719960212,11
2024-09-19 13:50:56.346000,419.9853491293526,1005
2024-09-19 13:50:56.382000,420.0223452633071,997
2024-09-19 13:50:56.435000,420.0174759979962,6
2024-09-19 13:50:56.608000,420.01471166463466,6
2024-09-19 13:50:56.623000,420.02717002106095,15
2024-09-19 13:50:56.737000,420.00921659878674,14
2024-09-19 13:50:56.759000,419.99484922365446,6
2024-09-19 13:50:56.775000,420.0260495449124,96
2024-09-19 13:50:56.857000,419.981807131244,1004
2024-09-19 13:50:56.943000,420.0212792931911,95
2024-09-19 13:50:56.999000,419.9663447768791,1001
2024-09-19 13:50:57.455000,420.0986199722312,98
2024-09-19 13:50:57.641000,420.09264667896383,15
2024-09-19 13:50:57.662000,420.1032691593064,1002
2024-09-19 13:50:57.714000,420.0719551204251,105
2024-09-19 13:50:57.986000,420.10061645273606,105
2024-09-19 13:50:58.060000,420.0646410471688,999
2024-09-19 13:50:58.117000,420.1215640745984,1003
2024-09-19 13:50:58.158000,420.12684313631786,101
2024-09-19 13:50:58.194000,420.0210682776809,98
2024-09-19 13:50:58.318000,420.11497088069103,1000
2024-09-19 13:50:58.329000,420.035271583764,13
2024-09-19 13:50:58.374000,420.0356788154809,102
2024-09-19 13:50:58.401000,420.0078665262846,13
2024-09-19 13:50:58.442000,420.0270290847166,6
2024-09-19 13:50:58.492000,420.1233873680109,105
2024-09-19 13:50:58.558000,420.14521956179806,105
2024-09-19 13:50:58.566000,420.125547519559,102
2024-09-19 13:50:58.689000,420.1123676249591,101
2024-09-19 13:50:58.718000,420.0357243475703,1001
2024-09-19 13:50:58.725000,420.0152275573869,5
2024-09-19 13:50:58.849000,420.0981649790801,996
2024-09-19 13:50:58.913000,420.06047136235776,6
2024-09-19 13:50:58.915000,420.1228838490903,11
2024-09-19 13:50:58.917000,420.0426530553041,98
2024-09-19 13:50:58.924000,420.0227791229144,1003
2024-09-19 13:50:59.023000,419.99797024248784,101
2024-09-19 13:50:59.114000,420.0263036269482,99
2024-09-19 13:50:59.349000,419.9912326876886,12
2024-09-19 13:50:59.486000,420.02064796650274,10
2024-09-19 13:50:59.739000,420.03751786928126,96
2024-09-19 13:50:59.760000,420.0228100838375,1003
2024-09-19 13:50:59.958000,420.0001237557735,103
2024-09-19 13:50:59.961000,420.0278474644966,10
2024-09-19 13:50:59.968000,420.00202176091096,5
2024-09-19 13:50:59.968000,420.0022596975937,9
