Timestamp,Price,Size
2024-09-17 12:15:00.071000,408.0807043684641,999
2024-09-17 12:15:00.241000,408.0963348857209,1001
2024-09-17 12:15:00.242000,408.05658562158027,7
2024-09-17 12:15:00.298000,408.0924762816933,14
2024-09-17 12:15:00.434000,408.1107924686047,996
2024-09-17 12:15:00.460000,408.11100359852367,13
2024-09-17 12:15:00.657000,408.1072179282496,997
2024-09-17 12:15:00.910000,408.0881414664976,1004
2024-09-17 12:15:00.927000,408.08852900264384,15
2024-09-17 12:15:00.991000,408.0966620925181,96
2024-09-17 12:15:01.038000,408.0935181834187,1002
2024-09-17 12:15:01.114000,408.0820573034217,6
2024-09-17 12:15:01.114000,408.0720074282121,104
2024-09-17 12:15:01.172000,408.08840072409424,7
2024-09-17 12:15:01.221000,408.0772116691514,998
2024-09-17 12:15:01.263000,408.0840961338546,105
2024-09-17 12:15:01.294000,408.0794644487739,96
2024-09-17 12:15:01.418000,408.10249341730525,1003
2024-09-17 12:15:01.424000,408.083187871489,6
2024-09-17 12:15:01.615000,408.0722529486907,100
2024-09-17 12:15:01.678000,408.0969551145588,10
2024-09-17 12:15:01.808000,408.063137459923,10
2024-09-17 12:15:01.957000,408.08019092988815,1003
2024-09-17 12:15:01.986000,408.0902828066972,102
2024-09-17 12:15:02.042000,408.0505622364492,104
2024-09-17 12:15:02.317000,408.0417509248512,9
2024-09-17 12:15:02.319000,408.0960620249023,100
2024-09-17 12:15:02.329000,408.0598535565538,6
2024-09-17 12:15:02.435000,408.07049777066845,1000
2024-09-17 12:15:02.479000,408.038746993665,1005
2024-09-17 12:15:02.488000,408.074863400237,12
2024-09-17 12:15:02.648000,408.0385752402333,14
2024-09-17 12:15:02.837000,408.07147291826686,13
2024-09-17 12:15:02.863000,408.0419514283782,8
2024-09-17 12:15:02.981000,408.0956023466672,104
2024-09-17 12:15:03.801000,408.0904841949479,996
2024-09-17 12:15:04.003000,408.1042255157452,97
2024-09-17 12:15:04.085000,408.0834514373517,104
2024-09-17 12:15:04.134000,408.1068331574826,7
2024-09-17 12:15:04.175000,408.1026383419676,104
2024-09-17 12:15:04.288000,408.1016016331752,103
2024-09-17 12:15:04.294000,408.11490903819526,15
2024-09-17 12:15:04.482000,408.07999618552566,14
2024-09-17 12:15:04.533000,408.1009232408076,1000
2024-09-17 12:15:04.535000,408.0916644420359,996
2024-09-17 12:15:04.547000,408.1272148432862,998
2024-09-17 12:15:04.611000,408.1087262068444,1004
2024-09-17 12:15:04.673000,408.0884344790587,999
2024-09-17 12:15:04.706000,408.1048865342566,1002
2024-09-17 12:15:04.787000,408.0866797846434,101
2024-09-17 12:15:04.791000,408.10278580376246,11
2024-09-17 12:15:04.799000,408.0947328708572,1003
2024-09-17 12:15:04.826000,408.1125092782771,9
2024-09-17 12:15:04.897000,408.108585250988,5
2024-09-17 12:15:05.025000,408.0183725478662,7
2024-09-17 12:15:05.060000,408.0146446936461,105
2024-09-17 12:15:05.148000,408.01685121672585,13
2024-09-17 12:15:05.190000,408.0547409359736,99
2024-09-17 12:15:05.245000,408.147362937334,998
2024-09-17 12:15:05.295000,408.0124027498728,1005
2024-09-17 12:15:05.322000,408.0551728438388,1005
2024-09-17 12:15:05.341000,408.12321044331566,998
2024-09-17 12:15:05.364000,408.0677037336206,15
2024-09-17 12:15:05.434000,408.0123162610081,1000
2024-09-17 12:15:05.439000,408.0106000909108,100
2024-09-17 12:15:05.460000,408.12385016031743,98
2024-09-17 12:15:05.465000,408.0922146926991,999
2024-09-17 12:15:05.561000,408.0650624935551,12
2024-09-17 12:15:05.807000,408.1038519772063,105
2024-09-17 12:15:05.814000,408.00670342949184,102
2024-09-17 12:15:05.905000,407.9981186392228,998
2024-09-17 12:15:05.924000,408.084742464298,100
2024-09-17 12:15:06.011000,408.0753320055076,99
2024-09-17 12:15:06.047000,408.0372141628512,1004
2024-09-17 12:15:06.071000,408.0515632708482,105
2024-09-17 12:15:06.157000,408.0478679024636,7
2024-09-17 12:15:06.176000,408.0320658975067,13
2024-09-17 12:15:06.193000,408.0640675238714,14
2024-09-17 12:15:06.198000,408.0524358534781,8
2024-09-17 12:15:06.200000,408.05066245313566,1004
2024-09-17 12:15:06.333000,408.0547851953135,101
2024-09-17 12:15:06.335000,408.0639443686977,15
2024-09-17 12:15:06.351000,408.0423443043713,1005
2024-09-17 12:15:06.379000,408.0543843839593,10
2024-09-17 12:15:06.394000,408.0605720816545,97
2024-09-17 12:15:06.416000,408.0511466068365,1000
2024-09-17 12:15:06.453000,408.0681567230777,102
2024-09-17 12:15:06.468000,408.0545476787989,997
2024-09-17 12:15:06.544000,408.0293204547564,1005
2024-09-17 12:15:06.662000,408.0874300038725,98
2024-09-17 12:15:06.720000,408.04292103758553,6
2024-09-17 12:15:06.778000,408.04920547355016,11
2024-09-17 12:15:06.794000,408.034457605744,1001
2024-09-17 12:15:06.811000,408.0509112472505,1004
2024-09-17 12:15:06.841000,408.0385594491406,99
2024-09-17 12:15:06.842000,408.06568998126426,11
2024-09-17 12:15:06.893000,408.0392211748455,14
2024-09-17 12:15:06.907000,408.06855332285215,99
2024-09-17 12:15:06.951000,408.0724527692478,102
2024-09-17 12:15:06.974000,408.0371691697201,12
2024-09-17 12:15:07.076000,408.0530051091199,1000
2024-09-17 12:15:07.172000,408.05845981337296,8
2024-09-17 12:15:07.201000,408.09069729929166,103
2024-09-17 12:15:07.307000,408.0538704642125,96
2024-09-17 12:15:07.343000,408.054440187069,1003
2024-09-17 12:15:07.389000,408.1008615186475,101
2024-09-17 12:15:07.424000,408.1099820365713,999
2024-09-17 12:15:07.444000,408.0638816496423,95
2024-09-17 12:15:07.485000,408.0612526396663,104
2024-09-17 12:15:07.525000,408.1207953058279,13
2024-09-17 12:15:07.573000,408.0770369312333,96
2024-09-17 12:15:07.635000,408.10503988773314,9
2024-09-17 12:15:07.658000,408.04363090159353,996
2024-09-17 12:15:07.752000,408.1078987898436,101
2024-09-17 12:15:07.776000,408.0996560889829,996
2024-09-17 12:15:07.958000,408.08704534500754,998
2024-09-17 12:15:07.993000,408.0927021104517,15
2024-09-17 12:15:07.999000,408.0695349015371,95
2024-09-17 12:15:08.121000,408.14712038664334,1002
2024-09-17 12:15:08.161000,408.1291309821793,101
2024-09-17 12:15:08.215000,408.1368893918994,1004
2024-09-17 12:15:08.259000,408.1712221311908,1001
2024-09-17 12:15:08.434000,408.1779458365895,5
2024-09-17 12:15:08.441000,408.1287149568324,997
2024-09-17 12:15:08.481000,408.1299198799463,100
2024-09-17 12:15:08.521000,408.1337849065926,100
2024-09-17 12:15:08.713000,408.1311535882627,95
2024-09-17 12:15:08.771000,408.13636610324966,1000
2024-09-17 12:15:08.806000,408.1432277037687,997
2024-09-17 12:15:08.836000,408.12502685239406,999
2024-09-17 12:15:08.877000,408.1776009134994,999
2024-09-17 12:15:08.945000,408.1245611242643,1003
2024-09-17 12:15:08.976000,408.16321414983867,9
2024-09-17 12:15:08.986000,408.1359142729061,1001
2024-09-17 12:15:09.037000,408.1468973118172,101
2024-09-17 12:15:09.148000,408.176344702462,995
2024-09-17 12:15:09.164000,408.1585221485008,6
2024-09-17 12:15:09.171000,408.18252744319386,12
2024-09-17 12:15:09.209000,408.1706659879711,1004
2024-09-17 12:15:09.265000,408.1419349891103,15
2024-09-17 12:15:09.354000,408.1564322083284,1002
2024-09-17 12:15:09.367000,408.1271265072758,99
2024-09-17 12:15:09.416000,408.1556220533765,997
2024-09-17 12:15:09.448000,408.1589896341425,10
2024-09-17 12:15:09.516000,408.1488063874571,96
2024-09-17 12:15:09.523000,408.1616804882577,1001
2024-09-17 12:15:09.545000,408.1904145940868,98
2024-09-17 12:15:09.550000,408.14637414230657,97
2024-09-17 12:15:09.588000,408.1574505779067,997
2024-09-17 12:15:09.624000,408.1753400612444,13
2024-09-17 12:15:09.674000,408.1748939260182,102
2024-09-17 12:15:09.683000,408.18001920170445,1004
2024-09-17 12:15:09.713000,408.1357344865367,998
2024-09-17 12:15:09.777000,408.1612816537002,12
2024-09-17 12:15:09.801000,408.2024589825039,14
2024-09-17 12:15:09.933000,408.16126413732354,8
2024-09-17 12:15:09.981000,408.18951157909,12
2024-09-17 12:15:09.998000,408.1833239917322,105
2024-09-17 12:15:10.142000,408.188522996819,14
2024-09-17 12:15:10.225000,408.1846794078948,5
2024-09-17 12:15:10.282000,408.1622922428404,11
2024-09-17 12:15:10.570000,408.1683052844957,100
2024-09-17 12:15:10.717000,408.1469297704412,98
2024-09-17 12:15:11.732000,408.17007804351385,6
2024-09-17 12:15:12.013000,408.1953815138048,995
2024-09-17 12:15:12.096000,408.2009108456109,100
2024-09-17 12:15:12.109000,408.2177751709952,102
2024-09-17 12:15:12.111000,408.2032444379942,997
2024-09-17 12:15:12.118000,408.2156471524862,8
2024-09-17 12:15:12.167000,408.2220679108378,1001
2024-09-17 12:15:12.211000,408.1871624506462,12
2024-09-17 12:15:12.319000,408.2142859530627,98
2024-09-17 12:15:12.358000,408.2213468958364,10
2024-09-17 12:15:12.381000,408.20757917186,103
2024-09-17 12:15:12.606000,408.219837681266,996
2024-09-17 12:15:12.639000,408.1898525046469,1000
2024-09-17 12:15:12.656000,408.21759201117374,15
2024-09-17 12:15:12.699000,408.2146936756103,12
2024-09-17 12:15:12.796000,408.222933715672,14
2024-09-17 12:15:12.894000,408.20007610620775,999
2024-09-17 12:15:13.027000,408.19814026531424,997
2024-09-17 12:15:13.069000,408.1980290487932,997
2024-09-17 12:15:13.071000,408.2034646520465,1005
2024-09-17 12:15:13.088000,408.2077473047521,9
2024-09-17 12:15:13.094000,408.1967312604211,13
2024-09-17 12:15:13.096000,408.1943628824416,96
2024-09-17 12:15:13.172000,408.1731045857195,996
2024-09-17 12:15:13.184000,408.20278841414193,97
2024-09-17 12:15:13.328000,408.2163921139643,101
2024-09-17 12:15:13.442000,408.1879549803133,8
2024-09-17 12:15:13.454000,408.1754046324625,7
2024-09-17 12:15:13.503000,408.193231011534,13
2024-09-17 12:15:13.566000,408.2111699924548,1003
2024-09-17 12:15:13.646000,408.19380156270825,10
2024-09-17 12:15:13.648000,408.1955921184585,995
2024-09-17 12:15:13.664000,408.2140815147041,7
2024-09-17 12:15:13.665000,408.1946863804918,10
2024-09-17 12:15:13.719000,408.2084865389332,97
2024-09-17 12:15:13.765000,408.2083788354945,11
2024-09-17 12:15:13.769000,408.1844077828204,995
2024-09-17 12:15:13.790000,408.20037237375226,11
2024-09-17 12:15:13.991000,408.21200098959696,9
2024-09-17 12:15:13.993000,408.1748406629524,103
2024-09-17 12:15:13.996000,408.1955425990996,95
2024-09-17 12:15:14.326000,408.1763868725926,11
2024-09-17 12:15:14.786000,408.2119082039227,100
2024-09-17 12:15:14.850000,408.2132984153436,1000
2024-09-17 12:15:14.893000,408.2250395105251,6
2024-09-17 12:15:14.901000,408.1802926146504,5
2024-09-17 12:15:15.002000,408.2324596169756,97
2024-09-17 12:15:15.089000,408.190140965474,99
2024-09-17 12:15:15.119000,408.2002659324128,995
2024-09-17 12:15:15.132000,408.2153293857352,10
2024-09-17 12:15:15.222000,408.2028728391368,999
2024-09-17 12:15:15.230000,408.2011697110525,996
2024-09-17 12:15:15.299000,408.22433405258937,101
2024-09-17 12:15:15.437000,408.2050441291134,98
2024-09-17 12:15:15.451000,408.19282193594296,98
2024-09-17 12:15:15.468000,408.2049555564009,9
2024-09-17 12:15:15.474000,408.2148195595239,9
2024-09-17 12:15:15.489000,408.1891693427636,102
2024-09-17 12:15:15.509000,408.1955070063441,1005
2024-09-17 12:15:15.532000,408.18483626992287,8
2024-09-17 12:15:15.739000,408.231924646836,14
2024-09-17 12:15:15.744000,408.181250034366,14
2024-09-17 12:15:15.824000,408.22740581932425,1004
2024-09-17 12:15:15.875000,408.2008408475143,5
2024-09-17 12:15:15.935000,408.19024519645495,999
2024-09-17 12:15:16.060000,408.2715747404299,995
2024-09-17 12:15:16.127000,408.27114527196215,5
2024-09-17 12:15:16.201000,408.26388066473135,1000
2024-09-17 12:15:16.343000,408.3010788067463,1005
2024-09-17 12:15:16.471000,408.271722820932,96
2024-09-17 12:15:16.483000,408.20913402286845,98
2024-09-17 12:15:16.529000,408.2648354400108,7
2024-09-17 12:15:16.547000,408.31980372302297,1002
2024-09-17 12:15:16.556000,408.2646100791509,100
2024-09-17 12:15:16.622000,408.2256892202219,995
2024-09-17 12:15:16.636000,408.2612640630635,102
2024-09-17 12:15:16.640000,408.25673040159626,98
2024-09-17 12:15:16.641000,408.2639903631681,1004
2024-09-17 12:15:16.681000,408.27931324543823,10
2024-09-17 12:15:16.690000,408.1988114444437,999
2024-09-17 12:15:16.709000,408.19951103924296,1001
2024-09-17 12:15:16.743000,408.27522405004026,999
2024-09-17 12:15:16.823000,408.2371305412656,100
2024-09-17 12:15:16.844000,408.1856518322288,104
2024-09-17 12:15:16.867000,408.302746000874,1002
2024-09-17 12:15:16.896000,408.265778381978,11
2024-09-17 12:15:17.013000,408.295541406752,997
2024-09-17 12:15:17.014000,408.2993717966584,13
2024-09-17 12:15:17.040000,408.3250279870865,1003
2024-09-17 12:15:17.096000,408.2963664918594,96
2024-09-17 12:15:17.096000,408.3200942959783,105
2024-09-17 12:15:17.154000,408.3142283535938,11
2024-09-17 12:15:17.172000,408.312226949457,1005
2024-09-17 12:15:17.205000,408.3121044808694,105
2024-09-17 12:15:17.312000,408.2938066928487,13
2024-09-17 12:15:17.327000,408.2939468722463,100
2024-09-17 12:15:17.330000,408.3206327130733,1000
2024-09-17 12:15:17.466000,408.3096435872405,98
2024-09-17 12:15:17.476000,408.3159132845963,1001
2024-09-17 12:15:17.506000,408.306180112345,100
2024-09-17 12:15:17.544000,408.2962651845073,98
2024-09-17 12:15:17.576000,408.3056735304226,995
2024-09-17 12:15:17.639000,408.2805264241354,15
2024-09-17 12:15:17.651000,408.3209068463959,997
2024-09-17 12:15:17.665000,408.2821171864077,102
2024-09-17 12:15:17.966000,408.30278682844727,12
2024-09-17 12:15:17.999000,408.3156413005474,14
2024-09-17 12:15:18.001000,408.2965334049592,1000
2024-09-17 12:15:18.133000,408.28490959060247,98
2024-09-17 12:15:18.224000,408.2880253686202,105
2024-09-17 12:15:18.381000,408.29731812259087,11
2024-09-17 12:15:18.457000,408.2805362343045,15
2024-09-17 12:15:18.458000,408.2783875706367,1005
2024-09-17 12:15:18.475000,408.2765791735068,15
2024-09-17 12:15:18.480000,408.2861419965028,103
2024-09-17 12:15:18.633000,408.3142569304812,995
2024-09-17 12:15:18.701000,408.2673634137787,13
2024-09-17 12:15:18.744000,408.286363771178,1000
2024-09-17 12:15:18.810000,408.27537129063626,96
2024-09-17 12:15:18.913000,408.29542991332175,10
2024-09-17 12:15:19.412000,408.2923315417773,1005
2024-09-17 12:15:19.485000,408.3006575570026,96
2024-09-17 12:15:19.637000,408.27753944860063,105
2024-09-17 12:15:19.736000,408.2857695824815,1003
2024-09-17 12:15:19.762000,408.2703953798497,98
2024-09-17 12:15:20.016000,408.2437650279168,995
2024-09-17 12:15:20.056000,408.2257584188994,995
2024-09-17 12:15:20.072000,408.2408364181059,6
2024-09-17 12:15:20.075000,408.2780911519024,105
2024-09-17 12:15:20.080000,408.2624761441372,1000
2024-09-17 12:15:20.204000,408.2651532401658,95
2024-09-17 12:15:20.234000,408.2659027795159,101
2024-09-17 12:15:20.320000,408.2253831208319,102
2024-09-17 12:15:20.374000,408.2741732405528,100
2024-09-17 12:15:20.404000,408.2562952312332,10
2024-09-17 12:15:20.497000,408.21092549080754,1004
2024-09-17 12:15:20.511000,408.2432152170967,1000
2024-09-17 12:15:20.531000,408.2536073019517,995
2024-09-17 12:15:20.547000,408.22791683234345,996
2024-09-17 12:15:20.638000,408.2252023597688,7
2024-09-17 12:15:20.655000,408.2283716507502,1000
2024-09-17 12:15:20.674000,408.2109963836761,99
2024-09-17 12:15:20.710000,408.240683958317,6
2024-09-17 12:15:20.728000,408.2138725094306,1002
2024-09-17 12:15:20.745000,408.20505924194106,1004
2024-09-17 12:15:20.770000,408.2491890869102,12
2024-09-17 12:15:20.777000,408.217661029356,99
2024-09-17 12:15:20.795000,408.242611498646,12
2024-09-17 12:15:20.837000,408.2155127145642,999
2024-09-17 12:15:20.869000,408.24495033315696,999
2024-09-17 12:15:20.980000,408.2352995595499,105
2024-09-17 12:15:21.523000,408.196770625405,1002
2024-09-17 12:15:21.925000,408.19348653540266,10
2024-09-17 12:15:22.098000,408.175773471794,8
2024-09-17 12:15:22.099000,408.1664424280352,15
2024-09-17 12:15:22.180000,408.16945233625984,6
2024-09-17 12:15:22.236000,408.17790027495965,95
2024-09-17 12:15:22.246000,408.1907323435937,996
2024-09-17 12:15:22.315000,408.19620654666016,12
2024-09-17 12:15:22.317000,408.1866831389751,996
2024-09-17 12:15:22.412000,408.1808897853711,1005
2024-09-17 12:15:22.487000,408.16097000668026,998
2024-09-17 12:15:22.853000,408.17874285183433,104
2024-09-17 12:15:23.091000,408.210861586936,15
2024-09-17 12:15:23.416000,408.2255078787009,12
2024-09-17 12:15:23.629000,408.2052145729792,999
2024-09-17 12:15:23.764000,408.2077806844623,1001
2024-09-17 12:15:23.849000,408.2002025410847,95
2024-09-17 12:15:23.903000,408.2075844344458,105
2024-09-17 12:15:23.930000,408.1947525579874,5
2024-09-17 12:15:24,408.1826153192436,103
2024-09-17 12:15:24.016000,408.2092090846122,5
2024-09-17 12:15:24.049000,408.1727526411228,5
2024-09-17 12:15:24.078000,408.2118086478666,1005
2024-09-17 12:15:24.094000,408.21083638515785,6
2024-09-17 12:15:24.096000,408.1528082331404,14
2024-09-17 12:15:24.235000,408.2374662736481,9
2024-09-17 12:15:24.253000,408.1413163899476,8
2024-09-17 12:15:24.297000,408.2358739258239,1000
2024-09-17 12:15:24.299000,408.1587603691912,11
2024-09-17 12:15:24.300000,408.1408895666656,9
2024-09-17 12:15:24.346000,408.16436806954187,995
2024-09-17 12:15:24.423000,408.2090316654285,103
2024-09-17 12:15:24.433000,408.19904154252976,8
2024-09-17 12:15:24.463000,408.1738765572172,95
2024-09-17 12:15:24.488000,408.20073469439455,9
2024-09-17 12:15:24.510000,408.1890582128009,996
2024-09-17 12:15:24.596000,408.2123001601306,96
2024-09-17 12:15:24.609000,408.1456217701636,14
2024-09-17 12:15:24.613000,408.1578578934068,105
2024-09-17 12:15:24.902000,408.2478303204351,5
2024-09-17 12:15:24.938000,408.2001043362208,101
2024-09-17 12:15:24.939000,408.2008784503847,100
2024-09-17 12:15:25.053000,408.1074489745026,1005
2024-09-17 12:15:25.168000,408.1082876746816,1002
2024-09-17 12:15:25.178000,408.1375810298824,1005
2024-09-17 12:15:25.208000,408.12897552315866,1001
2024-09-17 12:15:25.226000,408.1131038135998,1004
2024-09-17 12:15:25.261000,408.0974947822064,105
2024-09-17 12:15:25.295000,408.077526295241,1001
2024-09-17 12:15:25.353000,408.1211600685036,96
2024-09-17 12:15:25.405000,408.0786962177879,102
2024-09-17 12:15:25.475000,408.0852036837278,995
2024-09-17 12:15:25.550000,408.0794079479811,5
2024-09-17 12:15:25.654000,408.1221164519336,98
2024-09-17 12:15:25.659000,408.0904439702476,103
2024-09-17 12:15:25.694000,408.1343218737029,101
2024-09-17 12:15:25.755000,408.104320649754,95
2024-09-17 12:15:25.784000,408.0949913127001,995
2024-09-17 12:15:25.785000,408.1168453378787,99
2024-09-17 12:15:25.843000,408.1074003858012,104
2024-09-17 12:15:25.873000,408.1151418924613,103
2024-09-17 12:15:25.875000,408.0733765345428,1002
2024-09-17 12:15:25.969000,408.1229326081444,11
2024-09-17 12:15:26.039000,408.10880480955296,103
2024-09-17 12:15:26.044000,408.1050609514278,5
2024-09-17 12:15:26.090000,408.14692414550615,999
2024-09-17 12:15:26.161000,408.0795956185936,12
2024-09-17 12:15:26.341000,408.0803760115688,7
2024-09-17 12:15:26.374000,408.1302564073,998
2024-09-17 12:15:26.418000,408.14742852756166,104
2024-09-17 12:15:26.433000,408.1675809487895,6
2024-09-17 12:15:26.445000,408.1670693556864,7
2024-09-17 12:15:26.590000,408.17046057201736,12
2024-09-17 12:15:26.655000,408.08292580054007,1005
2024-09-17 12:15:26.664000,408.1231138748689,1004
2024-09-17 12:15:26.674000,408.09664878193416,103
2024-09-17 12:15:26.717000,408.1182518880468,11
2024-09-17 12:15:26.766000,408.17250633132994,101
2024-09-17 12:15:26.978000,408.1277708468009,104
2024-09-17 12:15:27.044000,408.1455828587391,14
2024-09-17 12:15:27.066000,408.1425352032752,1004
2024-09-17 12:15:27.100000,408.1787341967431,15
2024-09-17 12:15:27.162000,408.16742952459686,102
2024-09-17 12:15:27.283000,408.144092736507,1000
2024-09-17 12:15:27.324000,408.1748554684893,13
2024-09-17 12:15:27.500000,408.1724738161208,15
2024-09-17 12:15:27.513000,408.1417481561538,13
2024-09-17 12:15:27.521000,408.15882601944577,1002
2024-09-17 12:15:27.698000,408.1344348912241,1002
2024-09-17 12:15:27.727000,408.16024350599776,15
2024-09-17 12:15:27.730000,408.150606742284,101
2024-09-17 12:15:27.773000,408.1743372786237,5
2024-09-17 12:15:27.783000,408.1895616245765,100
2024-09-17 12:15:27.800000,408.19383559653846,12
2024-09-17 12:15:27.868000,408.15586193322633,1000
2024-09-17 12:15:28.002000,408.2339505203708,96
2024-09-17 12:15:28.051000,408.1849356721692,1000
2024-09-17 12:15:28.057000,408.1617740930582,1001
2024-09-17 12:15:28.072000,408.200193902762,101
2024-09-17 12:15:28.149000,408.2146614679343,100
2024-09-17 12:15:28.206000,408.217978380127,14
2024-09-17 12:15:28.233000,408.20953564887424,995
2024-09-17 12:15:28.323000,408.2224053151975,998
2024-09-17 12:15:28.363000,408.2131768738577,105
2024-09-17 12:15:28.382000,408.2171372743895,5
2024-09-17 12:15:28.422000,408.1842575640673,1001
2024-09-17 12:15:28.434000,408.1859781852701,105
2024-09-17 12:15:28.457000,408.2243431805037,996
2024-09-17 12:15:28.504000,408.1828735372866,6
2024-09-17 12:15:28.573000,408.1974429650536,105
2024-09-17 12:15:28.754000,408.2170287500325,10
2024-09-17 12:15:28.774000,408.2272652375756,1004
2024-09-17 12:15:28.980000,408.2184323276331,101
2024-09-17 12:15:29.008000,408.21992079634566,999
2024-09-17 12:15:29.052000,408.2086962622137,1004
2024-09-17 12:15:29.192000,408.2346205254205,9
2024-09-17 12:15:29.224000,408.2565374526436,5
2024-09-17 12:15:29.288000,408.2702428258497,103
2024-09-17 12:15:29.338000,408.27284336872,998
2024-09-17 12:15:29.434000,408.2313455165281,102
2024-09-17 12:15:29.526000,408.2178311074688,100
2024-09-17 12:15:29.527000,408.2326427034473,104
2024-09-17 12:15:29.606000,408.2128480151216,104
2024-09-17 12:15:29.685000,408.2666129025241,9
2024-09-17 12:15:29.767000,408.2349476008546,13
2024-09-17 12:15:29.935000,408.21705623993967,1005
2024-09-17 12:15:29.945000,408.23225144102497,12
2024-09-17 12:15:29.967000,408.2140553796271,104
2024-09-17 12:15:29.994000,408.2378626947279,99
2024-09-17 12:15:29.997000,408.2142931670599,1003
2024-09-17 12:15:30.018000,408.2522493939657,1003
2024-09-17 12:15:30.047000,408.23932922625966,1000
2024-09-17 12:15:30.065000,408.2776416795127,97
2024-09-17 12:15:30.109000,408.2850965634293,15
2024-09-17 12:15:30.199000,408.2364867492677,96
2024-09-17 12:15:30.274000,408.2491487207925,95
2024-09-17 12:15:30.360000,408.24819658991584,10
2024-09-17 12:15:30.365000,408.23466608533386,96
2024-09-17 12:15:30.381000,408.2387833821598,95
2024-09-17 12:15:30.430000,408.26880266960416,9
2024-09-17 12:15:30.481000,408.27016560730624,97
2024-09-17 12:15:30.568000,408.26621479419,104
2024-09-17 12:15:30.598000,408.2687424388088,10
2024-09-17 12:15:30.604000,408.28832189365966,999
2024-09-17 12:15:30.702000,408.2827986250219,999
2024-09-17 12:15:30.768000,408.2826418570991,98
2024-09-17 12:15:30.768000,408.2740055211423,13
2024-09-17 12:15:30.791000,408.2290950896918,97
2024-09-17 12:15:30.804000,408.2713655558417,15
2024-09-17 12:15:30.885000,408.2827199695824,999
2024-09-17 12:15:30.890000,408.25917056379,995
2024-09-17 12:15:31.051000,408.27629608830665,997
2024-09-17 12:15:31.103000,408.2430676179261,1000
2024-09-17 12:15:31.116000,408.33110625318926,103
2024-09-17 12:15:31.139000,408.3085911065939,105
2024-09-17 12:15:31.181000,408.2911521851951,9
2024-09-17 12:15:31.233000,408.3082011055525,96
2024-09-17 12:15:31.287000,408.31284425102825,97
2024-09-17 12:15:31.296000,408.28618196506415,1004
2024-09-17 12:15:31.300000,408.2839036081077,6
2024-09-17 12:15:31.322000,408.30048361365465,95
2024-09-17 12:15:31.510000,408.2499788468549,1001
2024-09-17 12:15:31.511000,408.2925904928063,7
2024-09-17 12:15:31.725000,408.2702231361741,996
2024-09-17 12:15:31.775000,408.2655474321526,96
2024-09-17 12:15:31.792000,408.2566251113119,99
2024-09-17 12:15:31.819000,408.2929501430865,1005
2024-09-17 12:15:31.819000,408.328165975377,98
2024-09-17 12:15:31.857000,408.26167651349226,97
2024-09-17 12:15:31.935000,408.2761463276401,12
2024-09-17 12:15:31.989000,408.2925794002521,999
2024-09-17 12:15:32.056000,408.22021416890806,1002
2024-09-17 12:15:32.110000,408.24203024991215,98
2024-09-17 12:15:32.225000,408.22661177752354,8
2024-09-17 12:15:32.300000,408.2731773989215,102
2024-09-17 12:15:32.314000,408.22731776297286,14
2024-09-17 12:15:32.376000,408.26354140751874,1000
2024-09-17 12:15:32.391000,408.27524622489136,999
2024-09-17 12:15:32.424000,408.23814608818174,13
2024-09-17 12:15:32.425000,408.2173174340649,15
2024-09-17 12:15:32.472000,408.2590200717804,996
2024-09-17 12:15:32.504000,408.2723215946024,100
2024-09-17 12:15:32.676000,408.22160399562256,6
2024-09-17 12:15:32.709000,408.2241661925016,12
2024-09-17 12:15:32.781000,408.278136072288,96
2024-09-17 12:15:32.828000,408.2414428073006,1001
2024-09-17 12:15:33.035000,408.25285024527926,997
2024-09-17 12:15:33.058000,408.2781110841198,997
2024-09-17 12:15:33.135000,408.2754333817363,1001
2024-09-17 12:15:33.156000,408.2733109172014,998
2024-09-17 12:15:33.173000,408.2430740958622,1005
2024-09-17 12:15:33.190000,408.30026526576495,5
2024-09-17 12:15:33.219000,408.2890739059391,995
2024-09-17 12:15:33.259000,408.24372932928696,11
2024-09-17 12:15:33.350000,408.25835042573726,1004
2024-09-17 12:15:33.378000,408.2611865168918,1001
2024-09-17 12:15:33.394000,408.2337315287888,104
2024-09-17 12:15:33.425000,408.2744202902882,98
2024-09-17 12:15:33.429000,408.27331977509454,7
2024-09-17 12:15:33.460000,408.2784596348517,101
2024-09-17 12:15:33.634000,408.2891373092984,100
2024-09-17 12:15:33.689000,408.3060787624148,5
2024-09-17 12:15:33.705000,408.25236797396417,105
2024-09-17 12:15:33.724000,408.3069381101955,95
2024-09-17 12:15:33.783000,408.2667773605655,8
2024-09-17 12:15:33.825000,408.23543720621865,11
2024-09-17 12:15:33.837000,408.262497265381,13
2024-09-17 12:15:33.928000,408.267643366316,1001
2024-09-17 12:15:33.947000,408.296989109556,97
2024-09-17 12:15:33.988000,408.26182526519386,96
2024-09-17 12:15:34.155000,408.2092422663384,996
2024-09-17 12:15:34.547000,408.2227780131289,12
2024-09-17 12:15:34.555000,408.2116833589381,97
2024-09-17 12:15:35.054000,408.2173739233845,100
2024-09-17 12:15:35.738000,408.20432047013645,8
2024-09-17 12:15:35.853000,408.20183372058096,12
2024-09-17 12:15:35.880000,408.20860703316,14
2024-09-17 12:15:35.940000,408.2091747993372,5
2024-09-17 12:15:36.104000,408.18846942623946,1000
2024-09-17 12:15:36.250000,408.2001824990477,1000
2024-09-17 12:15:36.339000,408.1966395203225,5
2024-09-17 12:15:36.431000,408.1778474680767,96
2024-09-17 12:15:37.079000,408.2071262929677,14
2024-09-17 12:15:37.083000,408.2008117917825,7
2024-09-17 12:15:37.114000,408.2558857139188,995
2024-09-17 12:15:37.210000,408.20235232981344,1000
2024-09-17 12:15:37.236000,408.1748173005829,7
2024-09-17 12:15:37.244000,408.2476488663991,96
2024-09-17 12:15:37.322000,408.1851309764125,8
2024-09-17 12:15:37.326000,408.19533157955215,98
2024-09-17 12:15:37.337000,408.1620287446018,996
2024-09-17 12:15:37.467000,408.19093387469366,100
2024-09-17 12:15:37.485000,408.24101280872327,96
2024-09-17 12:15:37.502000,408.1738439451256,10
2024-09-17 12:15:37.525000,408.233621351533,998
2024-09-17 12:15:37.551000,408.2352654815363,102
2024-09-17 12:15:37.584000,408.2512714634037,104
2024-09-17 12:15:37.658000,408.1726778128774,102
2024-09-17 12:15:37.660000,408.1593657026647,1004
2024-09-17 12:15:37.669000,408.2028066344207,5
2024-09-17 12:15:37.753000,408.2252263164624,7
2024-09-17 12:15:37.773000,408.2274523397056,10
2024-09-17 12:15:37.794000,408.24545007858165,100
2024-09-17 12:15:37.818000,408.1825691509181,1002
2024-09-17 12:15:37.869000,408.2535415634365,999
2024-09-17 12:15:37.951000,408.1699527398145,104
2024-09-17 12:15:37.971000,408.1654948543821,1001
2024-09-17 12:15:38.036000,408.2916720389196,997
2024-09-17 12:15:38.087000,408.2679268042983,8
2024-09-17 12:15:38.096000,408.23759136291375,998
2024-09-17 12:15:38.125000,408.2771627245661,5
2024-09-17 12:15:38.128000,408.2486454590559,11
2024-09-17 12:15:38.141000,408.2356404270506,96
2024-09-17 12:15:38.142000,408.2792319233059,101
2024-09-17 12:15:38.157000,408.2732676020287,14
2024-09-17 12:15:38.182000,408.2999268197354,97
2024-09-17 12:15:38.273000,408.258659673391,995
2024-09-17 12:15:38.285000,408.2682522491053,104
2024-09-17 12:15:38.292000,408.2598140167146,6
2024-09-17 12:15:38.397000,408.25707123396114,1005
2024-09-17 12:15:38.398000,408.2653885998069,97
2024-09-17 12:15:38.515000,408.2971810605192,98
2024-09-17 12:15:38.533000,408.2377837235842,997
2024-09-17 12:15:38.540000,408.2788013626365,96
2024-09-17 12:15:38.577000,408.2292648527399,98
2024-09-17 12:15:38.594000,408.2679777891844,105
2024-09-17 12:15:38.603000,408.2992537061046,105
2024-09-17 12:15:38.618000,408.28377061385015,104
2024-09-17 12:15:38.681000,408.2718544654804,100
2024-09-17 12:15:38.694000,408.2622819980544,999
2024-09-17 12:15:38.714000,408.3032979405976,999
2024-09-17 12:15:38.760000,408.2744757888797,1004
2024-09-17 12:15:38.899000,408.2354247593889,7
2024-09-17 12:15:38.901000,408.2804774190183,14
2024-09-17 12:15:38.916000,408.2852863266396,101
2024-09-17 12:15:38.923000,408.284340811155,99
2024-09-17 12:15:38.987000,408.2953922015846,14
2024-09-17 12:15:39.024000,408.2108374063654,8
2024-09-17 12:15:39.119000,408.2253997079613,5
2024-09-17 12:15:39.137000,408.2347431688261,1001
2024-09-17 12:15:39.142000,408.2488635059199,996
2024-09-17 12:15:39.170000,408.27997271738826,997
2024-09-17 12:15:39.202000,408.2735900533469,1001
2024-09-17 12:15:39.225000,408.238152256558,999
2024-09-17 12:15:39.228000,408.242989705843,102
2024-09-17 12:15:39.252000,408.23222952354456,1001
2024-09-17 12:15:39.264000,408.2476850360456,1003
2024-09-17 12:15:39.328000,408.2588272737487,10
2024-09-17 12:15:39.338000,408.2550679544333,1005
2024-09-17 12:15:39.366000,408.210460203371,1000
2024-09-17 12:15:39.372000,408.275730977452,103
2024-09-17 12:15:39.372000,408.2008561195672,6
2024-09-17 12:15:39.429000,408.2435702653417,5
2024-09-17 12:15:39.525000,408.28726032033495,101
2024-09-17 12:15:39.564000,408.2824191605944,5
2024-09-17 12:15:39.627000,408.2087587472618,14
2024-09-17 12:15:39.692000,408.2763040786086,8
2024-09-17 12:15:39.697000,408.273525817242,1004
2024-09-17 12:15:39.746000,408.2316057709204,6
2024-09-17 12:15:39.794000,408.2264870110134,15
2024-09-17 12:15:39.844000,408.2086941204906,14
2024-09-17 12:15:39.851000,408.2402269062114,102
2024-09-17 12:15:39.865000,408.2392901016632,1002
2024-09-17 12:15:39.894000,408.25083364720217,9
2024-09-17 12:15:39.947000,408.1850750011542,996
2024-09-17 12:15:40.137000,408.2403550063208,997
2024-09-17 12:15:40.181000,408.24237224987496,102
2024-09-17 12:15:40.321000,408.20683330358384,98
2024-09-17 12:15:40.372000,408.237478430989,1005
2024-09-17 12:15:40.393000,408.1943634428544,9
2024-09-17 12:15:40.545000,408.20024495458927,15
2024-09-17 12:15:40.615000,408.20201624148007,105
2024-09-17 12:15:40.634000,408.20282927506776,8
2024-09-17 12:15:40.720000,408.2004790227504,102
2024-09-17 12:15:40.835000,408.1823937135461,999
2024-09-17 12:15:40.861000,408.1846022847953,99
2024-09-17 12:15:40.884000,408.2148101541119,1003
2024-09-17 12:15:40.982000,408.193146296891,10
2024-09-17 12:15:41.156000,408.2325872739727,1001
2024-09-17 12:15:41.330000,408.204402877753,997
2024-09-17 12:15:41.638000,408.2395324982229,14
2024-09-17 12:15:41.866000,408.2274139445007,102
2024-09-17 12:15:41.976000,408.226897955875,5
2024-09-17 12:15:42.002000,408.21951332609234,999
2024-09-17 12:15:42.048000,408.21030614916464,998
2024-09-17 12:15:42.090000,408.2238910950044,5
2024-09-17 12:15:42.143000,408.2267474359324,98
2024-09-17 12:15:42.372000,408.20654589023553,99
2024-09-17 12:15:42.419000,408.2145872004505,99
2024-09-17 12:15:42.469000,408.2225308306035,1000
2024-09-17 12:15:42.602000,408.230652191757,1002
2024-09-17 12:15:42.633000,408.21859267498,11
2024-09-17 12:15:42.650000,408.22486558667504,102
2024-09-17 12:15:42.775000,408.2116895788299,999
2024-09-17 12:15:42.794000,408.2061995083707,8
2024-09-17 12:15:42.985000,408.2083535170312,6
2024-09-17 12:15:43.135000,408.2142684054074,15
2024-09-17 12:15:43.152000,408.231407746197,104
2024-09-17 12:15:43.158000,408.1955351789067,1000
2024-09-17 12:15:43.175000,408.1746991521852,9
2024-09-17 12:15:43.226000,408.1775216309118,101
2024-09-17 12:15:43.227000,408.2222204599448,995
2024-09-17 12:15:43.230000,408.1978475156779,5
2024-09-17 12:15:43.271000,408.2420400948765,95
2024-09-17 12:15:43.334000,408.2150522131646,1002
2024-09-17 12:15:43.349000,408.2373180903688,104
2024-09-17 12:15:43.354000,408.224199624581,99
2024-09-17 12:15:43.401000,408.20836725316735,1003
2024-09-17 12:15:43.425000,408.2188893797804,1000
2024-09-17 12:15:43.427000,408.1976100589045,8
2024-09-17 12:15:43.476000,408.1691810648765,7
2024-09-17 12:15:43.489000,408.2443117923497,1001
2024-09-17 12:15:43.524000,408.24891373040407,12
2024-09-17 12:15:43.575000,408.19444847727095,1000
2024-09-17 12:15:43.596000,408.1810705192509,13
2024-09-17 12:15:43.622000,408.1793812923432,95
2024-09-17 12:15:43.656000,408.2305281275901,1001
2024-09-17 12:15:43.743000,408.2258521877566,1001
2024-09-17 12:15:43.928000,408.1819141908648,1002
2024-09-17 12:15:43.952000,408.24843061438094,11
2024-09-17 12:15:43.953000,408.2170067283543,14
2024-09-17 12:15:44.032000,408.1965832119462,102
2024-09-17 12:15:44.079000,408.20098694990526,1004
2024-09-17 12:15:44.098000,408.2584691003239,998
2024-09-17 12:15:44.151000,408.1914138640581,98
2024-09-17 12:15:44.183000,408.2037754034373,11
2024-09-17 12:15:44.198000,408.2442158103328,97
2024-09-17 12:15:44.296000,408.2772425547629,15
2024-09-17 12:15:44.427000,408.28817360389377,1005
2024-09-17 12:15:44.434000,408.29093743046747,12
2024-09-17 12:15:44.446000,408.30961384079535,13
2024-09-17 12:15:44.496000,408.2597567140545,1000
2024-09-17 12:15:44.499000,408.2627940440353,8
2024-09-17 12:15:44.532000,408.2559911261315,95
2024-09-17 12:15:44.654000,408.2872875743937,100
2024-09-17 12:15:44.734000,408.25765965439257,1005
2024-09-17 12:15:44.774000,408.2895174856472,101
2024-09-17 12:15:44.806000,408.2028388061683,98
2024-09-17 12:15:44.965000,408.22923655398114,1002
2024-09-17 12:15:44.978000,408.2536264182816,99
2024-09-17 12:15:45.212000,408.32315348296976,999
2024-09-17 12:15:46.155000,408.31543746854095,10
2024-09-17 12:15:46.176000,408.3247837815191,7
2024-09-17 12:15:46.251000,408.3372495678696,1003
2024-09-17 12:15:46.274000,408.3218078970863,97
2024-09-17 12:15:46.319000,408.3572629119483,97
2024-09-17 12:15:46.418000,408.3139475683428,998
2024-09-17 12:15:46.449000,408.3411725956142,5
2024-09-17 12:15:46.477000,408.3290743837983,1000
2024-09-17 12:15:46.561000,408.3239718626407,995
2024-09-17 12:15:46.601000,408.3209772296972,97
2024-09-17 12:15:46.601000,408.3553221422022,98
2024-09-17 12:15:46.603000,408.3320422833265,1000
2024-09-17 12:15:46.786000,408.3149570463946,1000
2024-09-17 12:15:46.798000,408.3288280459832,100
2024-09-17 12:15:46.857000,408.34467224586473,1000
2024-09-17 12:15:46.868000,408.3188911344397,1004
2024-09-17 12:15:46.885000,408.3320061317486,996
2024-09-17 12:15:46.889000,408.31915526517565,102
2024-09-17 12:15:46.924000,408.36715738978427,1004
2024-09-17 12:15:46.959000,408.3762889523054,13
2024-09-17 12:15:46.979000,408.34242543256767,1003
2024-09-17 12:15:46.994000,408.3580705648206,1004
2024-09-17 12:15:47.024000,408.3797944791537,1000
2024-09-17 12:15:47.032000,408.39018742595647,96
2024-09-17 12:15:47.042000,408.3746896325069,1000
2024-09-17 12:15:47.052000,408.3605925921251,999
2024-09-17 12:15:47.177000,408.38113420342034,14
2024-09-17 12:15:47.191000,408.37681434560926,996
2024-09-17 12:15:47.214000,408.3857077492256,1004
2024-09-17 12:15:47.228000,408.3656378790762,13
2024-09-17 12:15:47.306000,408.36166387235846,10
2024-09-17 12:15:47.341000,408.38856443644727,97
2024-09-17 12:15:47.358000,408.376195467292,1002
2024-09-17 12:15:47.404000,408.3759535346025,5
2024-09-17 12:15:47.410000,408.35455445357394,998
2024-09-17 12:15:47.479000,408.38018140985946,96
2024-09-17 12:15:47.488000,408.3783860710609,1005
2024-09-17 12:15:47.498000,408.3837032120486,6
2024-09-17 12:15:47.526000,408.3491534184476,8
2024-09-17 12:15:47.589000,408.3857862313988,102
2024-09-17 12:15:47.599000,408.3754481566325,14
2024-09-17 12:15:47.670000,408.37258901457454,13
2024-09-17 12:15:47.747000,408.38098991894446,7
2024-09-17 12:15:47.754000,408.3513232351484,5
2024-09-17 12:15:47.757000,408.3913464981763,996
2024-09-17 12:15:47.791000,408.39856440504633,6
2024-09-17 12:15:47.803000,408.3771392750423,100
2024-09-17 12:15:47.832000,408.3597536946839,6
2024-09-17 12:15:47.847000,408.3823200024948,5
2024-09-17 12:15:47.919000,408.3595093572839,13
2024-09-17 12:15:47.940000,408.371945794042,1003
2024-09-17 12:15:48.029000,408.35911736306633,100
2024-09-17 12:15:48.041000,408.3640827035441,1002
2024-09-17 12:15:48.152000,408.35824256980845,101
2024-09-17 12:15:48.184000,408.3697716119657,10
2024-09-17 12:15:48.294000,408.4045830237644,1004
2024-09-17 12:15:48.316000,408.4271857163723,1003
2024-09-17 12:15:48.347000,408.3899324459993,98
2024-09-17 12:15:48.414000,408.4206941726805,100
2024-09-17 12:15:48.480000,408.3727257204124,12
2024-09-17 12:15:48.638000,408.3744269486356,99
2024-09-17 12:15:48.671000,408.4075655812401,9
2024-09-17 12:15:48.696000,408.4338223378586,96
2024-09-17 12:15:48.731000,408.4292869097218,8
2024-09-17 12:15:48.741000,408.3678959119232,95
2024-09-17 12:15:48.951000,408.3734723085519,12
2024-09-17 12:15:48.974000,408.3545383361858,8
2024-09-17 12:15:49.032000,408.41820099916,101
2024-09-17 12:15:49.034000,408.4446702742092,101
2024-09-17 12:15:49.040000,408.3880163621213,8
2024-09-17 12:15:49.097000,408.38966900193736,1002
2024-09-17 12:15:49.111000,408.39660713845,99
2024-09-17 12:15:49.148000,408.3827283951561,8
2024-09-17 12:15:49.298000,408.38738295243553,999
2024-09-17 12:15:49.392000,408.4239871310699,14
2024-09-17 12:15:49.569000,408.379385650321,98
2024-09-17 12:15:49.622000,408.4404561928658,11
2024-09-17 12:15:49.634000,408.44375913515927,1005
2024-09-17 12:15:49.712000,408.42196729449694,1001
2024-09-17 12:15:49.808000,408.44068508446463,12
2024-09-17 12:15:49.852000,408.40301613150245,105
2024-09-17 12:15:49.881000,408.42559366854346,997
2024-09-17 12:15:49.976000,408.40865494338817,15
2024-09-17 12:15:50.056000,408.3386293704572,1002
2024-09-17 12:15:50.146000,408.33414676818927,15
2024-09-17 12:15:50.147000,408.351878958532,12
2024-09-17 12:15:50.182000,408.3066749427149,998
2024-09-17 12:15:50.242000,408.31309402533645,1000
2024-09-17 12:15:50.342000,408.31929770623225,15
2024-09-17 12:15:50.651000,408.35544685328057,998
2024-09-17 12:15:50.714000,408.3388174084398,100
2024-09-17 12:15:50.742000,408.3427801395976,97
2024-09-17 12:15:50.782000,408.3253502202298,96
2024-09-17 12:15:50.851000,408.32372183475513,1005
2024-09-17 12:15:50.935000,408.31494400321645,14
2024-09-17 12:15:51.051000,408.2903999324829,997
2024-09-17 12:15:51.117000,408.29928768339335,96
2024-09-17 12:15:51.207000,408.29070822069656,998
2024-09-17 12:15:51.262000,408.3181144568776,1001
2024-09-17 12:15:51.331000,408.243492042978,1001
2024-09-17 12:15:51.348000,408.2461289367504,998
2024-09-17 12:15:51.409000,408.30081516086193,13
2024-09-17 12:15:51.427000,408.2800625689205,99
2024-09-17 12:15:51.436000,408.2834621725368,101
2024-09-17 12:15:51.465000,408.2994834611271,15
2024-09-17 12:15:51.474000,408.3305935152043,12
2024-09-17 12:15:51.478000,408.2811369977116,998
2024-09-17 12:15:51.543000,408.299602342052,15
2024-09-17 12:15:51.551000,408.2648743504352,9
2024-09-17 12:15:51.583000,408.2826206362967,95
2024-09-17 12:15:51.619000,408.29326453609946,98
2024-09-17 12:15:51.634000,408.2705316278252,995
2024-09-17 12:15:51.656000,408.2529951475212,996
2024-09-17 12:15:51.800000,408.28146939784574,95
2024-09-17 12:15:51.812000,408.2929502085754,99
2024-09-17 12:15:51.854000,408.27690444470994,8
2024-09-17 12:15:51.859000,408.2731053647076,95
2024-09-17 12:15:51.882000,408.2736418283944,995
2024-09-17 12:15:51.937000,408.2758980906535,1005
2024-09-17 12:15:51.943000,408.293299470855,999
2024-09-17 12:15:51.989000,408.2546125228822,8
2024-09-17 12:15:52.014000,408.3468096919812,96
2024-09-17 12:15:52.056000,408.3154974553745,9
2024-09-17 12:15:52.067000,408.30309467462735,97
2024-09-17 12:15:52.114000,408.3018879992314,103
2024-09-17 12:15:52.155000,408.3043006060311,95
2024-09-17 12:15:52.222000,408.3078630068407,7
2024-09-17 12:15:52.292000,408.3154138946481,1001
2024-09-17 12:15:52.390000,408.2932199889707,996
2024-09-17 12:15:52.393000,408.3136155844774,998
2024-09-17 12:15:52.437000,408.3293002432179,14
2024-09-17 12:15:52.450000,408.2933528086612,12
2024-09-17 12:15:52.487000,408.3270270312058,1002
2024-09-17 12:15:52.589000,408.3219734064283,1001
2024-09-17 12:15:52.637000,408.3425541540401,1000
2024-09-17 12:15:52.871000,408.3092550495486,1002
2024-09-17 12:15:52.915000,408.34766058299766,105
2024-09-17 12:15:52.964000,408.2885958998484,10
2024-09-17 12:15:53.184000,408.31880806287927,1004
2024-09-17 12:15:53.240000,408.2871754683669,1000
2024-09-17 12:15:53.282000,408.29749914478,99
2024-09-17 12:15:53.389000,408.2872707405639,96
2024-09-17 12:15:53.449000,408.2958308236504,1002
2024-09-17 12:15:53.455000,408.3106651503152,6
2024-09-17 12:15:53.466000,408.3053918127888,999
2024-09-17 12:15:53.520000,408.3086811270236,997
2024-09-17 12:15:53.534000,408.31682174283065,102
2024-09-17 12:15:53.598000,408.2711184159368,97
2024-09-17 12:15:53.623000,408.2847700636268,997
2024-09-17 12:15:53.681000,408.3032067352493,999
2024-09-17 12:15:53.694000,408.2964572496832,6
2024-09-17 12:15:53.737000,408.2931273025949,103
2024-09-17 12:15:53.819000,408.32220779594354,10
2024-09-17 12:15:53.916000,408.303622193161,995
2024-09-17 12:15:54.065000,408.3938382627783,1005
2024-09-17 12:15:54.118000,408.28194945205394,13
2024-09-17 12:15:54.199000,408.2768926240861,101
2024-09-17 12:15:54.329000,408.3115462391229,9
2024-09-17 12:15:54.383000,408.28284768931456,13
2024-09-17 12:15:54.524000,408.3263794671704,1001
2024-09-17 12:15:54.639000,408.2964993609203,105
2024-09-17 12:15:54.644000,408.35210385818993,9
2024-09-17 12:15:54.700000,408.2885626784443,101
2024-09-17 12:15:54.769000,408.3163823206358,998
2024-09-17 12:15:54.816000,408.3367575796514,7
2024-09-17 12:15:54.864000,408.2842864023903,103
2024-09-17 12:15:55.056000,408.3403488271844,95
2024-09-17 12:15:55.080000,408.375472345272,10
2024-09-17 12:15:55.123000,408.3361513652287,10
2024-09-17 12:15:55.172000,408.3886331071296,96
2024-09-17 12:15:55.195000,408.39298410510906,12
2024-09-17 12:15:55.229000,408.3521453467007,95
2024-09-17 12:15:55.289000,408.35659637529625,102
2024-09-17 12:15:55.347000,408.37867195051234,12
2024-09-17 12:15:55.412000,408.3744998995025,95
2024-09-17 12:15:55.438000,408.3908871679964,1003
2024-09-17 12:15:55.482000,408.3607736039789,1000
2024-09-17 12:15:55.484000,408.3716158291876,995
2024-09-17 12:15:55.509000,408.3621681962362,105
2024-09-17 12:15:55.529000,408.3692725407332,997
2024-09-17 12:15:55.545000,408.3732512497764,10
2024-09-17 12:15:55.629000,408.379234694112,999
2024-09-17 12:15:55.638000,408.3431994323829,95
2024-09-17 12:15:55.694000,408.3486056576557,998
2024-09-17 12:15:55.707000,408.366642470094,997
2024-09-17 12:15:55.741000,408.3585985872217,97
2024-09-17 12:15:55.748000,408.364542154972,15
2024-09-17 12:15:55.768000,408.3412126322318,14
2024-09-17 12:15:55.774000,408.3356018906503,995
2024-09-17 12:15:55.845000,408.3930337403216,8
2024-09-17 12:15:55.873000,408.3567195216811,9
2024-09-17 12:15:55.879000,408.3622145186145,10
2024-09-17 12:15:55.972000,408.3718438380474,7
2024-09-17 12:15:56.158000,408.35463067651983,1003
2024-09-17 12:15:56.227000,408.3475295877436,11
2024-09-17 12:15:56.230000,408.32007471919735,98
2024-09-17 12:15:56.236000,408.3540206049684,96
2024-09-17 12:15:56.402000,408.3718562475535,103
2024-09-17 12:15:56.498000,408.3638194976998,102
2024-09-17 12:15:56.504000,408.3160207462408,13
2024-09-17 12:15:56.510000,408.3565489637442,1001
2024-09-17 12:15:56.599000,408.3522409517452,100
2024-09-17 12:15:56.707000,408.3619445205767,998
2024-09-17 12:15:57.040000,408.3265835851788,101
2024-09-17 12:15:57.981000,408.319764334842,1001
2024-09-17 12:15:58.055000,408.3347793466812,13
2024-09-17 12:15:58.118000,408.2741972094154,95
2024-09-17 12:15:58.168000,408.29567252106096,998
2024-09-17 12:15:58.178000,408.2965372240678,1004
2024-09-17 12:15:58.227000,408.2908462398364,6
2024-09-17 12:15:58.238000,408.2954283513434,1005
2024-09-17 12:15:58.272000,408.2839614244113,101
2024-09-17 12:15:58.299000,408.3035225257138,11
2024-09-17 12:15:58.301000,408.2866186128736,997
2024-09-17 12:15:58.324000,408.3225419592824,100
2024-09-17 12:15:58.514000,408.3321335463338,995
2024-09-17 12:15:58.541000,408.32943942143135,7
2024-09-17 12:15:58.580000,408.33078981536704,98
2024-09-17 12:15:58.629000,408.28963616098,7
2024-09-17 12:15:58.667000,408.28621856520925,100
2024-09-17 12:15:58.697000,408.2617911148446,1002
2024-09-17 12:15:58.814000,408.32898018183687,12
2024-09-17 12:15:58.831000,408.2979304087566,5
2024-09-17 12:15:58.866000,408.2884317765241,104
2024-09-17 12:15:58.912000,408.2778630784874,102
2024-09-17 12:15:59.288000,408.29321539663766,97
2024-09-17 12:15:59.313000,408.2820814612773,9
2024-09-17 12:15:59.364000,408.2641743456325,96
2024-09-17 12:15:59.594000,408.3185763051964,7
