Timestamp,Price,Size
2024-09-16 09:47:00.002000,419.5589740836003,9
2024-09-16 09:47:00.028000,419.5588527853967,1002
2024-09-16 09:47:00.055000,419.5748365038081,999
2024-09-16 09:47:00.153000,419.5826055964669,98
2024-09-16 09:47:00.161000,419.5626312013967,998
2024-09-16 09:47:00.168000,419.5085865256818,996
2024-09-16 09:47:00.175000,419.5577023662964,101
2024-09-16 09:47:00.182000,419.5440403552105,96
2024-09-16 09:47:00.196000,419.4994023216228,1001
2024-09-16 09:47:00.213000,419.5628373700842,1001
2024-09-16 09:47:00.276000,419.4974244499152,10
2024-09-16 09:47:00.311000,419.5619783394847,5
2024-09-16 09:47:00.324000,419.5635561037929,11
2024-09-16 09:47:00.334000,419.5491856157776,13
2024-09-16 09:47:00.363000,419.5355850801875,97
2024-09-16 09:47:00.392000,419.5675262720332,12
2024-09-16 09:47:00.415000,419.5617481187347,100
2024-09-16 09:47:00.439000,419.5536366783955,96
2024-09-16 09:47:00.599000,419.53617530875766,101
2024-09-16 09:47:00.616000,419.5547433888624,101
2024-09-16 09:47:00.765000,419.56124062142845,98
2024-09-16 09:47:00.778000,419.5516349927209,1003
2024-09-16 09:47:00.795000,419.5519619218281,100
2024-09-16 09:47:00.820000,419.5669138661416,8
2024-09-16 09:47:00.836000,419.4941116597048,9
2024-09-16 09:47:00.891000,419.5693452582409,7
2024-09-16 09:47:00.939000,419.5633721860046,12
2024-09-16 09:47:00.948000,419.5639332759343,1003
2024-09-16 09:47:00.970000,419.5651095966522,12
2024-09-16 09:47:00.972000,419.567420844989,999
2024-09-16 09:47:01.055000,419.5459491223031,12
2024-09-16 09:47:01.283000,419.55428862862334,999
2024-09-16 09:47:01.357000,419.54233701017097,1001
2024-09-16 09:47:01.704000,419.5689526071053,99
2024-09-16 09:47:02.188000,419.61796167113215,8
2024-09-16 09:47:02.593000,419.6066973750488,11
2024-09-16 09:47:02.662000,419.579413152757,9
2024-09-16 09:47:02.961000,419.5979538947712,995
2024-09-16 09:47:03.015000,419.6138138670902,999
2024-09-16 09:47:03.186000,419.59155259989967,15
2024-09-16 09:47:04.029000,419.68596218905367,1004
2024-09-16 09:47:04.046000,419.6456215916488,998
2024-09-16 09:47:04.112000,419.6871909606073,998
2024-09-16 09:47:04.175000,419.6201808218209,1004
2024-09-16 09:47:04.215000,419.6640974331616,998
2024-09-16 09:47:04.218000,419.66738871027815,5
2024-09-16 09:47:04.272000,419.6182905481546,996
2024-09-16 09:47:04.337000,419.6744522976445,8
2024-09-16 09:47:04.399000,419.6485713878895,996
2024-09-16 09:47:04.442000,419.6461033626433,1002
2024-09-16 09:47:04.494000,419.61586707912267,1001
2024-09-16 09:47:04.546000,419.6103510636379,105
2024-09-16 09:47:04.606000,419.61553677479736,104
2024-09-16 09:47:04.680000,419.6827516984545,6
2024-09-16 09:47:04.745000,419.599436362238,104
2024-09-16 09:47:04.872000,419.6527758407696,98
2024-09-16 09:47:04.976000,419.6247072968907,104
2024-09-16 09:47:04.979000,419.6576653456496,101
2024-09-16 09:47:04.994000,419.635295280738,5
2024-09-16 09:47:05.040000,419.6296366866245,14
2024-09-16 09:47:05.109000,419.64222023311856,15
2024-09-16 09:47:05.113000,419.6393190437567,1003
2024-09-16 09:47:05.118000,419.64527703402064,97
2024-09-16 09:47:05.170000,419.65844268126494,15
2024-09-16 09:47:05.190000,419.6306330943452,6
2024-09-16 09:47:05.200000,419.61197833210827,998
2024-09-16 09:47:05.215000,419.62546217077823,1000
2024-09-16 09:47:05.221000,419.6293258452719,996
2024-09-16 09:47:05.224000,419.6604567329175,5
2024-09-16 09:47:05.252000,419.6245627075865,996
2024-09-16 09:47:05.275000,419.6456475009099,99
2024-09-16 09:47:05.352000,419.6159500966286,13
2024-09-16 09:47:05.447000,419.6224068014116,9
2024-09-16 09:47:05.471000,419.6404900259009,103
2024-09-16 09:47:05.569000,419.64231045716497,101
2024-09-16 09:47:05.623000,419.6200022497314,14
2024-09-16 09:47:05.652000,419.6395268774209,12
2024-09-16 09:47:05.795000,419.6384349478211,99
2024-09-16 09:47:05.812000,419.6219701995501,102
2024-09-16 09:47:05.884000,419.6469938361669,10
2024-09-16 09:47:05.916000,419.6456244549429,7
2024-09-16 09:47:06.022000,419.648247791262,996
2024-09-16 09:47:06.544000,419.6448493882748,6
2024-09-16 09:47:06.696000,419.6546499967527,97
2024-09-16 09:47:07.145000,419.6460283432359,999
2024-09-16 09:47:07.164000,419.6861091093269,1003
2024-09-16 09:47:07.208000,419.66650740381664,13
2024-09-16 09:47:07.244000,419.6683275891818,13
2024-09-16 09:47:07.245000,419.6966619184988,103
2024-09-16 09:47:07.247000,419.70043448757167,100
2024-09-16 09:47:07.390000,419.67319213391886,11
2024-09-16 09:47:07.425000,419.65072537856696,1002
2024-09-16 09:47:07.437000,419.7044082760608,104
2024-09-16 09:47:07.449000,419.645769854104,1004
2024-09-16 09:47:07.606000,419.66112903111616,999
2024-09-16 09:47:07.634000,419.6758874976752,995
2024-09-16 09:47:07.670000,419.684862404026,6
2024-09-16 09:47:07.693000,419.66384704447495,998
2024-09-16 09:47:07.768000,419.676541502067,1004
2024-09-16 09:47:07.806000,419.631683782296,9
2024-09-16 09:47:07.868000,419.68180467145487,101
2024-09-16 09:47:07.911000,419.6842068944208,1001
2024-09-16 09:47:07.989000,419.66268272967216,11
2024-09-16 09:47:07.995000,419.6779390494468,8
2024-09-16 09:47:08.192000,419.61035791223605,996
2024-09-16 09:47:08.330000,419.6257853001959,6
2024-09-16 09:47:08.636000,419.61607291750255,96
2024-09-16 09:47:08.793000,419.6377594879796,12
2024-09-16 09:47:09.124000,419.6325267563839,995
2024-09-16 09:47:09.196000,419.6225689849709,1003
2024-09-16 09:47:09.213000,419.6317531044143,101
2024-09-16 09:47:09.390000,419.58465627838575,1002
2024-09-16 09:47:09.460000,419.6212547553446,995
2024-09-16 09:47:09.485000,419.6307337125563,12
2024-09-16 09:47:09.497000,419.5925614915452,95
2024-09-16 09:47:09.528000,419.6217550916317,99
2024-09-16 09:47:09.568000,419.6420036741912,9
2024-09-16 09:47:10.214000,419.5814409440874,99
2024-09-16 09:47:10.267000,419.5955495274974,14
2024-09-16 09:47:10.293000,419.5993103800117,9
2024-09-16 09:47:10.438000,419.556751052058,1000
2024-09-16 09:47:10.583000,419.51306055636775,1000
2024-09-16 09:47:10.687000,419.57543361389486,100
2024-09-16 09:47:10.710000,419.58065851046433,13
2024-09-16 09:47:10.821000,419.5361154613825,998
2024-09-16 09:47:10.869000,419.5782761182747,11
2024-09-16 09:47:11.014000,419.4963489447688,1003
2024-09-16 09:47:11.029000,419.4806125429089,12
2024-09-16 09:47:11.072000,419.4967554385693,1000
2024-09-16 09:47:11.148000,419.51306311088086,7
2024-09-16 09:47:11.174000,419.547799060389,103
2024-09-16 09:47:11.235000,419.5031337320575,995
2024-09-16 09:47:11.315000,419.49501994272725,96
2024-09-16 09:47:11.537000,419.4887610827713,97
2024-09-16 09:47:11.566000,419.4911946740309,999
2024-09-16 09:47:11.595000,419.47936344519934,999
2024-09-16 09:47:11.620000,419.4947162404784,1004
2024-09-16 09:47:11.647000,419.5426842154493,103
2024-09-16 09:47:11.741000,419.4686378962895,1004
2024-09-16 09:47:11.759000,419.5214441061995,95
2024-09-16 09:47:11.840000,419.4931593890857,11
2024-09-16 09:47:11.887000,419.5123344573381,1000
2024-09-16 09:47:11.931000,419.5166855829451,12
2024-09-16 09:47:11.973000,419.51807384301327,7
2024-09-16 09:47:12.059000,419.4535883893793,15
2024-09-16 09:47:12.068000,419.4446399610805,95
2024-09-16 09:47:12.122000,419.4665378109855,998
2024-09-16 09:47:12.150000,419.4378769877501,13
2024-09-16 09:47:12.182000,419.4574203115294,5
2024-09-16 09:47:12.345000,419.4365794144631,1003
2024-09-16 09:47:12.486000,419.4096755439337,9
2024-09-16 09:47:12.584000,419.4433458960486,6
2024-09-16 09:47:12.596000,419.4058732411136,95
2024-09-16 09:47:12.636000,419.40012705394497,98
2024-09-16 09:47:12.673000,419.44849587648014,6
2024-09-16 09:47:12.680000,419.4063592179501,1005
2024-09-16 09:47:12.736000,419.3962735408941,8
2024-09-16 09:47:12.761000,419.45831681793146,1001
2024-09-16 09:47:12.764000,419.4143702140729,103
2024-09-16 09:47:12.837000,419.4633572687968,101
2024-09-16 09:47:13.018000,419.3836506722103,13
2024-09-16 09:47:13.060000,419.4413690986041,999
2024-09-16 09:47:13.087000,419.3288349008026,101
2024-09-16 09:47:13.255000,419.4086894316018,999
2024-09-16 09:47:13.336000,419.4193049134213,99
2024-09-16 09:47:13.359000,419.3857390761757,1000
2024-09-16 09:47:13.366000,419.4328411155123,96
2024-09-16 09:47:13.379000,419.4520895505398,11
2024-09-16 09:47:13.416000,419.44017442435626,104
2024-09-16 09:47:13.440000,419.34056661598765,999
2024-09-16 09:47:13.472000,419.44045278031336,15
2024-09-16 09:47:13.556000,419.4245192472234,998
2024-09-16 09:47:13.571000,419.3371180644404,998
2024-09-16 09:47:13.622000,419.3758251329349,997
2024-09-16 09:47:13.645000,419.352927516959,102
2024-09-16 09:47:13.691000,419.433267686304,15
2024-09-16 09:47:13.709000,419.3462671297769,997
2024-09-16 09:47:13.711000,419.3403271633721,15
2024-09-16 09:47:13.775000,419.3699010515611,8
2024-09-16 09:47:13.970000,419.3838872613772,103
2024-09-16 09:47:14.124000,419.3777459354097,1001
2024-09-16 09:47:14.179000,419.3781928981487,97
2024-09-16 09:47:14.324000,419.375972933363,996
2024-09-16 09:47:14.346000,419.387828316324,1001
2024-09-16 09:47:14.382000,419.36959402514896,995
2024-09-16 09:47:14.467000,419.38709183618136,97
2024-09-16 09:47:14.550000,419.3985133725407,1003
2024-09-16 09:47:14.655000,419.392960195377,101
2024-09-16 09:47:14.677000,419.36976971139296,998
2024-09-16 09:47:14.855000,419.3616922940788,15
2024-09-16 09:47:14.886000,419.348020086511,996
2024-09-16 09:47:14.936000,419.39326925595327,14
2024-09-16 09:47:15.082000,419.4189722212447,999
2024-09-16 09:47:15.114000,419.4131383005331,95
2024-09-16 09:47:15.115000,419.4051003042669,1004
2024-09-16 09:47:15.201000,419.4040741676008,12
2024-09-16 09:47:15.445000,419.39809925138354,5
2024-09-16 09:47:15.562000,419.39930160866953,1004
2024-09-16 09:47:15.864000,419.4108673868985,5
2024-09-16 09:47:15.900000,419.4113683395032,11
2024-09-16 09:47:16.058000,419.3660750613734,105
2024-09-16 09:47:16.084000,419.3823323038865,5
2024-09-16 09:47:16.146000,419.4195426948826,1001
2024-09-16 09:47:16.194000,419.3898153247354,7
2024-09-16 09:47:16.232000,419.414751683365,10
2024-09-16 09:47:16.573000,419.4017002077009,13
2024-09-16 09:47:16.692000,419.3847394285869,999
2024-09-16 09:47:16.756000,419.3969676293892,995
2024-09-16 09:47:16.775000,419.3654312018873,1003
2024-09-16 09:47:16.808000,419.4044827180565,15
2024-09-16 09:47:16.847000,419.4199548897947,997
2024-09-16 09:47:16.859000,419.4037001013012,996
2024-09-16 09:47:16.961000,419.37071053573374,99
2024-09-16 09:47:18.059000,419.3444909276186,1004
2024-09-16 09:47:18.064000,419.33804330246943,100
2024-09-16 09:47:18.069000,419.3455629501812,96
2024-09-16 09:47:18.087000,419.3169080437063,104
2024-09-16 09:47:18.294000,419.3463765503597,9
2024-09-16 09:47:18.357000,419.3490595454581,1003
2024-09-16 09:47:18.534000,419.3564057343245,999
2024-09-16 09:47:18.545000,419.36139153140107,1002
2024-09-16 09:47:18.555000,419.33783916647377,15
2024-09-16 09:47:18.651000,419.33562482225176,95
2024-09-16 09:47:18.747000,419.3331817814355,100
2024-09-16 09:47:18.813000,419.3531638014392,13
2024-09-16 09:47:18.883000,419.3380912363908,999
2024-09-16 09:47:18.918000,419.33177845523545,997
2024-09-16 09:47:18.922000,419.3533735078148,1003
2024-09-16 09:47:18.923000,419.3545317589319,97
2024-09-16 09:47:18.952000,419.3464817485669,1000
2024-09-16 09:47:18.977000,419.3447540838139,103
2024-09-16 09:47:19.137000,419.3327420959079,13
2024-09-16 09:47:19.187000,419.2913385669176,95
2024-09-16 09:47:19.273000,419.279582527385,7
2024-09-16 09:47:19.328000,419.3076816404023,99
2024-09-16 09:47:19.409000,419.3077260172769,9
2024-09-16 09:47:19.536000,419.3611831197286,10
2024-09-16 09:47:19.559000,419.35299409759193,103
2024-09-16 09:47:19.712000,419.31165966950783,998
2024-09-16 09:47:19.832000,419.3526381369077,7
2024-09-16 09:47:19.869000,419.33928211119087,98
2024-09-16 09:47:19.905000,419.2902402903353,14
2024-09-16 09:47:19.906000,419.3540074649899,105
2024-09-16 09:47:20.035000,419.3289732918324,97
2024-09-16 09:47:20.044000,419.3401741458828,12
2024-09-16 09:47:20.387000,419.34831019922177,1002
2024-09-16 09:47:20.407000,419.3391963213621,99
2024-09-16 09:47:20.641000,419.3622794756005,99
2024-09-16 09:47:20.654000,419.3394628910222,1001
2024-09-16 09:47:20.665000,419.34030553150416,6
2024-09-16 09:47:20.741000,419.34116147542414,103
2024-09-16 09:47:20.762000,419.334436907578,99
2024-09-16 09:47:20.873000,419.33225677561217,10
2024-09-16 09:47:20.904000,419.3391603223732,100
2024-09-16 09:47:20.935000,419.3246337847499,995
2024-09-16 09:47:21.350000,419.36111081323344,12
2024-09-16 09:47:21.531000,419.35301014495457,8
2024-09-16 09:47:21.678000,419.3601558637976,95
2024-09-16 09:47:22.016000,419.3762245705923,96
2024-09-16 09:47:22.067000,419.3737711184694,14
2024-09-16 09:47:22.069000,419.36098662519424,1001
2024-09-16 09:47:22.117000,419.3793357356042,96
2024-09-16 09:47:22.117000,419.3853308490581,99
2024-09-16 09:47:22.153000,419.36127528556347,96
2024-09-16 09:47:22.196000,419.356250663913,100
2024-09-16 09:47:22.200000,419.3889091299377,5
2024-09-16 09:47:22.230000,419.3787903160626,12
2024-09-16 09:47:22.259000,419.3770098001704,102
2024-09-16 09:47:22.306000,419.3701987726036,1003
2024-09-16 09:47:22.324000,419.3719753393768,15
2024-09-16 09:47:22.369000,419.36032583665184,103
2024-09-16 09:47:22.382000,419.3673863336534,99
2024-09-16 09:47:22.390000,419.3738122153604,999
2024-09-16 09:47:22.443000,419.3535357154703,104
2024-09-16 09:47:22.495000,419.364474703445,6
2024-09-16 09:47:22.513000,419.3699596416737,7
2024-09-16 09:47:22.548000,419.3782991294475,100
2024-09-16 09:47:22.688000,419.3773218945276,7
2024-09-16 09:47:22.708000,419.3644653595315,999
2024-09-16 09:47:22.730000,419.3848450251954,1005
2024-09-16 09:47:22.740000,419.3744030993517,100
2024-09-16 09:47:22.784000,419.3801163656117,1004
2024-09-16 09:47:22.798000,419.3663034738072,1001
2024-09-16 09:47:22.812000,419.3424455795277,1003
2024-09-16 09:47:22.853000,419.3567230207513,1000
2024-09-16 09:47:22.935000,419.3747348891106,1004
2024-09-16 09:47:22.978000,419.37244613732696,103
2024-09-16 09:47:24.027000,419.3327006422898,104
2024-09-16 09:47:24.214000,419.4068640648092,104
2024-09-16 09:47:24.364000,419.3740203810314,100
2024-09-16 09:47:24.400000,419.435410912041,11
2024-09-16 09:47:24.460000,419.3403929762019,996
2024-09-16 09:47:24.461000,419.4073107381364,95
2024-09-16 09:47:24.471000,419.3437874526926,104
2024-09-16 09:47:24.557000,419.3585575743229,104
2024-09-16 09:47:24.560000,419.41666766445326,997
2024-09-16 09:47:24.598000,419.4090961755942,10
2024-09-16 09:47:24.617000,419.4047852682753,103
2024-09-16 09:47:24.638000,419.38838770635726,100
2024-09-16 09:47:24.869000,419.421644968394,13
2024-09-16 09:47:24.881000,419.3638401241708,95
2024-09-16 09:47:24.889000,419.340906220006,95
2024-09-16 09:47:24.969000,419.3982482256434,10
2024-09-16 09:47:25.171000,419.3885556416734,11
2024-09-16 09:47:25.266000,419.3956381276847,6
2024-09-16 09:47:25.492000,419.3880088674257,995
2024-09-16 09:47:25.538000,419.413853828497,14
2024-09-16 09:47:25.635000,419.3934774052721,1005
2024-09-16 09:47:25.701000,419.405121717484,98
2024-09-16 09:47:25.978000,419.3883830002937,104
2024-09-16 09:47:26.875000,419.3879193260176,104
2024-09-16 09:47:27.021000,419.3920947173851,8
2024-09-16 09:47:27.150000,419.3588418059715,100
2024-09-16 09:47:27.205000,419.399183866844,1000
2024-09-16 09:47:27.213000,419.3930907642121,14
2024-09-16 09:47:27.286000,419.3190753686614,997
2024-09-16 09:47:27.315000,419.38881379333446,102
2024-09-16 09:47:27.334000,419.3266431422821,97
2024-09-16 09:47:27.363000,419.347603565626,6
2024-09-16 09:47:27.376000,419.3973944411431,995
2024-09-16 09:47:27.376000,419.3958045414822,102
2024-09-16 09:47:27.382000,419.3472562908884,101
2024-09-16 09:47:27.382000,419.3612379364826,101
2024-09-16 09:47:27.454000,419.3950068072846,100
2024-09-16 09:47:27.470000,419.3808739435699,11
2024-09-16 09:47:27.480000,419.3563097065869,95
2024-09-16 09:47:27.549000,419.3951823784178,97
2024-09-16 09:47:27.576000,419.3870937822185,996
2024-09-16 09:47:27.608000,419.388405569662,98
2024-09-16 09:47:27.655000,419.3885248100943,999
2024-09-16 09:47:27.690000,419.3776492064167,995
2024-09-16 09:47:27.782000,419.3404501055103,11
2024-09-16 09:47:27.803000,419.3857026086677,13
2024-09-16 09:47:27.853000,419.3657343846408,999
2024-09-16 09:47:27.923000,419.313612929449,10
2024-09-16 09:47:27.947000,419.3927317947597,105
2024-09-16 09:47:28.034000,419.2652597929061,12
2024-09-16 09:47:28.062000,419.2653859566087,95
2024-09-16 09:47:28.113000,419.2452949220054,998
2024-09-16 09:47:28.124000,419.2491296633044,14
2024-09-16 09:47:28.143000,419.3360024815585,95
2024-09-16 09:47:28.147000,419.2522492562224,105
2024-09-16 09:47:28.234000,419.3354568167345,14
2024-09-16 09:47:28.276000,419.3112426391105,1005
2024-09-16 09:47:28.288000,419.2764765005527,100
2024-09-16 09:47:28.322000,419.31554082196953,5
2024-09-16 09:47:28.347000,419.3235007420807,104
2024-09-16 09:47:28.372000,419.254494891958,97
2024-09-16 09:47:28.388000,419.3456565185223,999
2024-09-16 09:47:28.401000,419.30333017716487,999
2024-09-16 09:47:28.406000,419.32334608031096,5
2024-09-16 09:47:28.409000,419.2729363439259,100
2024-09-16 09:47:28.420000,419.3443041079905,6
2024-09-16 09:47:28.425000,419.31477606337,1003
2024-09-16 09:47:28.472000,419.2656903450676,102
2024-09-16 09:47:28.487000,419.2668152488764,100
2024-09-16 09:47:28.608000,419.3098498534301,7
2024-09-16 09:47:28.650000,419.31947152076623,8
2024-09-16 09:47:28.653000,419.28417053274256,14
2024-09-16 09:47:28.660000,419.26978507169895,104
2024-09-16 09:47:28.664000,419.3172014714539,101
2024-09-16 09:47:28.779000,419.31219998086544,8
2024-09-16 09:47:28.800000,419.334940404696,998
2024-09-16 09:47:28.820000,419.311391138398,8
2024-09-16 09:47:28.886000,419.2519551279648,104
2024-09-16 09:47:28.920000,419.2741653584937,1000
2024-09-16 09:47:29.117000,419.2291331376975,9
2024-09-16 09:47:29.242000,419.2321174981184,1004
2024-09-16 09:47:29.318000,419.25403654741785,10
2024-09-16 09:47:29.510000,419.2399320036658,105
2024-09-16 09:47:29.616000,419.25064062146873,8
2024-09-16 09:47:29.705000,419.2560966326298,14
2024-09-16 09:47:30.096000,419.20261300087645,999
2024-09-16 09:47:30.303000,419.20222066386873,11
2024-09-16 09:47:30.543000,419.2311563281261,97
2024-09-16 09:47:30.618000,419.2235936410677,10
2024-09-16 09:47:30.907000,419.2309730833813,1003
2024-09-16 09:47:30.990000,419.2025532171271,5
2024-09-16 09:47:31.033000,419.2090907502784,12
2024-09-16 09:47:31.082000,419.2654731474968,1004
2024-09-16 09:47:31.118000,419.20087753836657,7
2024-09-16 09:47:31.163000,419.2181553141288,997
2024-09-16 09:47:31.186000,419.1939320475103,7
2024-09-16 09:47:31.203000,419.2076267674117,101
2024-09-16 09:47:31.253000,419.2138170732084,1003
2024-09-16 09:47:31.275000,419.18391657216375,97
2024-09-16 09:47:31.345000,419.195769824241,14
2024-09-16 09:47:31.354000,419.2601102972322,99
2024-09-16 09:47:31.375000,419.2006129313429,8
2024-09-16 09:47:31.405000,419.24124809008873,998
2024-09-16 09:47:31.517000,419.2051244979013,15
2024-09-16 09:47:31.551000,419.18373515595897,1004
2024-09-16 09:47:31.557000,419.1920778651757,999
2024-09-16 09:47:31.567000,419.2005412836519,105
2024-09-16 09:47:31.616000,419.1808636842146,103
2024-09-16 09:47:31.630000,419.2233449898256,11
2024-09-16 09:47:31.716000,419.2055946862771,999
2024-09-16 09:47:31.781000,419.2114612276271,13
2024-09-16 09:47:31.804000,419.1757273723899,1001
2024-09-16 09:47:31.868000,419.1827475125817,102
2024-09-16 09:47:31.956000,419.1897948660192,999
2024-09-16 09:47:31.992000,419.1982209792238,995
2024-09-16 09:47:31.996000,419.28168807363465,15
2024-09-16 09:47:32.009000,419.3552619010273,1002
2024-09-16 09:47:32.010000,419.2675794325669,999
2024-09-16 09:47:32.062000,419.3088212648189,1005
2024-09-16 09:47:32.113000,419.2606117907056,995
2024-09-16 09:47:32.150000,419.2608804287668,7
2024-09-16 09:47:32.155000,419.2825926396695,1000
2024-09-16 09:47:32.171000,419.2785632788918,98
2024-09-16 09:47:32.171000,419.27182820922286,99
2024-09-16 09:47:32.230000,419.33660120042174,1004
2024-09-16 09:47:32.236000,419.2857739400981,1003
2024-09-16 09:47:32.316000,419.2586590626232,98
2024-09-16 09:47:32.498000,419.3420799468901,12
2024-09-16 09:47:32.512000,419.3395057364016,15
2024-09-16 09:47:32.559000,419.31298184670055,8
2024-09-16 09:47:32.567000,419.28752125822393,998
2024-09-16 09:47:32.575000,419.26461693409664,102
2024-09-16 09:47:32.579000,419.2625669839646,996
2024-09-16 09:47:32.587000,419.2789248153432,1000
2024-09-16 09:47:32.607000,419.2775418798119,1003
2024-09-16 09:47:32.690000,419.29184173529416,103
2024-09-16 09:47:32.797000,419.3427488818508,101
2024-09-16 09:47:32.886000,419.2989647405493,15
2024-09-16 09:47:32.899000,419.317296188038,5
2024-09-16 09:47:32.918000,419.32705970306415,1003
2024-09-16 09:47:32.983000,419.3208850742926,97
2024-09-16 09:47:33.116000,419.2966482200553,1000
2024-09-16 09:47:34.022000,419.247599710224,995
2024-09-16 09:47:34.158000,419.2851856101639,995
2024-09-16 09:47:34.169000,419.2626392981752,102
2024-09-16 09:47:34.212000,419.2864153806385,105
2024-09-16 09:47:34.220000,419.2963904314827,1002
2024-09-16 09:47:34.233000,419.286794980188,997
2024-09-16 09:47:34.239000,419.2776365416025,14
2024-09-16 09:47:34.295000,419.2590246460164,5
2024-09-16 09:47:34.385000,419.2490507889744,996
2024-09-16 09:47:34.420000,419.2515011668117,5
2024-09-16 09:47:34.473000,419.2796069545127,995
2024-09-16 09:47:34.569000,419.2672693094221,104
2024-09-16 09:47:34.587000,419.28652982565865,15
2024-09-16 09:47:34.616000,419.24521177012775,7
2024-09-16 09:47:34.683000,419.2829643286136,7
2024-09-16 09:47:34.773000,419.261112211977,98
2024-09-16 09:47:34.784000,419.23954710458975,98
2024-09-16 09:47:34.891000,419.305256954241,997
2024-09-16 09:47:34.908000,419.2967294355389,1004
2024-09-16 09:47:34.939000,419.2525135060201,998
2024-09-16 09:47:35.022000,419.34945316372654,5
2024-09-16 09:47:35.043000,419.3143333567392,997
2024-09-16 09:47:35.085000,419.3040196424808,105
2024-09-16 09:47:35.097000,419.2694189968861,13
2024-09-16 09:47:35.192000,419.2793569530039,996
2024-09-16 09:47:35.248000,419.352711110771,999
2024-09-16 09:47:35.263000,419.3266587483657,12
2024-09-16 09:47:35.318000,419.28020984228834,15
2024-09-16 09:47:35.379000,419.2703770499571,995
2024-09-16 09:47:35.437000,419.2710369371466,11
2024-09-16 09:47:35.480000,419.283820656742,1004
2024-09-16 09:47:35.561000,419.3216610308551,103
2024-09-16 09:47:35.576000,419.3286681166286,99
2024-09-16 09:47:35.637000,419.285231967386,9
2024-09-16 09:47:35.668000,419.2790788986846,12
2024-09-16 09:47:35.686000,419.2694057694651,102
2024-09-16 09:47:35.763000,419.3425342321637,1005
2024-09-16 09:47:35.776000,419.3475238868709,7
2024-09-16 09:47:35.777000,419.2690918712439,995
2024-09-16 09:47:35.787000,419.2671605783583,8
2024-09-16 09:47:35.819000,419.2818308359664,104
2024-09-16 09:47:36.211000,419.3602384564878,6
2024-09-16 09:47:36.929000,419.3700416414977,14
2024-09-16 09:47:37.026000,419.37148462284426,12
2024-09-16 09:47:37.037000,419.3332843470639,100
2024-09-16 09:47:37.122000,419.3506658498181,996
2024-09-16 09:47:37.237000,419.396695266188,5
2024-09-16 09:47:37.246000,419.3794537851867,7
2024-09-16 09:47:37.268000,419.342469269032,9
2024-09-16 09:47:37.369000,419.3256228680877,1001
2024-09-16 09:47:37.431000,419.33715391750354,105
2024-09-16 09:47:37.508000,419.4007413283459,105
2024-09-16 09:47:37.551000,419.34890500837344,97
2024-09-16 09:47:37.576000,419.3744953629524,8
2024-09-16 09:47:37.582000,419.3481216040832,101
2024-09-16 09:47:37.624000,419.3706276030425,9
2024-09-16 09:47:37.662000,419.3591408322701,8
2024-09-16 09:47:37.685000,419.3685016976633,997
2024-09-16 09:47:37.691000,419.3710242973678,103
2024-09-16 09:47:37.705000,419.3667520696659,995
2024-09-16 09:47:37.726000,419.36997716218144,995
2024-09-16 09:47:37.775000,419.3283270191249,7
2024-09-16 09:47:37.799000,419.3501977502011,97
2024-09-16 09:47:37.889000,419.31583023166667,95
2024-09-16 09:47:37.935000,419.3077417241199,97
2024-09-16 09:47:37.973000,419.36173805851496,96
2024-09-16 09:47:37.981000,419.3918652248466,999
2024-09-16 09:47:38.002000,419.3485228013303,1001
2024-09-16 09:47:38.042000,419.35382681043393,99
2024-09-16 09:47:38.071000,419.3526636105583,11
2024-09-16 09:47:38.071000,419.36938454982703,9
2024-09-16 09:47:38.144000,419.3572591013848,15
2024-09-16 09:47:38.178000,419.351139296154,102
2024-09-16 09:47:38.199000,419.33186817197605,96
2024-09-16 09:47:38.233000,419.3212228078828,99
2024-09-16 09:47:38.284000,419.3669806670233,1002
2024-09-16 09:47:38.316000,419.3462625933449,997
2024-09-16 09:47:38.361000,419.2992815558912,10
2024-09-16 09:47:38.408000,419.3147793982196,10
2024-09-16 09:47:38.409000,419.3663301670517,9
2024-09-16 09:47:38.775000,419.3113022881559,14
2024-09-16 09:47:38.852000,419.3302708931662,5
2024-09-16 09:47:38.933000,419.3566984873359,9
2024-09-16 09:47:38.960000,419.35330264839166,8
2024-09-16 09:47:39.053000,419.1901960057623,104
2024-09-16 09:47:39.123000,419.30051167195785,97
2024-09-16 09:47:39.172000,419.2906354682132,1004
2024-09-16 09:47:39.213000,419.2492536415513,102
2024-09-16 09:47:39.244000,419.2037369089081,995
2024-09-16 09:47:39.474000,419.2690515230557,99
2024-09-16 09:47:39.501000,419.3194822525797,998
2024-09-16 09:47:39.560000,419.21516313961166,5
2024-09-16 09:47:39.824000,419.2258954195423,100
2024-09-16 09:47:39.834000,419.2188839615251,14
2024-09-16 09:47:41.007000,419.12378508373627,997
2024-09-16 09:47:41.101000,419.1484898126389,97
2024-09-16 09:47:41.108000,419.123698426336,1004
2024-09-16 09:47:41.156000,419.1056663443253,7
2024-09-16 09:47:41.156000,419.12516699238535,1003
2024-09-16 09:47:41.271000,419.0767332666848,1000
2024-09-16 09:47:41.304000,419.1097182052016,8
2024-09-16 09:47:41.319000,419.09430968054295,1003
2024-09-16 09:47:41.416000,419.111231473845,104
2024-09-16 09:47:41.458000,419.1030175909665,999
2024-09-16 09:47:41.496000,419.1440669958656,15
2024-09-16 09:47:41.535000,419.1541178814604,99
2024-09-16 09:47:41.610000,419.10347443022704,1000
2024-09-16 09:47:41.650000,419.09501311473525,100
2024-09-16 09:47:41.703000,419.1520385650867,11
2024-09-16 09:47:41.800000,419.117764337754,102
2024-09-16 09:47:41.807000,419.1147851563072,95
2024-09-16 09:47:41.890000,419.0858205733135,102
2024-09-16 09:47:41.942000,419.163866463723,6
2024-09-16 09:47:42.004000,419.1096269903354,100
2024-09-16 09:47:42.087000,419.1268978055573,95
2024-09-16 09:47:42.134000,419.145923488353,6
2024-09-16 09:47:42.238000,419.139061836768,102
2024-09-16 09:47:42.436000,419.1394772239295,1003
2024-09-16 09:47:42.511000,419.1192892802988,13
2024-09-16 09:47:42.555000,419.1400045493909,98
2024-09-16 09:47:42.705000,419.1333520736743,1004
2024-09-16 09:47:42.727000,419.128643091446,998
2024-09-16 09:47:42.989000,419.1202259669934,1004
2024-09-16 09:47:42.990000,419.130182269543,995
2024-09-16 09:47:43.410000,419.110944388234,15
2024-09-16 09:47:43.581000,419.1261280125558,1001
2024-09-16 09:47:43.590000,419.1070708049925,13
2024-09-16 09:47:43.836000,419.1252098244541,12
2024-09-16 09:47:44.010000,419.1887432795141,9
2024-09-16 09:47:44.041000,419.182672296101,103
2024-09-16 09:47:44.061000,419.1582417629966,5
2024-09-16 09:47:44.124000,419.193537218256,95
2024-09-16 09:47:44.181000,419.2038045296982,8
2024-09-16 09:47:44.185000,419.1617446139512,100
2024-09-16 09:47:44.200000,419.1047187881852,995
2024-09-16 09:47:44.267000,419.1993932327159,99
2024-09-16 09:47:44.301000,419.1622329628845,13
2024-09-16 09:47:44.302000,419.1388594124165,998
2024-09-16 09:47:44.314000,419.1383965544676,1002
2024-09-16 09:47:44.365000,419.1465357425066,1001
2024-09-16 09:47:44.369000,419.2049108303556,997
2024-09-16 09:47:44.381000,419.1175461905963,998
2024-09-16 09:47:44.428000,419.13977765220034,1000
2024-09-16 09:47:44.476000,419.14409834270936,105
2024-09-16 09:47:44.513000,419.1951726420954,7
2024-09-16 09:47:44.565000,419.0994984037327,15
2024-09-16 09:47:44.598000,419.17771655758025,997
2024-09-16 09:47:44.610000,419.1124133665924,1002
2024-09-16 09:47:44.614000,419.1391190795221,15
2024-09-16 09:47:44.614000,419.1582066793011,14
2024-09-16 09:47:44.628000,419.1533382482129,1001
2024-09-16 09:47:44.652000,419.2142942860687,105
2024-09-16 09:47:44.656000,419.1624269993333,14
2024-09-16 09:47:44.790000,419.14475229768766,14
2024-09-16 09:47:44.821000,419.17634283645066,15
2024-09-16 09:47:44.970000,419.1893241308512,96
2024-09-16 09:47:45.036000,419.1911056552575,997
2024-09-16 09:47:45.036000,419.25763674963247,103
2024-09-16 09:47:45.074000,419.2270955821102,99
2024-09-16 09:47:45.108000,419.2096893279194,99
2024-09-16 09:47:45.160000,419.202729292245,995
2024-09-16 09:47:45.176000,419.1830065600227,13
2024-09-16 09:47:45.198000,419.2472656748366,8
2024-09-16 09:47:45.212000,419.1969191296111,997
2024-09-16 09:47:45.258000,419.2084473158592,11
2024-09-16 09:47:45.286000,419.27913698631096,1001
2024-09-16 09:47:45.368000,419.1658607563989,98
2024-09-16 09:47:45.405000,419.17890057518326,95
2024-09-16 09:47:45.423000,419.26928255362446,97
2024-09-16 09:47:45.547000,419.2719773115495,11
2024-09-16 09:47:45.569000,419.20000767889496,998
2024-09-16 09:47:45.589000,419.1547906592485,7
2024-09-16 09:47:45.688000,419.1861236539188,12
2024-09-16 09:47:45.689000,419.2720217211067,998
2024-09-16 09:47:45.709000,419.2432512962155,998
2024-09-16 09:47:45.794000,419.2578033143005,6
2024-09-16 09:47:45.803000,419.17174819129866,997
2024-09-16 09:47:45.831000,419.2507610371796,103
2024-09-16 09:47:45.913000,419.2132975110275,12
2024-09-16 09:47:45.917000,419.2848440753354,103
2024-09-16 09:47:45.943000,419.210155818699,15
2024-09-16 09:47:45.961000,419.2213704311124,13
2024-09-16 09:47:45.984000,419.2039486660544,98
2024-09-16 09:47:45.986000,419.2052809066621,104
2024-09-16 09:47:46.014000,419.174299475519,1001
2024-09-16 09:47:46.022000,419.15039599932817,103
2024-09-16 09:47:46.092000,419.1862217700224,998
2024-09-16 09:47:46.169000,419.1625168212719,996
2024-09-16 09:47:46.224000,419.2075674502993,1000
2024-09-16 09:47:46.285000,419.16628733687753,12
2024-09-16 09:47:46.369000,419.1712235434416,100
2024-09-16 09:47:46.372000,419.21041436710334,997
2024-09-16 09:47:46.429000,419.20441945863456,9
2024-09-16 09:47:46.475000,419.21139448728826,12
2024-09-16 09:47:46.576000,419.2023911399435,14
2024-09-16 09:47:46.586000,419.19499753998974,997
2024-09-16 09:47:46.614000,419.1890528644166,5
2024-09-16 09:47:46.623000,419.1813001753927,101
2024-09-16 09:47:46.693000,419.2038694239286,96
2024-09-16 09:47:46.747000,419.1904798993988,995
2024-09-16 09:47:46.757000,419.2437582114658,8
2024-09-16 09:47:46.820000,419.1966569946612,8
2024-09-16 09:47:46.821000,419.2108008444624,1001
2024-09-16 09:47:46.823000,419.2079614830474,10
2024-09-16 09:47:46.831000,419.1909048853898,95
2024-09-16 09:47:46.901000,419.1998541141477,1002
2024-09-16 09:47:46.935000,419.2050903217423,1000
2024-09-16 09:47:46.949000,419.2117142907668,10
2024-09-16 09:47:46.966000,419.2105720624061,1005
2024-09-16 09:47:46.997000,419.1805516041407,98
2024-09-16 09:47:47.015000,419.2454471301696,15
2024-09-16 09:47:47.122000,419.0853734563585,14
2024-09-16 09:47:47.157000,419.1608615786734,1001
2024-09-16 09:47:47.251000,419.1826661740799,11
2024-09-16 09:47:47.271000,419.1629019964065,998
2024-09-16 09:47:47.288000,419.1591103141744,5
2024-09-16 09:47:47.440000,419.1506838018236,997
2024-09-16 09:47:47.468000,419.1918298268845,99
2024-09-16 09:47:47.502000,419.1497050203784,997
2024-09-16 09:47:47.525000,419.1949418199394,997
2024-09-16 09:47:47.537000,419.1996066273774,13
2024-09-16 09:47:47.579000,419.1594888676013,100
2024-09-16 09:47:47.603000,419.1266082079231,103
2024-09-16 09:47:47.614000,419.1264590859665,100
2024-09-16 09:47:47.636000,419.1994956966355,98
2024-09-16 09:47:47.654000,419.2284277927946,99
2024-09-16 09:47:47.667000,419.1893268779312,103
2024-09-16 09:47:47.669000,419.1053672046965,101
2024-09-16 09:47:47.696000,419.2037401278736,13
2024-09-16 09:47:47.705000,419.2388338186138,101
2024-09-16 09:47:47.718000,419.1943196194828,999
2024-09-16 09:47:47.779000,419.1395045167236,1005
2024-09-16 09:47:47.862000,419.0989195899044,95
2024-09-16 09:47:47.864000,419.1625206596119,10
2024-09-16 09:47:48.062000,419.2185571557356,995
2024-09-16 09:47:48.077000,419.2263367233157,998
2024-09-16 09:47:48.160000,419.23506728657605,11
2024-09-16 09:47:48.250000,419.2299668173881,1004
2024-09-16 09:47:48.257000,419.2347880499907,12
2024-09-16 09:47:48.288000,419.2491079902657,14
2024-09-16 09:47:48.292000,419.2499270430837,1000
2024-09-16 09:47:48.339000,419.24256413138784,5
2024-09-16 09:47:48.435000,419.2371862923405,997
2024-09-16 09:47:48.544000,419.2296542615178,96
2024-09-16 09:47:48.778000,419.2307242253781,99
2024-09-16 09:47:48.778000,419.2144597075306,102
2024-09-16 09:47:48.793000,419.2485210148429,13
2024-09-16 09:47:48.801000,419.2438358958499,11
2024-09-16 09:47:48.860000,419.2405891813309,5
2024-09-16 09:47:48.898000,419.218739607324,1001
2024-09-16 09:47:49.176000,419.2429686397834,102
2024-09-16 09:47:49.202000,419.2395471119557,99
2024-09-16 09:47:49.230000,419.2290766855447,11
2024-09-16 09:47:49.241000,419.2525495014178,997
2024-09-16 09:47:49.302000,419.2475728556682,1000
2024-09-16 09:47:49.371000,419.2459431537766,96
2024-09-16 09:47:49.455000,419.2398353968501,10
2024-09-16 09:47:49.486000,419.244636593786,15
2024-09-16 09:47:49.605000,419.23019545642046,999
2024-09-16 09:47:49.660000,419.21787242762304,102
2024-09-16 09:47:49.838000,419.2490776744853,101
2024-09-16 09:47:49.916000,419.2221934916231,1000
2024-09-16 09:47:49.922000,419.2557088942439,95
2024-09-16 09:47:49.961000,419.2414206869167,15
2024-09-16 09:47:49.967000,419.272950545282,995
2024-09-16 09:47:50.067000,419.2427988919824,996
2024-09-16 09:47:50.158000,419.25060639362033,96
2024-09-16 09:47:50.193000,419.2264346625317,105
2024-09-16 09:47:50.198000,419.2062406084731,95
2024-09-16 09:47:50.211000,419.2169985932434,104
2024-09-16 09:47:50.269000,419.2182507852723,5
2024-09-16 09:47:50.275000,419.268091279324,98
2024-09-16 09:47:50.310000,419.2140527782856,10
2024-09-16 09:47:50.316000,419.2219886914434,998
2024-09-16 09:47:50.334000,419.2846825191595,95
2024-09-16 09:47:50.368000,419.2233366529152,97
2024-09-16 09:47:50.395000,419.24036848680345,95
2024-09-16 09:47:50.418000,419.2795843474465,7
2024-09-16 09:47:50.439000,419.2472073796026,98
2024-09-16 09:47:50.481000,419.27695976500416,10
2024-09-16 09:47:50.516000,419.2404814807917,96
2024-09-16 09:47:50.537000,419.2384814757722,5
2024-09-16 09:47:50.541000,419.2667646273715,1000
2024-09-16 09:47:50.567000,419.2398942068404,9
2024-09-16 09:47:50.620000,419.2803979088975,1005
2024-09-16 09:47:50.701000,419.25283763533287,998
2024-09-16 09:47:50.705000,419.2754132647846,102
2024-09-16 09:47:50.751000,419.24718149140114,9
2024-09-16 09:47:50.754000,419.2370419619775,97
2024-09-16 09:47:50.818000,419.26481368593886,15
2024-09-16 09:47:50.907000,419.25489190158,998
2024-09-16 09:47:50.909000,419.2189164311486,104
2024-09-16 09:47:50.915000,419.2291704108001,1003
2024-09-16 09:47:50.931000,419.2186154418352,13
2024-09-16 09:47:50.996000,419.26730125300793,1001
2024-09-16 09:47:51.077000,419.15306198950105,995
2024-09-16 09:47:51.154000,419.1644066940461,12
2024-09-16 09:47:51.278000,419.1377052251736,15
2024-09-16 09:47:51.441000,419.1889362764669,101
2024-09-16 09:47:51.446000,419.2070396395973,997
2024-09-16 09:47:51.468000,419.16506749385553,997
2024-09-16 09:47:51.468000,419.1266139252617,101
2024-09-16 09:47:51.513000,419.1605532801444,5
2024-09-16 09:47:51.602000,419.1387931786876,103
2024-09-16 09:47:51.693000,419.1960984397511,12
2024-09-16 09:47:51.733000,419.21211762501207,101
2024-09-16 09:47:51.820000,419.2075180952477,96
2024-09-16 09:47:51.880000,419.21741548719626,14
2024-09-16 09:47:52.058000,419.180581854313,15
2024-09-16 09:47:52.111000,419.1665491431866,96
2024-09-16 09:47:52.130000,419.1980766444612,96
2024-09-16 09:47:52.201000,419.2018355640576,99
2024-09-16 09:47:52.224000,419.2061030385032,1003
2024-09-16 09:47:52.304000,419.1884139042784,997
2024-09-16 09:47:52.317000,419.1518427293571,6
2024-09-16 09:47:52.327000,419.155594214943,7
2024-09-16 09:47:52.381000,419.2177660525213,100
2024-09-16 09:47:52.648000,419.2064515776282,13
2024-09-16 09:47:52.662000,419.2006651241026,98
2024-09-16 09:47:52.674000,419.1419471691973,9
2024-09-16 09:47:52.703000,419.1592071050941,10
2024-09-16 09:47:52.744000,419.212451327489,1003
2024-09-16 09:47:52.769000,419.21001318707727,10
2024-09-16 09:47:52.786000,419.2055776823009,103
2024-09-16 09:47:52.859000,419.17688064155146,102
2024-09-16 09:47:52.928000,419.1946557560415,1004
2024-09-16 09:47:52.936000,419.1851369967589,1000
2024-09-16 09:47:52.971000,419.18622046038814,10
2024-09-16 09:47:53.011000,419.1607554368783,7
2024-09-16 09:47:53.218000,419.1686402214701,6
2024-09-16 09:47:53.222000,419.1521754366552,96
2024-09-16 09:47:53.228000,419.1658653989736,14
2024-09-16 09:47:53.232000,419.1953955469121,9
2024-09-16 09:47:53.273000,419.2023440923842,102
2024-09-16 09:47:53.349000,419.1646070491245,14
2024-09-16 09:47:53.443000,419.16934382200026,997
2024-09-16 09:47:53.528000,419.1573353623677,96
2024-09-16 09:47:53.648000,419.1550242178731,97
2024-09-16 09:47:53.674000,419.188623064998,1000
2024-09-16 09:47:53.945000,419.1736985827637,998
2024-09-16 09:47:53.947000,419.1726892566191,999
2024-09-16 09:47:53.949000,419.1657486027936,997
2024-09-16 09:47:54.304000,419.1501015787683,104
2024-09-16 09:47:54.687000,419.1484259979536,95
2024-09-16 09:47:54.757000,419.15123219743657,8
2024-09-16 09:47:54.852000,419.1604781663214,1003
2024-09-16 09:47:55.100000,419.1659185883166,1000
2024-09-16 09:47:55.182000,419.1791899620452,95
2024-09-16 09:47:55.215000,419.189077587917,98
2024-09-16 09:47:55.223000,419.1751728632488,98
2024-09-16 09:47:55.245000,419.1443579802812,995
2024-09-16 09:47:55.354000,419.1638501079034,103
2024-09-16 09:47:55.396000,419.17922754015217,98
2024-09-16 09:47:55.514000,419.1799670320097,104
2024-09-16 09:47:55.538000,419.1278669910831,95
2024-09-16 09:47:55.583000,419.152249259621,98
2024-09-16 09:47:55.629000,419.1956128214353,105
2024-09-16 09:47:55.662000,419.1593354237679,100
2024-09-16 09:47:55.712000,419.1610239817716,1004
2024-09-16 09:47:55.719000,419.14354258021126,1005
2024-09-16 09:47:55.806000,419.1377067207092,104
2024-09-16 09:47:55.867000,419.15634317777824,6
2024-09-16 09:47:55.887000,419.1586471101554,9
2024-09-16 09:47:55.909000,419.1433039623861,10
2024-09-16 09:47:55.959000,419.1659746033671,5
2024-09-16 09:47:56.036000,419.1329579961662,996
2024-09-16 09:47:56.110000,419.1494037892121,10
2024-09-16 09:47:56.181000,419.135678904018,7
2024-09-16 09:47:56.319000,419.1272744333739,997
2024-09-16 09:47:56.485000,419.1268448747176,102
2024-09-16 09:47:56.529000,419.1622818485679,7
2024-09-16 09:47:56.616000,419.142691387918,1000
2024-09-16 09:47:56.624000,419.1532917194549,1004
2024-09-16 09:47:56.750000,419.1222775971211,9
2024-09-16 09:47:56.798000,419.1253024105287,102
2024-09-16 09:47:56.809000,419.1324683131557,104
2024-09-16 09:47:56.825000,419.1513384131933,99
2024-09-16 09:47:56.993000,419.1417080415182,995
2024-09-16 09:47:57.837000,419.1217962262259,7
2024-09-16 09:47:58.205000,419.1170128477496,102
2024-09-16 09:47:58.343000,419.099482581437,100
2024-09-16 09:47:58.352000,419.1284989296224,102
2024-09-16 09:47:58.360000,419.0968906111017,998
2024-09-16 09:47:58.511000,419.1096801467668,95
2024-09-16 09:47:58.758000,419.1317495809368,15
2024-09-16 09:47:58.809000,419.1339888857305,998
2024-09-16 09:47:58.881000,419.1104955490972,1005
2024-09-16 09:47:58.882000,419.1268267497402,1001
2024-09-16 09:47:59.041000,419.09176549048505,8
2024-09-16 09:47:59.145000,419.09663503949366,996
2024-09-16 09:47:59.207000,419.1513262324528,96
2024-09-16 09:47:59.222000,419.1351157220763,10
2024-09-16 09:47:59.307000,419.1152212528387,996
2024-09-16 09:47:59.372000,419.0816566132495,9
2024-09-16 09:47:59.419000,419.1260999057104,997
2024-09-16 09:47:59.453000,419.0770530106605,13
2024-09-16 09:47:59.540000,419.0839280977578,97
2024-09-16 09:47:59.563000,419.07526036049234,95
2024-09-16 09:47:59.642000,419.0899708986274,999
2024-09-16 09:47:59.725000,419.1373093185678,98
2024-09-16 09:47:59.852000,419.0820238649137,105
2024-09-16 09:47:59.903000,419.1464830110812,11
2024-09-16 09:47:59.924000,419.0762811943,1000
2024-09-16 09:47:59.978000,419.09031189113153,999
2024-09-16 09:47:59.991000,419.1410921779958,1001
