Timestamp,Price,Size
2024-09-16 11:10:00.122000,417.0217043233218,102
2024-09-16 11:10:00.596000,417.01820760329866,1005
2024-09-16 11:10:00.768000,417.0152027556385,5
2024-09-16 11:10:00.902000,417.0066389104133,1004
2024-09-16 11:10:00.905000,416.9959267815599,14
2024-09-16 11:10:01.150000,417.050864732679,95
2024-09-16 11:10:01.164000,417.0114051154189,11
2024-09-16 11:10:01.219000,417.0572526405989,995
2024-09-16 11:10:01.233000,417.0280255940912,97
2024-09-16 11:10:01.253000,417.00580105243296,12
2024-09-16 11:10:01.312000,417.0350121139335,15
2024-09-16 11:10:01.464000,417.0094891091314,7
2024-09-16 11:10:01.496000,417.0451698034252,1003
2024-09-16 11:10:01.543000,416.9704352273584,97
2024-09-16 11:10:01.649000,416.9482820998941,996
2024-09-16 11:10:01.780000,417.0629977750459,105
2024-09-16 11:10:01.786000,417.0083812033228,995
2024-09-16 11:10:01.849000,416.9372593395536,1005
2024-09-16 11:10:01.937000,417.0421612400728,98
2024-09-16 11:10:01.960000,417.0346756211035,1004
2024-09-16 11:10:02.162000,416.91607587271886,997
2024-09-16 11:10:02.240000,416.9420627514161,9
2024-09-16 11:10:02.357000,416.92297876768407,10
2024-09-16 11:10:02.371000,416.9179538199626,100
2024-09-16 11:10:02.399000,416.9249292455535,9
2024-09-16 11:10:02.720000,416.94152125736304,12
2024-09-16 11:10:02.747000,416.9293670969449,1003
2024-09-16 11:10:02.825000,416.9331072473935,5
2024-09-16 11:10:02.903000,416.9283410247125,96
2024-09-16 11:10:03.022000,416.9875685497033,98
2024-09-16 11:10:03.111000,416.9698425339458,995
2024-09-16 11:10:03.310000,416.9813763909775,8
2024-09-16 11:10:03.326000,417.0428886604439,1002
2024-09-16 11:10:03.406000,417.0135908626648,98
2024-09-16 11:10:03.428000,417.0317261933959,96
2024-09-16 11:10:03.431000,416.9718790997789,13
2024-09-16 11:10:03.431000,416.9575978686744,12
2024-09-16 11:10:03.523000,417.0478931946408,103
2024-09-16 11:10:03.534000,416.9643960167024,1002
2024-09-16 11:10:03.567000,417.0411892486343,95
2024-09-16 11:10:03.665000,416.9789662669131,996
2024-09-16 11:10:03.761000,416.9938031702259,1004
2024-09-16 11:10:03.871000,416.9767508568862,1002
2024-09-16 11:10:03.886000,416.970014660396,1001
2024-09-16 11:10:03.945000,417.0136509693735,103
2024-09-16 11:10:04.076000,417.058383433044,999
2024-09-16 11:10:04.150000,417.00085954406734,1005
2024-09-16 11:10:04.175000,417.03494136005696,97
2024-09-16 11:10:04.186000,417.0413023287667,105
2024-09-16 11:10:04.205000,417.034569006362,13
2024-09-16 11:10:04.322000,417.0072116171485,6
2024-09-16 11:10:04.357000,417.038681802239,15
2024-09-16 11:10:04.365000,417.0028231962037,1001
2024-09-16 11:10:04.474000,417.0108443558587,95
2024-09-16 11:10:04.497000,416.95804035111047,98
2024-09-16 11:10:04.561000,417.0229399175672,103
2024-09-16 11:10:04.594000,417.0498420562289,14
2024-09-16 11:10:04.648000,417.0256184329736,97
2024-09-16 11:10:04.661000,417.05400867540783,999
2024-09-16 11:10:04.678000,417.0429759220453,102
2024-09-16 11:10:04.679000,416.9735434552522,996
2024-09-16 11:10:04.710000,417.0326681713162,99
2024-09-16 11:10:04.758000,417.0559730054369,996
2024-09-16 11:10:04.784000,417.01622894945496,1004
2024-09-16 11:10:04.801000,417.0034041008529,10
2024-09-16 11:10:04.806000,417.0315457021394,101
2024-09-16 11:10:04.842000,417.0067577671401,100
2024-09-16 11:10:04.887000,416.98016469587367,7
2024-09-16 11:10:04.955000,417.0262273467287,5
2024-09-16 11:10:04.966000,417.03920505167,15
2024-09-16 11:10:05.058000,416.9984887243669,7
2024-09-16 11:10:05.099000,416.92197549858815,999
2024-09-16 11:10:05.124000,416.98944409650494,13
2024-09-16 11:10:05.131000,416.9860110258806,7
2024-09-16 11:10:05.138000,416.9181152018384,99
2024-09-16 11:10:05.147000,416.94902935862007,13
2024-09-16 11:10:05.210000,416.96401180901154,1004
2024-09-16 11:10:05.212000,416.9688288135414,12
2024-09-16 11:10:05.280000,416.9650856370607,105
2024-09-16 11:10:05.352000,416.921294029096,102
2024-09-16 11:10:05.384000,416.9412992046824,14
2024-09-16 11:10:05.388000,416.9590036127054,5
2024-09-16 11:10:05.422000,416.950610152029,6
2024-09-16 11:10:05.479000,416.9485050844456,95
2024-09-16 11:10:05.620000,416.9765981564625,99
2024-09-16 11:10:05.655000,417.0077311431935,100
2024-09-16 11:10:05.740000,416.9580365266168,13
2024-09-16 11:10:05.749000,416.94550296503314,13
2024-09-16 11:10:05.765000,416.9502804805192,13
2024-09-16 11:10:05.799000,416.9600122858381,6
2024-09-16 11:10:05.952000,416.9713416049863,1005
2024-09-16 11:10:06.172000,416.9743138405939,6
2024-09-16 11:10:06.440000,416.980521211205,101
2024-09-16 11:10:06.469000,416.9438763701507,103
2024-09-16 11:10:06.558000,416.9424044676384,101
2024-09-16 11:10:06.607000,416.9561815219275,5
2024-09-16 11:10:06.628000,416.9749659234446,101
2024-09-16 11:10:06.639000,416.9860805148659,102
2024-09-16 11:10:06.663000,416.9643004131213,15
2024-09-16 11:10:06.776000,416.97343933097983,97
2024-09-16 11:10:06.803000,416.9721428879973,95
2024-09-16 11:10:06.846000,416.950025146702,100
2024-09-16 11:10:06.849000,416.974202242779,99
2024-09-16 11:10:06.855000,416.983491706514,13
2024-09-16 11:10:06.937000,416.9734666888522,9
2024-09-16 11:10:06.941000,416.95418137611375,999
2024-09-16 11:10:07.737000,416.93431760851166,95
2024-09-16 11:10:07.826000,416.9270191958248,104
2024-09-16 11:10:08.086000,416.9311677522172,9
2024-09-16 11:10:08.105000,416.9103860999632,1005
2024-09-16 11:10:08.136000,416.9164284939573,12
2024-09-16 11:10:08.169000,416.9172601081688,13
2024-09-16 11:10:08.206000,416.9334379173053,1000
2024-09-16 11:10:08.258000,416.9261244086628,999
2024-09-16 11:10:08.265000,416.9132554262421,99
2024-09-16 11:10:08.281000,416.9077499046322,7
2024-09-16 11:10:08.297000,416.8781099878005,5
2024-09-16 11:10:08.384000,416.892078487585,1003
2024-09-16 11:10:08.390000,416.8818381964548,1000
2024-09-16 11:10:08.493000,416.9352762218392,96
2024-09-16 11:10:08.635000,416.9194039385328,13
2024-09-16 11:10:08.748000,416.94356666567774,97
2024-09-16 11:10:08.789000,416.94130128331096,1002
2024-09-16 11:10:08.824000,416.91813083133314,95
2024-09-16 11:10:08.870000,416.89628726771485,103
2024-09-16 11:10:08.897000,416.8923346320976,14
2024-09-16 11:10:08.906000,416.96013182902897,1005
2024-09-16 11:10:09.044000,416.9362460973662,999
2024-09-16 11:10:09.052000,416.9679661359068,97
2024-09-16 11:10:09.104000,416.9428341245618,14
2024-09-16 11:10:09.114000,416.9350867102818,6
2024-09-16 11:10:09.123000,416.9468272214093,97
2024-09-16 11:10:09.167000,416.9769581740395,100
2024-09-16 11:10:09.189000,416.9301102265141,99
2024-09-16 11:10:09.189000,416.9612412586133,101
2024-09-16 11:10:09.353000,416.9824885589077,1001
2024-09-16 11:10:09.367000,416.9158652946247,103
2024-09-16 11:10:09.461000,416.97568448010736,14
2024-09-16 11:10:09.492000,416.9712891712566,95
2024-09-16 11:10:09.507000,416.9437305342574,104
2024-09-16 11:10:09.516000,416.9915912332464,1000
2024-09-16 11:10:09.583000,416.9671820252951,8
2024-09-16 11:10:09.597000,416.9388899167419,97
2024-09-16 11:10:09.598000,416.92755601700327,96
2024-09-16 11:10:09.626000,416.9118078686972,97
2024-09-16 11:10:09.631000,416.9915359339212,11
2024-09-16 11:10:09.650000,416.9522392003576,8
2024-09-16 11:10:09.754000,416.9338776270907,8
2024-09-16 11:10:09.762000,416.9488503362916,12
2024-09-16 11:10:09.823000,416.9494514040797,101
2024-09-16 11:10:09.833000,416.9498421166058,1005
2024-09-16 11:10:09.872000,416.9078945952826,13
2024-09-16 11:10:09.911000,416.98007338640167,99
2024-09-16 11:10:10.051000,416.93092596090736,100
2024-09-16 11:10:10.066000,416.9199701750983,101
2024-09-16 11:10:10.125000,416.9261262892748,100
2024-09-16 11:10:10.344000,416.9124443603822,13
2024-09-16 11:10:10.389000,416.9145673134296,1000
2024-09-16 11:10:10.507000,416.9250095322093,6
2024-09-16 11:10:10.515000,416.9140728307227,7
2024-09-16 11:10:10.519000,416.9207973096287,15
2024-09-16 11:10:10.576000,416.9342557297194,5
2024-09-16 11:10:10.585000,416.9198741696759,11
2024-09-16 11:10:10.598000,416.90970226678576,95
2024-09-16 11:10:10.640000,416.934574687405,1002
2024-09-16 11:10:10.779000,416.9134713631464,10
2024-09-16 11:10:10.796000,416.9369756877229,5
2024-09-16 11:10:10.816000,416.87707354707226,99
2024-09-16 11:10:10.846000,416.9407108046077,6
2024-09-16 11:10:10.869000,416.8979458423681,998
2024-09-16 11:10:10.870000,416.8967702438752,998
2024-09-16 11:10:10.978000,416.93867753263225,12
2024-09-16 11:10:10.983000,416.9010331197483,15
2024-09-16 11:10:11.022000,416.9578609565498,99
2024-09-16 11:10:11.030000,416.9761771480834,1000
2024-09-16 11:10:11.096000,416.8904935147869,99
2024-09-16 11:10:11.117000,416.9430165878489,1003
2024-09-16 11:10:11.119000,416.8843965040436,96
2024-09-16 11:10:11.138000,416.9753413664403,997
2024-09-16 11:10:11.165000,416.9137404061684,1000
2024-09-16 11:10:11.170000,416.9106368365698,13
2024-09-16 11:10:11.187000,416.89515474206655,100
2024-09-16 11:10:11.190000,416.9450176091473,96
2024-09-16 11:10:11.216000,416.95467710474816,11
2024-09-16 11:10:11.221000,416.90617487544114,997
2024-09-16 11:10:11.225000,416.8773201688449,13
2024-09-16 11:10:11.225000,416.9692665714984,999
2024-09-16 11:10:11.249000,416.9052906816894,9
2024-09-16 11:10:11.268000,416.9161753569718,1001
2024-09-16 11:10:11.360000,416.9025291185925,1001
2024-09-16 11:10:11.372000,416.9425506765452,1004
2024-09-16 11:10:11.382000,416.9660807020487,96
2024-09-16 11:10:11.413000,416.9118834422487,102
2024-09-16 11:10:11.541000,416.9840332762688,998
2024-09-16 11:10:11.552000,416.957952719828,103
2024-09-16 11:10:11.568000,416.9864688079738,996
2024-09-16 11:10:11.683000,416.9045092098235,999
2024-09-16 11:10:11.787000,416.9048695284515,1005
2024-09-16 11:10:11.835000,416.94853045989663,103
2024-09-16 11:10:11.925000,416.91594276594384,100
2024-09-16 11:10:11.935000,416.9226780637594,999
2024-09-16 11:10:11.971000,416.9627645763644,95
2024-09-16 11:10:12.070000,416.9737759321766,100
2024-09-16 11:10:12.107000,416.9832641951856,100
2024-09-16 11:10:12.154000,416.9644776381994,97
2024-09-16 11:10:12.171000,416.9592433869888,998
2024-09-16 11:10:12.204000,417.0075647988991,999
2024-09-16 11:10:12.207000,416.9908809757195,15
2024-09-16 11:10:12.351000,416.9844526040589,7
2024-09-16 11:10:12.355000,416.97963010726863,102
2024-09-16 11:10:12.376000,416.97537678814666,997
2024-09-16 11:10:12.465000,416.9776258853197,100
2024-09-16 11:10:12.495000,416.9708737339666,11
2024-09-16 11:10:12.508000,416.9591089897148,995
2024-09-16 11:10:12.573000,416.9730992538781,98
2024-09-16 11:10:12.575000,416.96896548700096,1003
2024-09-16 11:10:12.593000,416.9874933186879,12
2024-09-16 11:10:12.647000,416.9996489820913,95
2024-09-16 11:10:12.676000,416.9642016449308,12
2024-09-16 11:10:12.713000,416.9561111444151,10
2024-09-16 11:10:12.761000,416.96445906157226,1004
2024-09-16 11:10:12.814000,416.9547164736301,98
2024-09-16 11:10:12.901000,416.9587458790317,96
2024-09-16 11:10:12.930000,416.9959883737213,1005
2024-09-16 11:10:12.990000,416.9819670511561,1004
2024-09-16 11:10:13.007000,416.94804583516026,97
2024-09-16 11:10:13.042000,416.9441343475136,13
2024-09-16 11:10:13.065000,416.9425895564477,6
2024-09-16 11:10:13.107000,416.9615568218429,15
2024-09-16 11:10:13.128000,417.0022267148385,1005
2024-09-16 11:10:13.194000,417.02174194397656,9
2024-09-16 11:10:13.219000,417.0127128573811,105
2024-09-16 11:10:13.233000,416.9396470520302,10
2024-09-16 11:10:13.329000,416.9654751638084,100
2024-09-16 11:10:13.350000,416.9525773468985,10
2024-09-16 11:10:13.355000,417.0159172666362,998
2024-09-16 11:10:13.403000,416.981218356528,104
2024-09-16 11:10:13.430000,416.93222257456455,996
2024-09-16 11:10:13.439000,416.9354925497922,11
2024-09-16 11:10:13.485000,416.96043097469806,999
2024-09-16 11:10:13.568000,417.0102230604543,11
2024-09-16 11:10:13.568000,416.94948180275856,103
2024-09-16 11:10:13.600000,416.9348015205239,1002
2024-09-16 11:10:13.601000,416.9298845392594,10
2024-09-16 11:10:13.815000,416.9382066747074,104
2024-09-16 11:10:13.857000,416.9491613384584,15
2024-09-16 11:10:13.871000,417.0065690410103,1005
2024-09-16 11:10:13.887000,416.9416289194287,1003
2024-09-16 11:10:13.893000,417.0250597896061,12
2024-09-16 11:10:13.979000,416.9461583163489,996
2024-09-16 11:10:14.010000,416.99800584157896,97
2024-09-16 11:10:14.057000,416.9844039441347,1005
2024-09-16 11:10:14.070000,416.9869981619236,998
2024-09-16 11:10:14.083000,417.0028766182635,97
2024-09-16 11:10:14.185000,416.94857953502384,1002
2024-09-16 11:10:14.226000,416.975828112109,8
2024-09-16 11:10:14.434000,416.9663836860283,104
2024-09-16 11:10:14.490000,416.99539215687406,101
2024-09-16 11:10:14.551000,417.008130119457,15
2024-09-16 11:10:14.628000,416.9777734697767,104
2024-09-16 11:10:14.702000,417.01695120254976,99
2024-09-16 11:10:14.703000,416.9882854330901,1004
2024-09-16 11:10:14.770000,416.9991203448313,8
2024-09-16 11:10:14.952000,416.96851433950206,104
2024-09-16 11:10:15.105000,416.98251217502417,9
2024-09-16 11:10:15.211000,416.9452480188155,104
2024-09-16 11:10:15.376000,416.9647198572448,10
2024-09-16 11:10:15.519000,416.95509336962607,7
2024-09-16 11:10:15.523000,416.9813900437188,100
2024-09-16 11:10:15.617000,416.9653243617713,101
2024-09-16 11:10:15.617000,417.00724541906646,96
2024-09-16 11:10:15.670000,416.97275547404456,996
2024-09-16 11:10:15.715000,416.9719950595068,996
2024-09-16 11:10:15.725000,416.9648680639344,104
2024-09-16 11:10:15.813000,416.98752971098105,7
2024-09-16 11:10:15.816000,416.9667385315252,12
2024-09-16 11:10:15.910000,416.97709512660265,95
2024-09-16 11:10:15.940000,416.9668975229264,99
2024-09-16 11:10:16.221000,416.9881522113564,15
2024-09-16 11:10:16.301000,416.9911868113179,1005
2024-09-16 11:10:17.011000,417.058773897919,1005
2024-09-16 11:10:17.019000,416.9857626242399,96
2024-09-16 11:10:17.036000,417.0102030492493,10
2024-09-16 11:10:17.077000,416.9973520057087,105
2024-09-16 11:10:17.101000,416.989245179644,14
2024-09-16 11:10:17.126000,417.05174971066856,14
2024-09-16 11:10:17.158000,417.0075424226351,12
2024-09-16 11:10:17.198000,417.0169253656392,12
2024-09-16 11:10:17.219000,416.9989297364791,1000
2024-09-16 11:10:17.261000,417.0020441266412,995
2024-09-16 11:10:17.319000,417.0373544817956,10
2024-09-16 11:10:17.344000,417.0043874510602,104
2024-09-16 11:10:17.383000,417.0054364223827,15
2024-09-16 11:10:17.409000,416.9901224186625,95
2024-09-16 11:10:17.449000,417.0219858004833,1005
2024-09-16 11:10:17.482000,416.99096974411214,14
2024-09-16 11:10:17.499000,417.0654403964985,1001
2024-09-16 11:10:17.633000,416.99402892736106,998
2024-09-16 11:10:17.641000,416.9932134905191,105
2024-09-16 11:10:17.671000,417.0731618907362,98
2024-09-16 11:10:17.687000,417.0654430245328,7
2024-09-16 11:10:17.719000,417.0643708083408,102
2024-09-16 11:10:17.784000,417.0191849675074,996
2024-09-16 11:10:17.826000,417.0187951697044,104
2024-09-16 11:10:17.833000,417.0615478059216,105
2024-09-16 11:10:17.982000,417.0053012634196,104
2024-09-16 11:10:17.986000,417.0308369601183,1002
2024-09-16 11:10:17.992000,416.99575487740526,97
2024-09-16 11:10:18.015000,417.0713275049322,10
2024-09-16 11:10:18.025000,417.0936935119056,1002
2024-09-16 11:10:18.061000,417.0654468113533,102
2024-09-16 11:10:18.077000,417.07985126882073,100
2024-09-16 11:10:18.087000,417.0839566601937,98
2024-09-16 11:10:18.089000,417.1029027483447,97
2024-09-16 11:10:18.131000,417.10316225590526,105
2024-09-16 11:10:18.143000,417.10813482342417,1003
2024-09-16 11:10:18.207000,417.0730141720848,8
2024-09-16 11:10:18.235000,417.087070006503,999
2024-09-16 11:10:18.244000,417.08758096738967,13
2024-09-16 11:10:18.273000,417.0686152730597,98
2024-09-16 11:10:18.297000,417.0779789072317,5
2024-09-16 11:10:18.351000,417.0987681358466,6
2024-09-16 11:10:18.557000,417.0761937878511,101
2024-09-16 11:10:18.586000,417.067967058089,105
2024-09-16 11:10:18.601000,417.1022736991483,997
2024-09-16 11:10:18.611000,417.0882615457671,12
2024-09-16 11:10:18.612000,417.08363220028207,5
2024-09-16 11:10:18.640000,417.0937838515937,99
2024-09-16 11:10:18.703000,417.0652404124957,103
2024-09-16 11:10:18.755000,417.0700740033409,15
2024-09-16 11:10:18.791000,417.0867694784645,14
2024-09-16 11:10:18.835000,417.0862933948298,99
2024-09-16 11:10:18.900000,417.0763620464284,12
2024-09-16 11:10:18.944000,417.0773928885349,103
2024-09-16 11:10:19.080000,417.0474593853437,7
2024-09-16 11:10:19.083000,417.0514598599414,14
2024-09-16 11:10:19.127000,417.01840860651714,1004
2024-09-16 11:10:19.367000,417.0364037904914,13
2024-09-16 11:10:19.607000,417.0343363584134,1000
2024-09-16 11:10:19.679000,417.0426923805564,999
2024-09-16 11:10:19.688000,417.0412775758293,995
2024-09-16 11:10:19.723000,417.04155917477806,5
2024-09-16 11:10:20.026000,417.0076267863089,995
2024-09-16 11:10:20.028000,416.9953316082158,998
2024-09-16 11:10:20.121000,416.9835239211711,996
2024-09-16 11:10:20.168000,416.9782928763779,999
2024-09-16 11:10:20.232000,416.9741606361947,104
2024-09-16 11:10:20.266000,417.0444948883632,998
2024-09-16 11:10:20.279000,417.0006695483372,102
2024-09-16 11:10:20.287000,416.9932300708373,6
2024-09-16 11:10:20.306000,417.01461623689966,7
2024-09-16 11:10:20.348000,417.0441357152407,11
2024-09-16 11:10:20.380000,416.97507452480943,999
2024-09-16 11:10:20.400000,417.03199428557576,96
2024-09-16 11:10:20.484000,417.0004503041706,1001
2024-09-16 11:10:20.486000,417.0063104120695,995
2024-09-16 11:10:20.518000,417.0375304087648,95
2024-09-16 11:10:20.532000,417.01051921793584,7
2024-09-16 11:10:20.542000,417.0129589904682,99
2024-09-16 11:10:20.573000,417.0488310489299,1000
2024-09-16 11:10:20.596000,417.0112446092349,97
2024-09-16 11:10:20.608000,417.0308579710964,1004
2024-09-16 11:10:20.692000,417.0017808258132,97
2024-09-16 11:10:20.748000,417.0494021626704,10
2024-09-16 11:10:20.793000,416.9893378734496,95
2024-09-16 11:10:20.907000,417.0059856484496,101
2024-09-16 11:10:20.937000,417.039851014714,105
2024-09-16 11:10:20.950000,417.0119226511759,999
2024-09-16 11:10:21.052000,417.0349393273784,13
2024-09-16 11:10:21.238000,417.01772358527006,99
2024-09-16 11:10:21.251000,417.0836260756593,96
2024-09-16 11:10:21.255000,417.0669440224289,1004
2024-09-16 11:10:21.293000,417.0255332397187,1005
2024-09-16 11:10:21.295000,417.0084319372048,11
2024-09-16 11:10:21.375000,417.0423024822372,102
2024-09-16 11:10:21.381000,417.0196171929885,99
2024-09-16 11:10:21.415000,417.0552671612318,15
2024-09-16 11:10:21.442000,417.0497071873315,996
2024-09-16 11:10:21.444000,417.07249644816994,1002
2024-09-16 11:10:21.533000,417.07827608339176,97
2024-09-16 11:10:21.569000,417.0669995486888,98
2024-09-16 11:10:21.588000,417.0905879103448,7
2024-09-16 11:10:21.595000,417.0324580402565,95
2024-09-16 11:10:21.610000,417.0706107732876,102
2024-09-16 11:10:21.620000,417.0198883016829,1005
2024-09-16 11:10:21.724000,417.0286692449357,95
2024-09-16 11:10:21.728000,417.0561836392905,12
2024-09-16 11:10:21.798000,417.0480419818953,7
2024-09-16 11:10:21.832000,417.02737621271393,13
2024-09-16 11:10:21.913000,417.0101878863472,997
2024-09-16 11:10:21.927000,417.0626977550669,97
2024-09-16 11:10:21.937000,417.0223712891566,12
2024-09-16 11:10:22.142000,417.06636652036354,99
2024-09-16 11:10:22.192000,417.024886904242,13
2024-09-16 11:10:22.311000,417.06328203279327,998
2024-09-16 11:10:22.374000,417.0791325133303,1002
2024-09-16 11:10:22.484000,417.0827876626412,11
2024-09-16 11:10:22.632000,417.0679132766921,102
2024-09-16 11:10:22.750000,417.087707819709,1004
2024-09-16 11:10:22.752000,417.0587970670276,996
2024-09-16 11:10:22.760000,417.0642244539493,995
2024-09-16 11:10:22.808000,417.0857307766888,14
2024-09-16 11:10:22.813000,417.0708432824062,997
2024-09-16 11:10:22.826000,417.02777250805,10
2024-09-16 11:10:22.847000,417.0832431082597,104
2024-09-16 11:10:22.850000,417.0805847159174,1000
2024-09-16 11:10:22.908000,416.9924228873777,1002
2024-09-16 11:10:22.946000,417.0167035650125,1001
2024-09-16 11:10:22.992000,417.0546359127365,1000
2024-09-16 11:10:23.059000,416.9726740759317,1003
2024-09-16 11:10:23.101000,416.9996133127569,98
2024-09-16 11:10:23.228000,417.01480330235904,99
2024-09-16 11:10:23.271000,417.02187828224,99
2024-09-16 11:10:23.342000,416.9783971513948,97
2024-09-16 11:10:23.358000,416.9921015080306,1004
2024-09-16 11:10:23.365000,416.9713339963497,104
2024-09-16 11:10:23.416000,416.9647485357029,1000
2024-09-16 11:10:23.442000,416.9781882485385,97
2024-09-16 11:10:23.554000,417.0094968878549,101
2024-09-16 11:10:23.599000,416.9632774486592,1002
2024-09-16 11:10:23.604000,417.0165412315556,103
2024-09-16 11:10:23.619000,417.0167584159728,1005
2024-09-16 11:10:23.655000,417.0101458247859,995
2024-09-16 11:10:23.663000,416.9931309683873,7
2024-09-16 11:10:23.666000,416.9663063740114,1003
2024-09-16 11:10:23.688000,417.0021573000852,99
2024-09-16 11:10:23.765000,416.98564776989855,10
2024-09-16 11:10:23.799000,417.004446469162,10
2024-09-16 11:10:23.820000,416.9566414021916,1001
2024-09-16 11:10:23.871000,416.97289579307824,6
2024-09-16 11:10:24.032000,416.9650871263037,100
2024-09-16 11:10:24.155000,416.9698814393261,997
2024-09-16 11:10:24.174000,416.96853308007024,11
2024-09-16 11:10:24.175000,416.9748893191701,103
2024-09-16 11:10:24.178000,416.9778822409724,100
2024-09-16 11:10:24.208000,416.9468587220587,1000
2024-09-16 11:10:24.240000,416.96778294119264,996
2024-09-16 11:10:24.281000,416.9753046465031,997
2024-09-16 11:10:24.301000,416.9768563697946,95
2024-09-16 11:10:24.302000,416.9488642449841,7
2024-09-16 11:10:24.313000,416.977876136467,102
2024-09-16 11:10:24.320000,416.9447628206217,10
2024-09-16 11:10:24.334000,416.939391949254,995
2024-09-16 11:10:24.355000,416.9871463681399,102
2024-09-16 11:10:24.402000,416.9340727932501,9
2024-09-16 11:10:24.415000,416.98096119342745,5
2024-09-16 11:10:24.574000,416.9653182791719,13
2024-09-16 11:10:24.581000,416.9736164069205,12
2024-09-16 11:10:24.609000,416.9334669908643,13
2024-09-16 11:10:24.613000,416.9853890657447,999
2024-09-16 11:10:24.628000,416.9584524031711,1002
2024-09-16 11:10:24.689000,416.9809968880324,1001
2024-09-16 11:10:24.741000,416.96908956602937,99
2024-09-16 11:10:24.786000,416.95900904074847,995
2024-09-16 11:10:24.924000,416.95987995719753,12
2024-09-16 11:10:24.962000,416.93313400764526,9
2024-09-16 11:10:25.053000,416.84860412788873,96
2024-09-16 11:10:25.086000,416.8889208393342,1003
2024-09-16 11:10:25.119000,416.906374139968,100
2024-09-16 11:10:25.176000,416.8627269250805,7
2024-09-16 11:10:25.230000,416.8479003792769,9
2024-09-16 11:10:25.375000,416.8710393388018,98
2024-09-16 11:10:25.465000,416.8617824962236,96
2024-09-16 11:10:25.486000,416.8869765059013,1002
2024-09-16 11:10:25.538000,416.87146267254695,8
2024-09-16 11:10:25.719000,416.8802142655746,98
2024-09-16 11:10:25.730000,416.8547261532207,997
2024-09-16 11:10:25.848000,416.90275065748585,8
2024-09-16 11:10:25.861000,416.8562895046308,5
2024-09-16 11:10:25.941000,416.8968263690999,102
2024-09-16 11:10:25.970000,416.8897703134984,13
2024-09-16 11:10:25.973000,416.8982954858874,996
2024-09-16 11:10:26.022000,416.8327782626337,13
2024-09-16 11:10:26.055000,416.87929987293904,15
2024-09-16 11:10:26.297000,416.820692750656,5
2024-09-16 11:10:26.332000,416.86762027962646,97
2024-09-16 11:10:26.427000,416.8764613711334,1000
2024-09-16 11:10:26.447000,416.8148411647989,13
2024-09-16 11:10:26.473000,416.8161797437111,11
2024-09-16 11:10:26.555000,416.8521489848749,14
2024-09-16 11:10:26.714000,416.8861722812198,1002
2024-09-16 11:10:26.929000,416.82819285243903,5
2024-09-16 11:10:27.001000,416.8157405717415,1002
2024-09-16 11:10:27.039000,416.8693938823168,1005
2024-09-16 11:10:27.201000,416.8548132189731,999
2024-09-16 11:10:27.223000,416.8191780233849,7
2024-09-16 11:10:27.247000,416.8484255045405,1001
2024-09-16 11:10:27.281000,416.8201832529721,1004
2024-09-16 11:10:27.373000,416.88394647101,12
2024-09-16 11:10:27.386000,416.8093960918058,1004
2024-09-16 11:10:27.395000,416.81700482283225,14
2024-09-16 11:10:27.488000,416.8800198926641,9
2024-09-16 11:10:27.524000,416.790348065476,104
2024-09-16 11:10:27.599000,416.83300585521215,102
2024-09-16 11:10:27.677000,416.87505922736256,5
2024-09-16 11:10:27.723000,416.8341397597694,1000
2024-09-16 11:10:27.738000,416.8473993708429,9
2024-09-16 11:10:27.781000,416.8479823323363,103
2024-09-16 11:10:27.842000,416.89370286202063,99
2024-09-16 11:10:27.869000,416.8256153228522,101
2024-09-16 11:10:27.922000,416.831325559373,995
2024-09-16 11:10:27.938000,416.8412024318348,14
2024-09-16 11:10:27.995000,416.8126503052178,104
2024-09-16 11:10:28.009000,416.9500997779886,99
2024-09-16 11:10:28.049000,416.933532078057,998
2024-09-16 11:10:28.261000,416.9244817544384,1002
2024-09-16 11:10:28.310000,416.89801263511447,995
2024-09-16 11:10:28.350000,416.9491956642363,5
2024-09-16 11:10:28.701000,416.9539085393951,998
2024-09-16 11:10:28.705000,416.9464167342028,11
2024-09-16 11:10:28.876000,416.9340480544327,1003
2024-09-16 11:10:29.218000,416.9243865805431,99
2024-09-16 11:10:29.329000,416.9497832245577,97
2024-09-16 11:10:29.430000,416.949262715893,7
2024-09-16 11:10:29.558000,416.94267454637423,5
2024-09-16 11:10:29.572000,416.916070940599,9
2024-09-16 11:10:29.731000,416.93423934651145,996
2024-09-16 11:10:29.914000,416.95269445539424,100
2024-09-16 11:10:29.937000,416.9057059465733,6
2024-09-16 11:10:30.059000,416.9349470889805,99
2024-09-16 11:10:30.063000,416.9470532855432,6
2024-09-16 11:10:30.127000,416.9479460831079,102
2024-09-16 11:10:30.211000,416.9370002019414,12
2024-09-16 11:10:30.267000,416.92067763006935,9
2024-09-16 11:10:30.272000,416.9128349032919,1004
2024-09-16 11:10:30.381000,416.9392517729308,98
2024-09-16 11:10:30.554000,416.89981556622223,5
2024-09-16 11:10:30.590000,416.9022359540482,1004
2024-09-16 11:10:30.689000,416.9232052735599,8
2024-09-16 11:10:30.719000,416.94170341672736,6
2024-09-16 11:10:30.754000,416.9316041201069,12
2024-09-16 11:10:30.757000,416.9370190136605,95
2024-09-16 11:10:30.812000,416.9303276396937,999
2024-09-16 11:10:30.814000,416.9450177284484,97
2024-09-16 11:10:30.905000,416.9285593174002,9
2024-09-16 11:10:30.979000,416.9494489924722,1002
2024-09-16 11:10:31.070000,416.8763126060968,104
2024-09-16 11:10:31.130000,416.8838867946573,995
2024-09-16 11:10:31.154000,416.9249537053204,104
2024-09-16 11:10:31.156000,416.8948217360842,7
2024-09-16 11:10:31.196000,416.8899597725463,97
2024-09-16 11:10:31.225000,416.8805694024088,995
2024-09-16 11:10:31.270000,416.8715772086029,6
2024-09-16 11:10:31.277000,416.916573203298,15
2024-09-16 11:10:31.389000,416.89220172092,105
2024-09-16 11:10:31.450000,416.8721963822824,10
2024-09-16 11:10:31.496000,416.8706679919613,12
2024-09-16 11:10:31.592000,416.8794762529116,102
2024-09-16 11:10:31.698000,416.88318203111,999
2024-09-16 11:10:31.710000,416.87202944777584,6
2024-09-16 11:10:31.730000,416.9115004419329,8
2024-09-16 11:10:31.733000,416.8659452261578,12
2024-09-16 11:10:31.908000,416.9114038096643,1004
2024-09-16 11:10:31.944000,416.8895365317484,14
2024-09-16 11:10:32.007000,416.83964346398136,1000
2024-09-16 11:10:32.037000,416.8821926394991,996
2024-09-16 11:10:32.090000,416.8924380745772,10
2024-09-16 11:10:32.110000,416.8708541430604,995
2024-09-16 11:10:32.161000,416.8359694871174,13
2024-09-16 11:10:32.448000,416.8613821818511,1000
2024-09-16 11:10:32.600000,416.84708296187625,100
2024-09-16 11:10:32.654000,416.8673626342788,95
2024-09-16 11:10:32.693000,416.8508840804553,13
2024-09-16 11:10:32.697000,416.843310769716,95
2024-09-16 11:10:32.752000,416.85701392000846,8
2024-09-16 11:10:32.778000,416.8969675451798,105
2024-09-16 11:10:33.010000,416.89143001417057,95
2024-09-16 11:10:33.072000,416.88801711495387,997
2024-09-16 11:10:33.204000,416.8870429918564,98
2024-09-16 11:10:33.282000,416.878427306081,995
2024-09-16 11:10:33.418000,416.86611027666805,1002
2024-09-16 11:10:33.587000,416.89214615390745,5
2024-09-16 11:10:33.825000,416.87996914512286,11
2024-09-16 11:10:34.342000,416.8549775511992,5
2024-09-16 11:10:34.555000,416.8528553316924,1004
2024-09-16 11:10:34.636000,416.8579957881206,10
2024-09-16 11:10:34.696000,416.8518600248799,995
2024-09-16 11:10:34.916000,416.86035313492783,996
2024-09-16 11:10:34.923000,416.8572140306236,99
2024-09-16 11:10:35.162000,416.8719251024064,12
2024-09-16 11:10:35.207000,416.86623759977823,5
2024-09-16 11:10:35.469000,416.8676667086748,95
2024-09-16 11:10:35.499000,416.86849039674416,99
2024-09-16 11:10:35.523000,416.8354855151848,996
2024-09-16 11:10:35.527000,416.84580037943806,1005
2024-09-16 11:10:35.599000,416.8729956892058,1005
2024-09-16 11:10:35.612000,416.8451389835859,10
2024-09-16 11:10:35.716000,416.8689145278405,98
2024-09-16 11:10:35.753000,416.8368243618636,102
2024-09-16 11:10:35.768000,416.84602046481865,7
2024-09-16 11:10:35.774000,416.8668357987464,105
2024-09-16 11:10:35.848000,416.87694621470206,103
2024-09-16 11:10:35.862000,416.86271000422977,1000
2024-09-16 11:10:35.901000,416.8401561553408,100
2024-09-16 11:10:35.969000,416.8703132429159,1000
2024-09-16 11:10:36.116000,416.8834753037199,100
2024-09-16 11:10:36.138000,416.90335623336256,98
2024-09-16 11:10:36.234000,416.8866274101916,10
2024-09-16 11:10:36.308000,416.85877195020026,12
2024-09-16 11:10:36.353000,416.8536214390312,14
2024-09-16 11:10:36.474000,416.8896069744736,1002
2024-09-16 11:10:36.478000,416.8695292357152,15
2024-09-16 11:10:36.501000,416.8875485747904,104
2024-09-16 11:10:36.504000,416.83982120335753,997
2024-09-16 11:10:36.594000,416.9009580261451,103
2024-09-16 11:10:36.612000,416.888496411748,1005
2024-09-16 11:10:36.697000,416.8891157152095,995
2024-09-16 11:10:36.702000,416.87259489733,100
2024-09-16 11:10:36.702000,416.8734590608395,999
2024-09-16 11:10:36.775000,416.8666539235855,96
2024-09-16 11:10:36.882000,416.8472507603765,13
2024-09-16 11:10:36.900000,416.88729331128576,9
2024-09-16 11:10:36.911000,416.8687723588667,100
2024-09-16 11:10:36.932000,416.8727145892224,999
2024-09-16 11:10:36.970000,416.8934971136168,1002
2024-09-16 11:10:37.030000,416.86830172956405,13
2024-09-16 11:10:37.048000,416.9112002280162,13
2024-09-16 11:10:37.054000,416.9064523604447,100
2024-09-16 11:10:37.085000,416.8735751154159,102
2024-09-16 11:10:37.129000,416.8733081990364,101
2024-09-16 11:10:37.152000,416.9245897055121,7
2024-09-16 11:10:37.197000,416.87487803289855,13
2024-09-16 11:10:37.266000,416.8909025003097,11
2024-09-16 11:10:37.302000,416.9038864149471,104
2024-09-16 11:10:37.366000,416.89957820564905,100
2024-09-16 11:10:37.370000,416.9007477925491,104
2024-09-16 11:10:37.592000,416.8943296542409,99
2024-09-16 11:10:37.641000,416.8550529396416,95
2024-09-16 11:10:37.665000,416.87811071665664,1000
2024-09-16 11:10:37.673000,416.8640358863394,996
2024-09-16 11:10:37.783000,416.8587771492987,1002
2024-09-16 11:10:37.789000,416.8746294362401,97
2024-09-16 11:10:37.799000,416.8626029447086,11
2024-09-16 11:10:37.832000,416.90055929666926,999
2024-09-16 11:10:37.838000,416.8699025866383,6
2024-09-16 11:10:37.879000,416.8986745674973,997
2024-09-16 11:10:38.050000,416.85780526992,105
2024-09-16 11:10:38.166000,416.8547276140012,996
2024-09-16 11:10:38.186000,416.8476588243769,15
2024-09-16 11:10:38.290000,416.852240775529,96
2024-09-16 11:10:38.393000,416.872887807783,96
2024-09-16 11:10:38.527000,416.87989838155954,10
2024-09-16 11:10:38.585000,416.8490393945208,13
2024-09-16 11:10:38.613000,416.8525508199637,14
2024-09-16 11:10:38.640000,416.8489934432812,99
2024-09-16 11:10:38.738000,416.83993366559474,14
2024-09-16 11:10:38.745000,416.86314329858703,102
2024-09-16 11:10:38.844000,416.85373858042766,5
2024-09-16 11:10:38.845000,416.85125035366457,1000
2024-09-16 11:10:38.906000,416.8778689848995,105
2024-09-16 11:10:39.003000,416.82323398691045,13
2024-09-16 11:10:39.037000,416.8418720676098,9
2024-09-16 11:10:39.043000,416.8599606737651,6
2024-09-16 11:10:39.075000,416.8605674946268,100
2024-09-16 11:10:39.097000,416.826836361896,7
2024-09-16 11:10:39.109000,416.8458530476191,9
2024-09-16 11:10:39.249000,416.851459249272,100
2024-09-16 11:10:39.319000,416.8196845278178,99
2024-09-16 11:10:39.362000,416.8214235052568,14
2024-09-16 11:10:39.380000,416.8558644991599,14
2024-09-16 11:10:39.408000,416.81491218917967,995
2024-09-16 11:10:39.458000,416.84827405099344,95
2024-09-16 11:10:39.470000,416.81652900099294,96
2024-09-16 11:10:39.503000,416.8553975145886,9
2024-09-16 11:10:39.642000,416.8353219804567,99
2024-09-16 11:10:39.747000,416.8355797583971,1000
2024-09-16 11:10:39.817000,416.83186662823147,97
2024-09-16 11:10:39.839000,416.817655476717,104
2024-09-16 11:10:39.922000,416.826955792728,95
2024-09-16 11:10:40.059000,416.799791419087,10
2024-09-16 11:10:40.318000,416.8083310203986,15
2024-09-16 11:10:40.341000,416.85002127866215,5
2024-09-16 11:10:40.373000,416.8392019937841,11
2024-09-16 11:10:40.397000,416.8327940955629,1002
2024-09-16 11:10:40.459000,416.8538265450464,103
2024-09-16 11:10:40.471000,416.7931995581969,1003
2024-09-16 11:10:40.484000,416.8372724113333,6
2024-09-16 11:10:40.509000,416.8554683458021,8
2024-09-16 11:10:40.595000,416.835854587596,103
2024-09-16 11:10:40.831000,416.85389889790713,8
2024-09-16 11:10:40.926000,416.8315069017427,12
2024-09-16 11:10:41.008000,416.8867006827383,5
2024-09-16 11:10:41.068000,416.8806733599092,14
2024-09-16 11:10:41.232000,416.8188696122478,7
2024-09-16 11:10:41.239000,416.8145755011852,1002
2024-09-16 11:10:41.304000,416.8110971125537,8
2024-09-16 11:10:41.351000,416.8567481750527,99
2024-09-16 11:10:41.357000,416.86951906255626,12
2024-09-16 11:10:41.385000,416.8048298342599,9
2024-09-16 11:10:41.474000,416.8538579015312,96
2024-09-16 11:10:41.568000,416.8511310845385,995
2024-09-16 11:10:41.592000,416.8592972969905,102
2024-09-16 11:10:41.594000,416.8669219794999,14
2024-09-16 11:10:41.598000,416.8693857849274,7
2024-09-16 11:10:41.735000,416.8696711135714,11
2024-09-16 11:10:41.776000,416.8711488697212,999
2024-09-16 11:10:41.812000,416.85927454747167,10
2024-09-16 11:10:41.833000,416.8554633755732,9
2024-09-16 11:10:41.834000,416.8612605649301,1004
2024-09-16 11:10:41.843000,416.86110162873433,98
2024-09-16 11:10:41.845000,416.8160861294426,995
2024-09-16 11:10:41.860000,416.8653452147757,9
2024-09-16 11:10:41.863000,416.82000623731153,1003
2024-09-16 11:10:41.870000,416.8260085757041,5
2024-09-16 11:10:41.900000,416.8748462805217,11
2024-09-16 11:10:41.910000,416.8421260150234,103
2024-09-16 11:10:41.963000,416.882874437813,10
2024-09-16 11:10:41.991000,416.84401666422497,101
2024-09-16 11:10:43.039000,416.86636193999385,5
2024-09-16 11:10:43.096000,416.8798316430525,10
2024-09-16 11:10:43.216000,416.89123386300247,13
2024-09-16 11:10:43.217000,416.7882092073877,8
2024-09-16 11:10:43.219000,416.8518434745986,14
2024-09-16 11:10:43.233000,416.8054345053364,95
2024-09-16 11:10:43.237000,416.8910988911588,14
2024-09-16 11:10:43.309000,416.8532116911525,995
2024-09-16 11:10:43.342000,416.90626460302457,997
2024-09-16 11:10:43.466000,416.8709900780411,9
2024-09-16 11:10:43.482000,416.88595314144806,1005
2024-09-16 11:10:43.493000,416.79193528006215,6
2024-09-16 11:10:43.629000,416.8700920361939,101
2024-09-16 11:10:43.633000,416.8858439069107,999
2024-09-16 11:10:43.651000,416.80179185428494,6
2024-09-16 11:10:43.676000,416.87339406773066,8
2024-09-16 11:10:43.724000,416.87004420433055,7
2024-09-16 11:10:43.801000,416.8501811616187,13
2024-09-16 11:10:43.803000,416.8082696143426,11
2024-09-16 11:10:43.872000,416.8579145223451,998
2024-09-16 11:10:43.908000,416.87639787614535,1001
2024-09-16 11:10:43.965000,416.8535599723167,1002
2024-09-16 11:10:43.971000,416.8365511758482,15
2024-09-16 11:10:44.112000,416.8749022964435,1002
2024-09-16 11:10:44.119000,416.8568492758987,104
2024-09-16 11:10:44.121000,416.8303450523043,104
2024-09-16 11:10:44.143000,416.8270654732429,97
2024-09-16 11:10:44.144000,416.8647253535396,7
2024-09-16 11:10:44.155000,416.8461351980896,15
2024-09-16 11:10:44.605000,416.8214872490877,1001
2024-09-16 11:10:44.713000,416.85344874466495,14
2024-09-16 11:10:44.766000,416.8322856555747,11
2024-09-16 11:10:44.783000,416.8285957187149,1003
2024-09-16 11:10:44.791000,416.8266432823071,1004
2024-09-16 11:10:44.946000,416.81615146837913,997
2024-09-16 11:10:44.979000,416.8673554244277,96
2024-09-16 11:10:45.611000,416.893793000232,8
2024-09-16 11:10:45.919000,416.91047358217145,99
2024-09-16 11:10:45.943000,416.890465547119,9
2024-09-16 11:10:45.975000,416.89641747842114,995
2024-09-16 11:10:46.019000,416.8954766523432,102
2024-09-16 11:10:46.028000,416.8920457727643,98
2024-09-16 11:10:46.054000,416.901804181122,1000
2024-09-16 11:10:46.371000,416.8972744345512,1003
2024-09-16 11:10:46.403000,416.8897300444077,10
2024-09-16 11:10:46.479000,416.8904066876935,1003
2024-09-16 11:10:46.533000,416.8746796446924,999
2024-09-16 11:10:46.537000,416.895510763296,1004
2024-09-16 11:10:46.540000,416.8689866710204,100
2024-09-16 11:10:46.631000,416.8828845769519,95
2024-09-16 11:10:47.111000,416.8768224188377,1005
2024-09-16 11:10:47.124000,416.8656159473065,100
2024-09-16 11:10:47.127000,416.913722303183,1001
2024-09-16 11:10:47.255000,416.8975030228996,97
2024-09-16 11:10:47.265000,416.8800809300029,96
2024-09-16 11:10:47.400000,416.9002213569349,96
2024-09-16 11:10:47.510000,416.893521287211,95
2024-09-16 11:10:47.597000,416.8949614110495,1000
2024-09-16 11:10:47.609000,416.90782143579,999
2024-09-16 11:10:47.614000,416.8942811453634,13
2024-09-16 11:10:47.715000,416.88486140056153,998
2024-09-16 11:10:47.824000,416.8994883928291,995
2024-09-16 11:10:47.850000,416.9014677187919,11
2024-09-16 11:10:47.887000,416.8939902778448,11
2024-09-16 11:10:47.982000,416.8812106387264,997
2024-09-16 11:10:48.081000,416.8933000748904,999
2024-09-16 11:10:49.113000,416.88463893487005,95
2024-09-16 11:10:49.230000,416.8682432072316,95
2024-09-16 11:10:49.452000,416.8952694347509,8
2024-09-16 11:10:49.512000,416.90145112851474,100
2024-09-16 11:10:49.716000,416.88465625541295,1002
2024-09-16 11:10:49.729000,416.9085688707521,97
2024-09-16 11:10:49.856000,416.8964834450539,1002
2024-09-16 11:10:50.173000,416.8601757579823,995
2024-09-16 11:10:50.294000,416.8498213197772,102
2024-09-16 11:10:50.380000,416.8175783303624,998
2024-09-16 11:10:50.383000,416.8441770387365,9
2024-09-16 11:10:50.389000,416.83724539280416,97
2024-09-16 11:10:50.403000,416.826386511736,103
2024-09-16 11:10:50.584000,416.82210650042816,1005
2024-09-16 11:10:50.641000,416.81502052174494,101
2024-09-16 11:10:50.651000,416.86234881279074,12
2024-09-16 11:10:50.913000,416.8201837130981,998
2024-09-16 11:10:51.026000,416.7649737681816,101
2024-09-16 11:10:51.050000,416.7429624865853,103
2024-09-16 11:10:51.068000,416.7603676327106,8
2024-09-16 11:10:51.128000,416.8015136895166,7
2024-09-16 11:10:51.145000,416.7832389792029,104
2024-09-16 11:10:51.250000,416.7677654876925,1001
2024-09-16 11:10:51.277000,416.7639734439303,95
2024-09-16 11:10:51.288000,416.80516630116966,105
2024-09-16 11:10:51.296000,416.8065891890333,1003
2024-09-16 11:10:51.365000,416.7951927822103,996
2024-09-16 11:10:51.437000,416.7943199274084,1002
2024-09-16 11:10:51.462000,416.7577800429996,1003
2024-09-16 11:10:51.490000,416.7646834274058,8
2024-09-16 11:10:51.501000,416.7570506671734,1004
2024-09-16 11:10:51.513000,416.75975536937744,1004
2024-09-16 11:10:51.533000,416.7775583815495,997
2024-09-16 11:10:51.579000,416.7623138371419,14
2024-09-16 11:10:51.608000,416.7750721374089,15
2024-09-16 11:10:51.619000,416.7810230037557,996
2024-09-16 11:10:51.773000,416.772969507736,997
2024-09-16 11:10:51.787000,416.75464026179634,995
2024-09-16 11:10:51.788000,416.7624495099395,15
2024-09-16 11:10:51.788000,416.76617562014513,15
2024-09-16 11:10:51.796000,416.74697487043454,14
2024-09-16 11:10:51.804000,416.7941431080891,101
2024-09-16 11:10:51.913000,416.7644026823354,997
2024-09-16 11:10:51.923000,416.7648103315051,10
2024-09-16 11:10:51.970000,416.79154979506296,13
2024-09-16 11:10:52.062000,416.7506897824113,6
2024-09-16 11:10:52.117000,416.7406715262404,96
2024-09-16 11:10:52.135000,416.7647430535837,96
2024-09-16 11:10:52.266000,416.753375291348,12
2024-09-16 11:10:52.281000,416.7576688438491,15
2024-09-16 11:10:52.298000,416.7861757099555,1000
2024-09-16 11:10:52.342000,416.7877948933328,1002
2024-09-16 11:10:52.481000,416.70543294033416,5
2024-09-16 11:10:52.557000,416.7233965245878,105
2024-09-16 11:10:52.650000,416.7543756239483,996
2024-09-16 11:10:52.730000,416.76844117965913,6
2024-09-16 11:10:52.793000,416.7054104669266,104
2024-09-16 11:10:52.877000,416.7677260959159,97
2024-09-16 11:10:52.951000,416.76487688400255,999
2024-09-16 11:10:52.954000,416.7169712790815,996
2024-09-16 11:10:52.960000,416.7308994906453,997
2024-09-16 11:10:52.979000,416.7298198840125,98
2024-09-16 11:10:53.318000,416.7256378484787,5
2024-09-16 11:10:53.492000,416.71655533958966,105
2024-09-16 11:10:54.010000,416.72408419026107,105
2024-09-16 11:10:54.087000,416.6810813904274,13
2024-09-16 11:10:54.110000,416.69317494761015,1002
2024-09-16 11:10:54.152000,416.7584791478608,100
2024-09-16 11:10:54.245000,416.686021503432,1003
2024-09-16 11:10:54.296000,416.74054866351,996
2024-09-16 11:10:54.297000,416.67803925020274,996
2024-09-16 11:10:54.334000,416.7394015173724,1005
2024-09-16 11:10:54.337000,416.7567967281881,101
2024-09-16 11:10:54.343000,416.7460796742269,96
2024-09-16 11:10:54.394000,416.77785591992586,996
2024-09-16 11:10:54.406000,416.6864587239248,102
2024-09-16 11:10:54.457000,416.6919520296126,5
2024-09-16 11:10:54.494000,416.7592466777576,1005
2024-09-16 11:10:54.510000,416.6982100762439,1005
2024-09-16 11:10:54.541000,416.74707234768033,999
2024-09-16 11:10:54.543000,416.71325790742105,1001
2024-09-16 11:10:54.604000,416.7243754424549,14
2024-09-16 11:10:54.627000,416.752934926528,11
2024-09-16 11:10:54.647000,416.718964315976,95
2024-09-16 11:10:54.690000,416.7450947753168,14
2024-09-16 11:10:54.699000,416.75855021258633,15
2024-09-16 11:10:54.703000,416.7569077258913,1002
2024-09-16 11:10:54.722000,416.693790516269,1005
2024-09-16 11:10:54.840000,416.73690800627867,10
2024-09-16 11:10:54.881000,416.7340836705028,997
2024-09-16 11:10:54.907000,416.70052423736985,5
2024-09-16 11:10:54.943000,416.75802738520434,104
2024-09-16 11:10:54.948000,416.7508110893232,105
2024-09-16 11:10:55.051000,416.6832219179513,998
2024-09-16 11:10:55.066000,416.7148652793648,98
2024-09-16 11:10:55.073000,416.68563488602587,995
2024-09-16 11:10:55.150000,416.689239707443,1004
2024-09-16 11:10:55.174000,416.6801880904653,15
2024-09-16 11:10:55.187000,416.6704878757023,997
2024-09-16 11:10:55.268000,416.67600145426513,9
2024-09-16 11:10:55.383000,416.6620377643615,13
2024-09-16 11:10:55.398000,416.6724865287405,997
2024-09-16 11:10:55.423000,416.7068155504481,1000
2024-09-16 11:10:55.538000,416.66555844996645,1003
2024-09-16 11:10:55.550000,416.6636885345783,98
2024-09-16 11:10:55.593000,416.6730685950418,102
2024-09-16 11:10:55.625000,416.6591670323869,96
2024-09-16 11:10:55.627000,416.6857342050642,103
2024-09-16 11:10:55.645000,416.6982814733898,15
2024-09-16 11:10:55.671000,416.7113653101558,997
2024-09-16 11:10:55.681000,416.6600730231666,95
2024-09-16 11:10:55.708000,416.7060338606697,1005
2024-09-16 11:10:55.737000,416.6423005361275,1002
2024-09-16 11:10:55.789000,416.6665732803436,103
2024-09-16 11:10:55.861000,416.67666002935846,96
2024-09-16 11:10:55.906000,416.715854227718,103
2024-09-16 11:10:55.937000,416.65977062407234,1005
2024-09-16 11:10:57.012000,416.7066239517559,97
2024-09-16 11:10:57.019000,416.6878931393549,104
2024-09-16 11:10:57.055000,416.7144524419665,13
2024-09-16 11:10:57.257000,416.70394865000793,104
2024-09-16 11:10:57.273000,416.69286054420473,6
2024-09-16 11:10:57.374000,416.6828992988249,1005
2024-09-16 11:10:57.685000,416.7481081514544,98
2024-09-16 11:10:57.849000,416.7118632645449,996
2024-09-16 11:10:57.935000,416.6680397359545,6
2024-09-16 11:10:57.993000,416.69961641447526,98
2024-09-16 11:10:58.017000,416.8047791111238,1001
2024-09-16 11:10:58.319000,416.78550113927264,12
2024-09-16 11:10:58.372000,416.7933815359952,1000
2024-09-16 11:10:58.395000,416.8223756608856,15
2024-09-16 11:10:58.395000,416.8213146534612,1002
2024-09-16 11:10:58.406000,416.7928060255527,98
2024-09-16 11:10:58.442000,416.7784260370861,10
2024-09-16 11:10:58.473000,416.7834410495544,1002
2024-09-16 11:10:58.502000,416.8176562519608,8
2024-09-16 11:10:58.619000,416.8004737365745,15
2024-09-16 11:10:58.763000,416.77490240724256,998
2024-09-16 11:10:58.814000,416.783949833353,10
2024-09-16 11:10:58.907000,416.8010624432324,996
2024-09-16 11:10:58.972000,416.7666973887162,95
2024-09-16 11:10:59.109000,416.8144005779445,105
2024-09-16 11:10:59.114000,416.7974938569125,100
2024-09-16 11:10:59.120000,416.7873436603173,10
2024-09-16 11:10:59.407000,416.8180446726112,100
2024-09-16 11:10:59.445000,416.7869368860366,6
2024-09-16 11:10:59.551000,416.80951584691735,7
2024-09-16 11:10:59.558000,416.8121889446022,8
2024-09-16 11:10:59.578000,416.800761887999,14
2024-09-16 11:10:59.581000,416.8044124730683,1005
2024-09-16 11:10:59.603000,416.7970621300835,1003
2024-09-16 11:10:59.626000,416.8112560161246,1000
2024-09-16 11:10:59.684000,416.79936500964055,95
2024-09-16 11:10:59.693000,416.7803615699781,9
2024-09-16 11:10:59.825000,416.7887467297555,98
2024-09-16 11:10:59.863000,416.79058886042816,97
2024-09-16 11:10:59.986000,416.8033617133654,103
2024-09-16 11:10:59.990000,416.81677401580544,12
