Timestamp,Price,Size
2024-09-17 09:35:00.378000,417.3274195550766,995
2024-09-17 09:35:00.469000,417.3178427576903,8
2024-09-17 09:35:00.575000,417.3418154811334,12
2024-09-17 09:35:00.702000,417.30991408792187,8
2024-09-17 09:35:00.755000,417.334361704225,8
2024-09-17 09:35:00.828000,417.29541823395726,13
2024-09-17 09:35:00.905000,417.3056342384767,996
2024-09-17 09:35:01.006000,417.2831031112759,1005
2024-09-17 09:35:01.041000,417.3250413912065,99
2024-09-17 09:35:01.042000,417.3390328198208,105
2024-09-17 09:35:01.043000,417.3299640923672,5
2024-09-17 09:35:01.090000,417.3127930358953,5
2024-09-17 09:35:01.141000,417.2943571051037,95
2024-09-17 09:35:01.144000,417.334819683025,1002
2024-09-17 09:35:01.219000,417.32200364868567,1004
2024-09-17 09:35:01.281000,417.3181973829825,998
2024-09-17 09:35:01.353000,417.33464961086025,996
2024-09-17 09:35:01.424000,417.3296345152267,996
2024-09-17 09:35:01.455000,417.3056629385179,100
2024-09-17 09:35:01.536000,417.32485786811264,95
2024-09-17 09:35:01.799000,417.3213938874338,6
2024-09-17 09:35:01.856000,417.2853454150609,13
2024-09-17 09:35:01.874000,417.3059368231477,1002
2024-09-17 09:35:02.001000,417.30822321216783,95
2024-09-17 09:35:02.039000,417.3247157534548,11
2024-09-17 09:35:02.045000,417.3341076781912,5
2024-09-17 09:35:02.133000,417.3039959251471,104
2024-09-17 09:35:02.179000,417.2911117638199,13
2024-09-17 09:35:02.241000,417.3071802111258,11
2024-09-17 09:35:02.316000,417.3297011076477,1004
2024-09-17 09:35:02.468000,417.35295588931945,996
2024-09-17 09:35:02.577000,417.3374469306236,105
2024-09-17 09:35:02.587000,417.302385601498,96
2024-09-17 09:35:02.628000,417.28710761446433,98
2024-09-17 09:35:02.659000,417.3248673065059,995
2024-09-17 09:35:02.661000,417.2671080335817,103
2024-09-17 09:35:02.664000,417.3023365488799,100
2024-09-17 09:35:02.694000,417.343435227175,14
2024-09-17 09:35:02.733000,417.31803024675145,998
2024-09-17 09:35:02.820000,417.317711134806,1003
2024-09-17 09:35:02.821000,417.3056454395744,12
2024-09-17 09:35:02.822000,417.33552471155537,99
2024-09-17 09:35:02.945000,417.36090771531656,105
2024-09-17 09:35:02.958000,417.2897483385546,10
2024-09-17 09:35:02.975000,417.2899689560993,11
2024-09-17 09:35:02.978000,417.3475511270576,8
2024-09-17 09:35:02.987000,417.3551375153332,996
2024-09-17 09:35:03.015000,417.2396539755968,999
2024-09-17 09:35:03.058000,417.2394575659441,99
2024-09-17 09:35:03.075000,417.244571903658,1004
2024-09-17 09:35:03.116000,417.2513174834749,15
2024-09-17 09:35:03.136000,417.2629275811263,1000
2024-09-17 09:35:03.165000,417.240044436766,105
2024-09-17 09:35:03.173000,417.2603423949682,103
2024-09-17 09:35:03.191000,417.2225266022048,9
2024-09-17 09:35:03.192000,417.231857454409,9
2024-09-17 09:35:03.242000,417.2558297362366,100
2024-09-17 09:35:03.298000,417.2375113257396,12
2024-09-17 09:35:03.300000,417.2512092118325,1000
2024-09-17 09:35:03.316000,417.2610449354597,101
2024-09-17 09:35:03.317000,417.2388089123711,7
2024-09-17 09:35:03.377000,417.25285359507774,97
2024-09-17 09:35:03.411000,417.2266468377144,1003
2024-09-17 09:35:03.522000,417.2593530249517,9
2024-09-17 09:35:03.543000,417.2149257066272,7
2024-09-17 09:35:03.574000,417.2455831805496,103
2024-09-17 09:35:03.577000,417.2411334194816,105
2024-09-17 09:35:03.578000,417.2012375000291,15
2024-09-17 09:35:03.749000,417.253914058076,1004
2024-09-17 09:35:03.772000,417.26399956743353,97
2024-09-17 09:35:03.829000,417.2632065493462,1003
2024-09-17 09:35:03.922000,417.2335803193259,995
2024-09-17 09:35:03.936000,417.2487426510167,12
2024-09-17 09:35:03.944000,417.2378587115997,7
2024-09-17 09:35:03.973000,417.2144726144918,9
2024-09-17 09:35:04.043000,417.2316683771383,96
2024-09-17 09:35:04.061000,417.2310352441378,99
2024-09-17 09:35:04.186000,417.2305201006279,99
2024-09-17 09:35:04.372000,417.2169555279813,95
2024-09-17 09:35:04.414000,417.22285309275,100
2024-09-17 09:35:04.670000,417.2257369520491,95
2024-09-17 09:35:04.848000,417.2419876487567,100
2024-09-17 09:35:04.919000,417.22057636889,101
2024-09-17 09:35:05.043000,417.2278344059696,995
2024-09-17 09:35:05.064000,417.2192556351631,1004
2024-09-17 09:35:05.140000,417.22417950818806,100
2024-09-17 09:35:05.407000,417.22710076811785,5
2024-09-17 09:35:05.443000,417.2371817094885,7
2024-09-17 09:35:05.629000,417.2209004403843,12
2024-09-17 09:35:05.756000,417.23783049363976,995
2024-09-17 09:35:05.840000,417.234239296555,1005
2024-09-17 09:35:05.882000,417.2366195478292,7
2024-09-17 09:35:05.935000,417.22291830239726,9
2024-09-17 09:35:06.034000,417.2375775396817,1004
2024-09-17 09:35:06.042000,417.2541577433263,1001
2024-09-17 09:35:06.044000,417.21070393355706,101
2024-09-17 09:35:06.120000,417.2247923645746,1001
2024-09-17 09:35:06.138000,417.22171111895005,1004
2024-09-17 09:35:06.166000,417.22424577376216,9
2024-09-17 09:35:06.186000,417.2038658590551,5
2024-09-17 09:35:06.212000,417.22239681196896,12
2024-09-17 09:35:06.231000,417.19795323465246,998
2024-09-17 09:35:06.254000,417.2545112230712,996
2024-09-17 09:35:06.275000,417.2057758902746,103
2024-09-17 09:35:06.291000,417.2462004053877,101
2024-09-17 09:35:06.399000,417.19047404968177,11
2024-09-17 09:35:06.431000,417.2177713727074,11
2024-09-17 09:35:06.448000,417.24947606664415,999
2024-09-17 09:35:06.616000,417.2155953371726,13
2024-09-17 09:35:06.630000,417.202826182054,96
2024-09-17 09:35:06.648000,417.2723520224184,6
2024-09-17 09:35:06.754000,417.19675159729616,1003
2024-09-17 09:35:06.784000,417.21346321548,14
2024-09-17 09:35:06.806000,417.26823213052455,998
2024-09-17 09:35:06.814000,417.2030985874874,1002
2024-09-17 09:35:06.876000,417.1965509255382,7
2024-09-17 09:35:06.883000,417.22610652289137,1005
2024-09-17 09:35:06.912000,417.2061888783271,1001
2024-09-17 09:35:06.965000,417.2079711432481,98
2024-09-17 09:35:07.019000,417.2429982844333,12
2024-09-17 09:35:07.060000,417.2253308805201,6
2024-09-17 09:35:07.084000,417.2012873513059,6
2024-09-17 09:35:07.188000,417.2468866901871,5
2024-09-17 09:35:07.211000,417.2112501652167,105
2024-09-17 09:35:07.340000,417.1720688536975,1003
2024-09-17 09:35:07.361000,417.2038989290885,97
2024-09-17 09:35:07.400000,417.2010459032861,9
2024-09-17 09:35:07.409000,417.2005500666124,8
2024-09-17 09:35:07.415000,417.254342034838,104
2024-09-17 09:35:07.466000,417.2418627562512,997
2024-09-17 09:35:07.471000,417.2068244188959,104
2024-09-17 09:35:07.539000,417.228724444122,997
2024-09-17 09:35:07.546000,417.2276462988213,1005
2024-09-17 09:35:07.576000,417.2257214787686,103
2024-09-17 09:35:07.582000,417.2068660386324,104
2024-09-17 09:35:07.780000,417.2288647372192,13
2024-09-17 09:35:07.790000,417.2343756662084,10
2024-09-17 09:35:07.790000,417.1740018350094,99
2024-09-17 09:35:07.837000,417.2198427890041,1005
2024-09-17 09:35:07.845000,417.2438448610994,103
2024-09-17 09:35:07.926000,417.2356794814945,15
2024-09-17 09:35:07.941000,417.20738861247327,5
2024-09-17 09:35:08.009000,417.16030006574937,6
2024-09-17 09:35:08.024000,417.1823344827114,6
2024-09-17 09:35:08.038000,417.1755289945464,97
2024-09-17 09:35:08.059000,417.16611707013095,6
2024-09-17 09:35:08.152000,417.1786271116695,15
2024-09-17 09:35:08.238000,417.17374561209897,13
2024-09-17 09:35:08.305000,417.1790775772876,6
2024-09-17 09:35:08.379000,417.1707983196283,105
2024-09-17 09:35:08.403000,417.1787352369154,5
2024-09-17 09:35:08.428000,417.1755496513228,96
2024-09-17 09:35:08.516000,417.1663561871346,103
2024-09-17 09:35:08.553000,417.15167045155226,995
2024-09-17 09:35:08.572000,417.17824504867855,102
2024-09-17 09:35:08.760000,417.1554884385183,12
2024-09-17 09:35:08.877000,417.2235508565934,102
2024-09-17 09:35:08.888000,417.1987879805638,5
2024-09-17 09:35:08.914000,417.1728668722962,1004
2024-09-17 09:35:09.294000,417.2241152396894,105
2024-09-17 09:35:09.685000,417.2386526770418,995
2024-09-17 09:35:10,417.2789028643545,1004
2024-09-17 09:35:10.055000,417.2871400544581,12
2024-09-17 09:35:10.082000,417.2510117284885,7
2024-09-17 09:35:10.119000,417.2513650141925,1004
2024-09-17 09:35:10.124000,417.26132453371474,1001
2024-09-17 09:35:10.221000,417.22705722753307,1004
2024-09-17 09:35:10.421000,417.2589870193999,11
2024-09-17 09:35:10.453000,417.286265851117,95
2024-09-17 09:35:10.523000,417.2533497068213,95
2024-09-17 09:35:10.534000,417.2583458784413,7
2024-09-17 09:35:10.544000,417.25638604875326,13
2024-09-17 09:35:10.554000,417.25482896518287,998
2024-09-17 09:35:10.586000,417.25518867605984,8
2024-09-17 09:35:10.604000,417.2444654082806,101
2024-09-17 09:35:10.620000,417.249904492191,104
2024-09-17 09:35:10.623000,417.2498485899319,997
2024-09-17 09:35:10.691000,417.2352265662869,104
2024-09-17 09:35:10.754000,417.2472489372028,14
2024-09-17 09:35:10.800000,417.2529392453125,100
2024-09-17 09:35:10.805000,417.264713101145,1004
2024-09-17 09:35:11.110000,417.2554862143046,99
2024-09-17 09:35:11.123000,417.25464288587983,97
2024-09-17 09:35:11.143000,417.2322852174724,102
2024-09-17 09:35:11.202000,417.2604434817953,9
2024-09-17 09:35:11.285000,417.2709604037845,6
2024-09-17 09:35:11.305000,417.26952256460106,1002
2024-09-17 09:35:11.321000,417.2527455444244,1003
2024-09-17 09:35:11.367000,417.2363913888266,11
2024-09-17 09:35:11.485000,417.2466396552216,99
2024-09-17 09:35:11.520000,417.2697954657135,101
2024-09-17 09:35:11.586000,417.2319254910988,995
2024-09-17 09:35:11.595000,417.2389749889356,101
2024-09-17 09:35:11.663000,417.2734369772014,13
2024-09-17 09:35:11.678000,417.2529375962003,99
2024-09-17 09:35:11.681000,417.2376600484513,10
2024-09-17 09:35:11.746000,417.2817292449737,96
2024-09-17 09:35:11.758000,417.2549268558949,996
2024-09-17 09:35:11.823000,417.28476744869687,95
2024-09-17 09:35:11.853000,417.245573253709,996
2024-09-17 09:35:11.950000,417.2719955196707,1003
2024-09-17 09:35:11.975000,417.2590806231908,15
2024-09-17 09:35:12.008000,417.2407161397046,102
2024-09-17 09:35:12.022000,417.24133587147793,11
2024-09-17 09:35:12.095000,417.2380006293765,6
2024-09-17 09:35:12.101000,417.2261927147662,998
2024-09-17 09:35:12.179000,417.2316706485076,10
2024-09-17 09:35:12.268000,417.2457329349509,1005
2024-09-17 09:35:12.291000,417.2502465158196,1002
2024-09-17 09:35:12.297000,417.2536247418675,103
2024-09-17 09:35:12.310000,417.2256348141874,996
2024-09-17 09:35:12.343000,417.2292681910196,97
2024-09-17 09:35:12.349000,417.21570394138286,95
2024-09-17 09:35:12.378000,417.2340014136751,98
2024-09-17 09:35:12.397000,417.2512342686745,10
2024-09-17 09:35:12.429000,417.2566528418324,14
2024-09-17 09:35:12.440000,417.2491952936933,101
2024-09-17 09:35:12.567000,417.2228606741636,6
2024-09-17 09:35:12.623000,417.249276023459,99
2024-09-17 09:35:12.639000,417.24566458575725,13
2024-09-17 09:35:12.737000,417.2622786459127,1003
2024-09-17 09:35:12.749000,417.2437550530469,7
2024-09-17 09:35:12.821000,417.23869464654166,104
2024-09-17 09:35:12.864000,417.2380402525919,997
2024-09-17 09:35:12.873000,417.2447342786804,7
2024-09-17 09:35:12.920000,417.21647136568737,6
2024-09-17 09:35:13.003000,417.3188635166699,13
2024-09-17 09:35:13.006000,417.2733929734278,1001
2024-09-17 09:35:13.011000,417.27139879083165,5
2024-09-17 09:35:13.111000,417.22180605604,96
2024-09-17 09:35:13.166000,417.229447822308,7
2024-09-17 09:35:13.188000,417.3048724940992,999
2024-09-17 09:35:13.208000,417.30847455889136,100
2024-09-17 09:35:13.269000,417.2212389877397,1001
2024-09-17 09:35:13.297000,417.2634037002226,102
2024-09-17 09:35:13.329000,417.33976549609554,1002
2024-09-17 09:35:13.393000,417.208724957682,7
2024-09-17 09:35:13.409000,417.2566055985298,1002
2024-09-17 09:35:13.432000,417.3308021552742,997
2024-09-17 09:35:13.450000,417.2595563644789,105
2024-09-17 09:35:13.539000,417.2769506766414,997
2024-09-17 09:35:13.539000,417.2142799603598,998
2024-09-17 09:35:13.545000,417.2650995740158,999
2024-09-17 09:35:13.669000,417.2047267389709,96
2024-09-17 09:35:13.707000,417.3274055468056,14
2024-09-17 09:35:13.757000,417.3310145037976,996
2024-09-17 09:35:13.768000,417.27796030819854,6
2024-09-17 09:35:13.786000,417.2901973352884,102
2024-09-17 09:35:13.837000,417.222958188864,104
2024-09-17 09:35:13.844000,417.261191923414,998
2024-09-17 09:35:13.982000,417.30170508585286,95
2024-09-17 09:35:13.989000,417.238608656864,12
2024-09-17 09:35:14.019000,417.3297087956734,1001
2024-09-17 09:35:14.057000,417.34526493579415,99
2024-09-17 09:35:14.135000,417.35381606823336,15
2024-09-17 09:35:14.291000,417.35579767217735,15
2024-09-17 09:35:14.463000,417.3434310804794,1002
2024-09-17 09:35:14.525000,417.3530007225124,1002
2024-09-17 09:35:14.542000,417.3488006257983,101
2024-09-17 09:35:14.744000,417.34089800462993,999
2024-09-17 09:35:14.833000,417.3433925366383,6
2024-09-17 09:35:14.894000,417.36148148597687,99
2024-09-17 09:35:15.086000,417.35191529929295,96
2024-09-17 09:35:15.111000,417.3547168485833,998
2024-09-17 09:35:15.118000,417.3564576652146,1004
2024-09-17 09:35:15.138000,417.38826487272127,12
2024-09-17 09:35:15.139000,417.3740642193157,997
2024-09-17 09:35:15.165000,417.3941414516936,101
2024-09-17 09:35:15.186000,417.3345795112861,101
2024-09-17 09:35:15.238000,417.3656679546547,1003
2024-09-17 09:35:15.267000,417.4008003185488,12
2024-09-17 09:35:15.267000,417.3559906152391,11
2024-09-17 09:35:15.272000,417.40381159151485,97
2024-09-17 09:35:15.284000,417.3560484385964,999
2024-09-17 09:35:15.316000,417.3366141666978,101
2024-09-17 09:35:15.342000,417.3557594440334,104
2024-09-17 09:35:15.416000,417.3491889543816,995
2024-09-17 09:35:15.486000,417.3605067111446,5
2024-09-17 09:35:15.504000,417.3964836213928,98
2024-09-17 09:35:15.532000,417.3697827165864,8
2024-09-17 09:35:15.626000,417.3765445682495,6
2024-09-17 09:35:15.675000,417.3446590644695,104
2024-09-17 09:35:15.706000,417.3651566589255,1003
2024-09-17 09:35:15.708000,417.3769002994014,1005
2024-09-17 09:35:15.718000,417.36737318172817,999
2024-09-17 09:35:15.864000,417.3502681621609,105
2024-09-17 09:35:15.876000,417.38971280029085,7
2024-09-17 09:35:15.911000,417.3675566201025,104
2024-09-17 09:35:15.932000,417.3718599517912,1005
2024-09-17 09:35:16.007000,417.3323490648198,1002
2024-09-17 09:35:16.123000,417.3163604549071,1005
2024-09-17 09:35:16.681000,417.3111369093022,8
2024-09-17 09:35:17.126000,417.33578674840896,15
2024-09-17 09:35:17.180000,417.3252596891357,1000
2024-09-17 09:35:17.188000,417.35176429227903,95
2024-09-17 09:35:17.285000,417.3507901596224,99
2024-09-17 09:35:17.290000,417.33538071221,998
2024-09-17 09:35:17.321000,417.3493518283401,1003
2024-09-17 09:35:17.345000,417.34565794218594,11
2024-09-17 09:35:17.572000,417.3515111840724,5
2024-09-17 09:35:17.650000,417.33675741647113,10
2024-09-17 09:35:17.736000,417.35654574157945,1003
2024-09-17 09:35:17.794000,417.33651855756176,104
2024-09-17 09:35:17.796000,417.3515814180831,6
2024-09-17 09:35:18.127000,417.33364421191817,100
2024-09-17 09:35:18.127000,417.3144065105615,1001
2024-09-17 09:35:18.201000,417.3215344241039,1003
2024-09-17 09:35:18.334000,417.3559065411348,999
2024-09-17 09:35:18.452000,417.3434824371915,14
2024-09-17 09:35:18.455000,417.3117538703442,9
2024-09-17 09:35:18.497000,417.3171158991061,1004
2024-09-17 09:35:18.512000,417.3251354373788,998
2024-09-17 09:35:18.753000,417.3449555743714,103
2024-09-17 09:35:18.757000,417.3415493093568,96
2024-09-17 09:35:18.811000,417.3208948522668,10
2024-09-17 09:35:18.851000,417.31626033402375,1004
2024-09-17 09:35:19.019000,417.34036630888505,7
2024-09-17 09:35:19.022000,417.33325077256507,12
2024-09-17 09:35:19.026000,417.3509212661094,9
2024-09-17 09:35:19.287000,417.34033821782566,103
2024-09-17 09:35:19.364000,417.3157662552063,999
2024-09-17 09:35:20.006000,417.35754808033727,96
2024-09-17 09:35:20.007000,417.395485943572,100
2024-09-17 09:35:20.067000,417.3631156017288,11
2024-09-17 09:35:20.099000,417.3157583443665,101
2024-09-17 09:35:20.120000,417.3359177229301,1005
2024-09-17 09:35:20.126000,417.3561484903608,5
2024-09-17 09:35:20.136000,417.3402857800039,6
2024-09-17 09:35:20.182000,417.3276721535896,105
2024-09-17 09:35:20.190000,417.3445850842854,1003
2024-09-17 09:35:20.227000,417.32353574698993,996
2024-09-17 09:35:20.314000,417.3159429394966,6
2024-09-17 09:35:20.316000,417.339799105044,15
2024-09-17 09:35:20.349000,417.324445108784,15
2024-09-17 09:35:20.567000,417.3313179974127,6
2024-09-17 09:35:20.579000,417.3937166151188,103
2024-09-17 09:35:20.586000,417.3475443914782,995
2024-09-17 09:35:20.609000,417.3369731072708,996
2024-09-17 09:35:20.612000,417.3484078245683,9
2024-09-17 09:35:20.630000,417.3378491536844,95
2024-09-17 09:35:20.643000,417.3367568433594,103
2024-09-17 09:35:20.660000,417.3630910573647,998
2024-09-17 09:35:20.667000,417.3706515469977,100
2024-09-17 09:35:20.689000,417.3747075678165,997
2024-09-17 09:35:20.960000,417.3775780280114,100
2024-09-17 09:35:20.960000,417.3452757694817,101
2024-09-17 09:35:20.965000,417.36259194266495,102
2024-09-17 09:35:20.987000,417.3144534333509,13
2024-09-17 09:35:21.061000,417.3941487410514,6
2024-09-17 09:35:21.201000,417.35914666512,1000
2024-09-17 09:35:21.202000,417.36945358821634,99
2024-09-17 09:35:21.227000,417.36388386187247,5
2024-09-17 09:35:21.227000,417.3871938209461,96
2024-09-17 09:35:21.400000,417.3706568892519,1000
2024-09-17 09:35:21.459000,417.3668402670191,995
2024-09-17 09:35:21.557000,417.38199088378457,996
2024-09-17 09:35:21.634000,417.3558566005232,997
2024-09-17 09:35:21.644000,417.3727652348182,1000
2024-09-17 09:35:21.673000,417.3447916342046,105
2024-09-17 09:35:21.783000,417.37278827231694,997
2024-09-17 09:35:21.814000,417.37848195352393,96
2024-09-17 09:35:21.903000,417.35793778230953,15
2024-09-17 09:35:21.968000,417.3786781268313,101
2024-09-17 09:35:21.999000,417.35753655189455,998
2024-09-17 09:35:22.420000,417.3303371602944,9
2024-09-17 09:35:23.061000,417.3549272812683,95
2024-09-17 09:35:23.071000,417.3247969515568,5
2024-09-17 09:35:23.136000,417.3361273506977,105
2024-09-17 09:35:23.233000,417.326028061855,1000
2024-09-17 09:35:23.243000,417.348397241582,1001
2024-09-17 09:35:23.370000,417.33605596340095,102
2024-09-17 09:35:23.471000,417.33520404589694,15
2024-09-17 09:35:24.058000,417.2982598200521,7
2024-09-17 09:35:24.077000,417.2893717326318,9
2024-09-17 09:35:24.420000,417.2761438586136,100
2024-09-17 09:35:25.258000,417.2603738325869,10
2024-09-17 09:35:25.334000,417.2617140946888,998
2024-09-17 09:35:25.342000,417.2597710805696,105
2024-09-17 09:35:25.466000,417.26204020684384,997
2024-09-17 09:35:25.564000,417.2531291022635,96
2024-09-17 09:35:25.637000,417.2578542392324,1001
2024-09-17 09:35:25.728000,417.248266012841,101
2024-09-17 09:35:25.909000,417.2629631481206,98
2024-09-17 09:35:25.920000,417.2530360343857,11
2024-09-17 09:35:26.117000,417.1531198740526,1004
2024-09-17 09:35:26.404000,417.1982135945481,1001
2024-09-17 09:35:26.406000,417.2363088179027,11
2024-09-17 09:35:26.542000,417.2054130179013,6
2024-09-17 09:35:26.578000,417.1809016705929,101
2024-09-17 09:35:26.882000,417.2105628836935,12
2024-09-17 09:35:27.005000,417.20732661597066,1000
2024-09-17 09:35:27.467000,417.2023634430181,9
2024-09-17 09:35:27.587000,417.1702781190023,1003
2024-09-17 09:35:28.105000,417.2379527096282,102
2024-09-17 09:35:28.160000,417.2401634320517,97
2024-09-17 09:35:28.203000,417.2390537604118,99
2024-09-17 09:35:28.228000,417.2400792509494,100
2024-09-17 09:35:28.265000,417.2314683263577,997
2024-09-17 09:35:28.334000,417.2286357479184,95
2024-09-17 09:35:28.386000,417.2235741134531,96
2024-09-17 09:35:28.506000,417.2312030677523,97
2024-09-17 09:35:28.594000,417.2586034077005,12
2024-09-17 09:35:28.623000,417.22966709585495,100
2024-09-17 09:35:28.707000,417.2212213391648,12
2024-09-17 09:35:28.725000,417.2361363306894,13
2024-09-17 09:35:28.739000,417.2428415239611,997
2024-09-17 09:35:28.789000,417.2139816718231,999
2024-09-17 09:35:28.855000,417.2385176799896,14
2024-09-17 09:35:29.218000,417.2508760665529,104
2024-09-17 09:35:29.247000,417.230012330086,1000
2024-09-17 09:35:29.278000,417.2462953164074,13
2024-09-17 09:35:29.297000,417.2503074377605,95
2024-09-17 09:35:29.316000,417.2324895365355,1005
2024-09-17 09:35:29.342000,417.2231885039978,15
2024-09-17 09:35:29.422000,417.2374589334465,103
2024-09-17 09:35:29.426000,417.2448888694893,15
2024-09-17 09:35:29.462000,417.2569620254851,1000
2024-09-17 09:35:29.481000,417.2616193020617,14
2024-09-17 09:35:29.506000,417.2390959066674,7
2024-09-17 09:35:29.619000,417.2454107611525,6
2024-09-17 09:35:29.771000,417.244939159984,102
2024-09-17 09:35:30.001000,417.27487725364057,10
2024-09-17 09:35:30.136000,417.3300415584364,1005
2024-09-17 09:35:30.223000,417.3410087609402,98
2024-09-17 09:35:30.285000,417.30764940362144,95
2024-09-17 09:35:30.409000,417.2997397066114,15
2024-09-17 09:35:30.446000,417.29890747282144,1003
2024-09-17 09:35:30.525000,417.2685011190552,995
2024-09-17 09:35:30.531000,417.3085713917455,999
2024-09-17 09:35:30.595000,417.28278827935134,101
2024-09-17 09:35:30.639000,417.2757022646245,8
2024-09-17 09:35:30.705000,417.2956361224317,10
2024-09-17 09:35:30.729000,417.2747702787459,1002
2024-09-17 09:35:30.743000,417.328667923507,97
2024-09-17 09:35:30.803000,417.2931680059492,96
2024-09-17 09:35:30.873000,417.3020796491565,99
2024-09-17 09:35:31.031000,417.3171905204125,12
2024-09-17 09:35:31.141000,417.3245118181903,13
2024-09-17 09:35:31.158000,417.3097893151024,11
2024-09-17 09:35:31.268000,417.29047836662056,999
2024-09-17 09:35:31.277000,417.30109518726687,97
2024-09-17 09:35:31.289000,417.2934268195729,96
2024-09-17 09:35:31.307000,417.31218645939606,5
2024-09-17 09:35:31.348000,417.2734941192996,99
2024-09-17 09:35:31.403000,417.2980905395378,96
2024-09-17 09:35:31.418000,417.2749145625996,1001
2024-09-17 09:35:31.498000,417.3160096304836,9
2024-09-17 09:35:31.507000,417.32268837021576,1004
2024-09-17 09:35:31.590000,417.2844370285639,5
2024-09-17 09:35:31.593000,417.31043293989455,97
2024-09-17 09:35:31.719000,417.3119983666936,1001
2024-09-17 09:35:31.742000,417.3049836252357,5
2024-09-17 09:35:31.773000,417.3141734031232,6
2024-09-17 09:35:31.785000,417.31701937048007,95
2024-09-17 09:35:31.793000,417.31385282031937,1002
2024-09-17 09:35:31.803000,417.3198007613716,996
2024-09-17 09:35:31.909000,417.3038128278798,9
2024-09-17 09:35:31.914000,417.2758758226775,9
2024-09-17 09:35:31.999000,417.2908002413511,13
2024-09-17 09:35:32.044000,417.3232357938203,13
2024-09-17 09:35:32.254000,417.3244460600268,1002
2024-09-17 09:35:32.418000,417.31749845468175,995
2024-09-17 09:35:32.538000,417.3068918083075,8
2024-09-17 09:35:32.548000,417.3140291602337,1003
2024-09-17 09:35:32.808000,417.3157985492641,7
2024-09-17 09:35:32.830000,417.3221186227343,98
2024-09-17 09:35:32.877000,417.3285168575578,9
2024-09-17 09:35:33.125000,417.313807837968,97
2024-09-17 09:35:33.319000,417.3191603472204,999
2024-09-17 09:35:33.604000,417.31276799295415,997
2024-09-17 09:35:34.046000,417.2481311927785,99
2024-09-17 09:35:34.050000,417.2993727096384,105
2024-09-17 09:35:34.068000,417.2380480815915,97
2024-09-17 09:35:34.125000,417.3174783134538,998
2024-09-17 09:35:34.193000,417.2043120493202,996
2024-09-17 09:35:34.235000,417.3060725783868,996
2024-09-17 09:35:34.298000,417.2257984812739,103
2024-09-17 09:35:34.306000,417.2035163834652,998
2024-09-17 09:35:34.330000,417.267684015145,102
2024-09-17 09:35:34.406000,417.2173193021088,999
2024-09-17 09:35:34.435000,417.2329574476184,96
2024-09-17 09:35:34.436000,417.208387445884,996
2024-09-17 09:35:34.460000,417.23713973711216,10
2024-09-17 09:35:34.520000,417.2645920874292,5
2024-09-17 09:35:34.554000,417.2203583873839,97
2024-09-17 09:35:34.596000,417.206930918078,9
2024-09-17 09:35:34.642000,417.1978301406437,9
2024-09-17 09:35:34.653000,417.1861486684311,11
2024-09-17 09:35:34.698000,417.2687902832448,14
2024-09-17 09:35:34.702000,417.20622135307633,13
2024-09-17 09:35:34.742000,417.21499788537176,1001
2024-09-17 09:35:34.758000,417.19692348734856,10
2024-09-17 09:35:34.809000,417.2731019282699,11
2024-09-17 09:35:34.837000,417.316109881428,13
2024-09-17 09:35:34.872000,417.2345938993712,10
2024-09-17 09:35:34.895000,417.1994842089807,102
2024-09-17 09:35:34.933000,417.1872327740538,1000
2024-09-17 09:35:34.936000,417.20777457009297,10
2024-09-17 09:35:35.004000,417.1920859643025,997
2024-09-17 09:35:35.025000,417.197754236516,5
2024-09-17 09:35:35.066000,417.1452360551671,97
2024-09-17 09:35:35.092000,417.2247937140596,1001
2024-09-17 09:35:35.219000,417.16531983456485,1003
2024-09-17 09:35:35.228000,417.1661101605666,997
2024-09-17 09:35:35.243000,417.2283409887101,1001
2024-09-17 09:35:35.258000,417.2307104907431,998
2024-09-17 09:35:35.292000,417.20846528136695,98
2024-09-17 09:35:35.326000,417.24148461481775,104
2024-09-17 09:35:35.439000,417.2486221634704,104
2024-09-17 09:35:35.458000,417.2303532139207,11
2024-09-17 09:35:35.522000,417.16783270410593,12
2024-09-17 09:35:35.593000,417.2401583514938,14
2024-09-17 09:35:35.609000,417.196962519545,12
2024-09-17 09:35:35.640000,417.254715160821,99
2024-09-17 09:35:35.668000,417.24685986932434,12
2024-09-17 09:35:35.673000,417.16819400813495,10
2024-09-17 09:35:35.693000,417.1860684456624,1002
2024-09-17 09:35:35.722000,417.2276739274434,1003
2024-09-17 09:35:35.848000,417.2288511823207,104
2024-09-17 09:35:35.871000,417.17762728870446,103
2024-09-17 09:35:35.876000,417.1858523356367,10
2024-09-17 09:35:35.885000,417.21347133876975,102
2024-09-17 09:35:35.890000,417.20283512981393,7
2024-09-17 09:35:35.904000,417.2362068115489,96
2024-09-17 09:35:35.983000,417.2261948564582,105
2024-09-17 09:35:35.990000,417.1813215670495,15
2024-09-17 09:35:36.055000,417.18505778621807,998
2024-09-17 09:35:36.093000,417.22534138746914,100
2024-09-17 09:35:36.107000,417.2087285440438,96
2024-09-17 09:35:36.243000,417.1998099404147,10
2024-09-17 09:35:36.304000,417.1951823605117,104
2024-09-17 09:35:36.392000,417.2263671814405,105
2024-09-17 09:35:36.400000,417.2141965846571,1005
2024-09-17 09:35:36.447000,417.1781470122929,15
2024-09-17 09:35:36.555000,417.19643971909295,102
2024-09-17 09:35:36.574000,417.2090053596478,1005
2024-09-17 09:35:36.616000,417.1802307072656,995
2024-09-17 09:35:36.663000,417.2188011152589,998
2024-09-17 09:35:36.722000,417.2299813929431,997
2024-09-17 09:35:36.832000,417.21609713192873,1004
2024-09-17 09:35:36.845000,417.197128157998,1004
2024-09-17 09:35:36.846000,417.2110715881297,14
2024-09-17 09:35:36.853000,417.2196889275007,1000
2024-09-17 09:35:36.876000,417.222294046212,998
2024-09-17 09:35:36.932000,417.2248233325158,101
2024-09-17 09:35:36.987000,417.18865399122814,101
2024-09-17 09:35:37.162000,417.2126547639231,9
2024-09-17 09:35:37.183000,417.1981945484503,96
2024-09-17 09:35:37.274000,417.19935073479127,96
2024-09-17 09:35:37.282000,417.2088083049159,1001
2024-09-17 09:35:37.462000,417.2127158805731,11
2024-09-17 09:35:39.073000,417.2481333563912,13
2024-09-17 09:35:39.095000,417.2277278540904,1000
2024-09-17 09:35:39.098000,417.26653665531455,96
2024-09-17 09:35:39.199000,417.2156951049696,105
2024-09-17 09:35:39.291000,417.2732225940144,6
2024-09-17 09:35:39.377000,417.2251820960758,101
2024-09-17 09:35:39.386000,417.2323526500885,15
2024-09-17 09:35:39.418000,417.28048774785736,999
2024-09-17 09:35:39.470000,417.2092418989336,100
2024-09-17 09:35:39.478000,417.2014107468024,1000
2024-09-17 09:35:39.485000,417.2272698884268,997
2024-09-17 09:35:39.513000,417.20984081944295,997
2024-09-17 09:35:39.516000,417.2960317403037,97
2024-09-17 09:35:39.534000,417.2142317251164,104
2024-09-17 09:35:39.547000,417.2109908219278,996
2024-09-17 09:35:39.555000,417.2657895149805,997
2024-09-17 09:35:39.634000,417.2170616431338,5
2024-09-17 09:35:39.668000,417.271400326132,12
2024-09-17 09:35:39.695000,417.25157155070974,9
2024-09-17 09:35:39.702000,417.222195357911,1000
2024-09-17 09:35:39.744000,417.2017531823118,10
2024-09-17 09:35:39.745000,417.2324501206919,8
2024-09-17 09:35:39.787000,417.2371563017652,104
2024-09-17 09:35:39.810000,417.2052064214245,15
2024-09-17 09:35:39.893000,417.2585353196025,10
2024-09-17 09:35:39.940000,417.20146024929153,9
2024-09-17 09:35:39.946000,417.2277291115725,14
2024-09-17 09:35:39.985000,417.229999029914,102
2024-09-17 09:35:40.016000,417.29913299853627,14
2024-09-17 09:35:40.070000,417.2951721972352,998
2024-09-17 09:35:40.576000,417.2972685639581,99
2024-09-17 09:35:40.772000,417.3155981218045,1005
2024-09-17 09:35:40.841000,417.2857936443202,97
2024-09-17 09:35:42.126000,417.32907174404704,997
2024-09-17 09:35:42.137000,417.3265085838632,100
2024-09-17 09:35:42.232000,417.340881105968,101
2024-09-17 09:35:42.233000,417.3704516079173,5
2024-09-17 09:35:42.239000,417.3556282807517,101
2024-09-17 09:35:42.319000,417.3316650540495,104
2024-09-17 09:35:42.329000,417.3388271933083,105
2024-09-17 09:35:42.401000,417.3198585093585,1001
2024-09-17 09:35:42.552000,417.332980806432,11
2024-09-17 09:35:42.556000,417.3523409491216,15
2024-09-17 09:35:42.560000,417.3273377705556,98
2024-09-17 09:35:42.602000,417.3394233323782,99
2024-09-17 09:35:42.765000,417.3544220568375,996
2024-09-17 09:35:42.831000,417.349997922055,12
2024-09-17 09:35:42.934000,417.3167181702958,104
2024-09-17 09:35:42.954000,417.3482300303004,1002
2024-09-17 09:35:42.999000,417.32438345076,12
2024-09-17 09:35:43.112000,417.334265330026,6
2024-09-17 09:35:43.365000,417.3806635881456,10
2024-09-17 09:35:43.440000,417.3546011105437,102
2024-09-17 09:35:43.440000,417.3671876448405,13
2024-09-17 09:35:43.759000,417.38771884056695,14
2024-09-17 09:35:43.961000,417.3989005928752,996
2024-09-17 09:35:43.966000,417.34340966322895,1000
2024-09-17 09:35:44.018000,417.4225050333888,95
2024-09-17 09:35:44.055000,417.4238971905615,1003
2024-09-17 09:35:44.108000,417.4177872014058,97
2024-09-17 09:35:44.131000,417.4444660830373,98
2024-09-17 09:35:44.140000,417.4110063566577,101
2024-09-17 09:35:44.159000,417.418693464386,1000
2024-09-17 09:35:44.168000,417.46494245346526,96
2024-09-17 09:35:44.184000,417.4126360094644,15
2024-09-17 09:35:44.245000,417.4384372251681,104
2024-09-17 09:35:44.420000,417.45258067253707,104
2024-09-17 09:35:44.461000,417.4350919201552,99
2024-09-17 09:35:44.468000,417.4434341028611,101
2024-09-17 09:35:44.542000,417.42951575793927,99
2024-09-17 09:35:44.596000,417.4543886465645,13
2024-09-17 09:35:44.597000,417.4208800092456,11
2024-09-17 09:35:44.623000,417.42403287798265,9
2024-09-17 09:35:44.630000,417.4438537016966,96
2024-09-17 09:35:44.639000,417.4284464919885,995
2024-09-17 09:35:44.654000,417.4180313896506,102
2024-09-17 09:35:44.685000,417.4435300195525,1001
2024-09-17 09:35:44.725000,417.4024468696449,14
2024-09-17 09:35:44.811000,417.4147765334144,14
2024-09-17 09:35:44.818000,417.4088030396733,7
2024-09-17 09:35:44.853000,417.4115973643275,96
2024-09-17 09:35:44.854000,417.4243157068916,105
2024-09-17 09:35:44.880000,417.4043531012033,7
2024-09-17 09:35:44.915000,417.4089056773925,996
2024-09-17 09:35:44.974000,417.40223731045234,1005
2024-09-17 09:35:44.986000,417.4407299091537,15
2024-09-17 09:35:45.062000,417.5456945749693,1000
2024-09-17 09:35:45.080000,417.5047673324576,97
2024-09-17 09:35:45.089000,417.4636396611816,1001
2024-09-17 09:35:45.143000,417.44478547124464,99
2024-09-17 09:35:45.170000,417.4469862556727,996
2024-09-17 09:35:45.272000,417.44608985100615,1005
2024-09-17 09:35:45.382000,417.5243209822675,103
2024-09-17 09:35:45.477000,417.4502796731133,998
2024-09-17 09:35:45.480000,417.51328929470486,95
2024-09-17 09:35:45.542000,417.50495471005536,11
2024-09-17 09:35:45.552000,417.539275376734,96
2024-09-17 09:35:45.607000,417.5307878594172,998
2024-09-17 09:35:45.607000,417.5180270212303,6
2024-09-17 09:35:45.629000,417.43896238937,10
2024-09-17 09:35:45.643000,417.535748572658,15
2024-09-17 09:35:45.692000,417.4749613342085,98
2024-09-17 09:35:45.739000,417.4904122800362,12
2024-09-17 09:35:45.747000,417.43665716148985,1000
2024-09-17 09:35:45.829000,417.4592674529394,1003
2024-09-17 09:35:45.863000,417.5125238582009,102
2024-09-17 09:35:45.868000,417.54047438192487,8
2024-09-17 09:35:45.924000,417.4562418213721,96
2024-09-17 09:35:45.931000,417.4741083478041,14
2024-09-17 09:35:46.642000,417.51882554389215,1004
2024-09-17 09:35:46.948000,417.4966770754805,1003
2024-09-17 09:35:49.167000,417.502879030896,105
2024-09-17 09:35:49.261000,417.4786433661152,98
2024-09-17 09:35:49.521000,417.4725642690674,96
2024-09-17 09:35:49.558000,417.5043684590934,996
2024-09-17 09:35:49.827000,417.5020772773319,97
2024-09-17 09:35:49.926000,417.4948138193079,999
2024-09-17 09:35:50.057000,417.5067963058375,12
2024-09-17 09:35:50.189000,417.5748860503467,103
2024-09-17 09:35:50.200000,417.52433541977314,5
2024-09-17 09:35:50.285000,417.5299617619113,13
2024-09-17 09:35:50.295000,417.5517750643801,14
2024-09-17 09:35:50.345000,417.516744695959,7
2024-09-17 09:35:50.359000,417.4954851002493,1004
2024-09-17 09:35:50.364000,417.4975421412105,101
2024-09-17 09:35:50.468000,417.5362429594776,12
2024-09-17 09:35:50.492000,417.50158556591015,1001
2024-09-17 09:35:50.523000,417.480255757648,102
2024-09-17 09:35:50.529000,417.5391417007436,997
2024-09-17 09:35:50.645000,417.5505940123194,98
2024-09-17 09:35:50.656000,417.5841303917631,12
2024-09-17 09:35:50.697000,417.5396266137949,6
2024-09-17 09:35:50.765000,417.4898522081736,13
2024-09-17 09:35:50.841000,417.4940615940492,98
2024-09-17 09:35:50.842000,417.5541206715962,1001
2024-09-17 09:35:50.863000,417.5525493718343,999
2024-09-17 09:35:50.946000,417.5603047059741,1005
2024-09-17 09:35:51.128000,417.5023485166194,998
2024-09-17 09:35:51.238000,417.5934476422184,15
2024-09-17 09:35:51.554000,417.5306631438862,104
2024-09-17 09:35:51.556000,417.5661191108607,999
2024-09-17 09:35:51.558000,417.5395567197384,998
2024-09-17 09:35:51.571000,417.5087759396733,997
2024-09-17 09:35:51.602000,417.5501733552965,102
2024-09-17 09:35:51.638000,417.50818538787416,1000
2024-09-17 09:35:51.784000,417.5682770244884,1003
2024-09-17 09:35:51.839000,417.5792947366767,999
2024-09-17 09:35:51.856000,417.5305830850184,99
2024-09-17 09:35:51.998000,417.574447197298,14
2024-09-17 09:35:52.038000,417.62683740852447,1005
2024-09-17 09:35:52.051000,417.6258899160608,13
2024-09-17 09:35:52.059000,417.62348708055504,1004
2024-09-17 09:35:52.063000,417.6014435315069,95
2024-09-17 09:35:52.117000,417.5765952715624,10
2024-09-17 09:35:52.143000,417.58572128033,1004
2024-09-17 09:35:52.169000,417.6582931784678,104
2024-09-17 09:35:52.179000,417.6375460995416,1003
2024-09-17 09:35:52.288000,417.6477700217706,98
2024-09-17 09:35:52.342000,417.5582507154398,13
2024-09-17 09:35:52.348000,417.56773686889983,1001
2024-09-17 09:35:52.369000,417.64785380168615,7
2024-09-17 09:35:52.479000,417.57962095247456,1002
2024-09-17 09:35:52.495000,417.6278364002562,5
2024-09-17 09:35:52.497000,417.60762346873446,1000
2024-09-17 09:35:52.537000,417.5606283550744,11
2024-09-17 09:35:52.607000,417.6338951590655,105
2024-09-17 09:35:52.638000,417.560197550334,101
2024-09-17 09:35:52.655000,417.559415969419,997
2024-09-17 09:35:52.738000,417.5574215635523,96
2024-09-17 09:35:52.738000,417.5592419580217,11
2024-09-17 09:35:52.751000,417.6439197174646,11
2024-09-17 09:35:52.769000,417.59188342762775,104
2024-09-17 09:35:52.790000,417.55965605181615,1005
2024-09-17 09:35:52.849000,417.5531903726977,9
2024-09-17 09:35:52.861000,417.61931879938817,6
2024-09-17 09:35:52.930000,417.6228790056504,105
2024-09-17 09:35:52.941000,417.5647701709709,997
2024-09-17 09:35:54.006000,417.53144630078447,15
2024-09-17 09:35:54.020000,417.54591169893104,1005
2024-09-17 09:35:54.030000,417.5420602970023,100
2024-09-17 09:35:54.086000,417.5319014257277,5
2024-09-17 09:35:54.157000,417.5633396591965,998
2024-09-17 09:35:54.181000,417.579995214912,14
2024-09-17 09:35:54.335000,417.5430841671125,15
2024-09-17 09:35:54.433000,417.5642211343192,14
2024-09-17 09:35:54.546000,417.5456843179714,14
2024-09-17 09:35:54.579000,417.56087232754805,7
2024-09-17 09:35:54.649000,417.5746020656615,997
2024-09-17 09:35:54.728000,417.5520403409794,9
2024-09-17 09:35:54.825000,417.5921908611336,998
2024-09-17 09:35:54.994000,417.5614540602247,97
2024-09-17 09:35:55.042000,417.5907415887573,14
2024-09-17 09:35:55.135000,417.5913816079777,105
2024-09-17 09:35:55.171000,417.5859838542498,1000
2024-09-17 09:35:55.177000,417.5896703055224,12
2024-09-17 09:35:55.260000,417.5826766893308,996
2024-09-17 09:35:55.266000,417.5733607988092,9
2024-09-17 09:35:55.272000,417.5864401011335,99
2024-09-17 09:35:55.348000,417.5851987945516,996
2024-09-17 09:35:55.490000,417.5869717678757,1004
2024-09-17 09:35:55.507000,417.5743597208127,6
2024-09-17 09:35:55.530000,417.59356961058927,996
2024-09-17 09:35:55.532000,417.5893411490962,6
2024-09-17 09:35:55.576000,417.5853643990199,101
2024-09-17 09:35:55.615000,417.5905917282533,998
2024-09-17 09:35:55.617000,417.5966610445735,998
2024-09-17 09:35:55.633000,417.597648134524,104
2024-09-17 09:35:55.670000,417.5999761741655,999
2024-09-17 09:35:55.874000,417.5914435789532,14
2024-09-17 09:35:55.901000,417.56461931285816,13
2024-09-17 09:35:55.965000,417.59184206019177,11
2024-09-17 09:35:56.069000,417.62864290366514,98
2024-09-17 09:35:56.125000,417.6176012679173,1002
2024-09-17 09:35:56.136000,417.612225485723,102
2024-09-17 09:35:56.165000,417.6173764118502,8
2024-09-17 09:35:56.186000,417.6384020604261,1004
2024-09-17 09:35:56.226000,417.6275475262132,13
2024-09-17 09:35:56.253000,417.6340299725342,8
2024-09-17 09:35:56.281000,417.6360268320601,9
2024-09-17 09:35:56.303000,417.6319198315306,105
2024-09-17 09:35:56.339000,417.6397073837774,9
2024-09-17 09:35:56.347000,417.6199127064821,998
2024-09-17 09:35:56.436000,417.6289048829501,6
2024-09-17 09:35:56.477000,417.64040267138046,997
2024-09-17 09:35:56.497000,417.6359321201508,103
2024-09-17 09:35:56.646000,417.6275856836378,11
2024-09-17 09:35:56.652000,417.64085459180455,102
2024-09-17 09:35:56.685000,417.6267315792396,14
2024-09-17 09:35:56.710000,417.6330017698141,14
2024-09-17 09:35:56.771000,417.6100054909136,101
2024-09-17 09:35:56.776000,417.6519206854361,1002
2024-09-17 09:35:56.786000,417.6307822835248,1002
2024-09-17 09:35:56.796000,417.62036502919295,96
2024-09-17 09:35:56.821000,417.6123092287396,103
2024-09-17 09:35:56.835000,417.6321298853704,97
2024-09-17 09:35:56.841000,417.6317822361513,100
2024-09-17 09:35:56.843000,417.6268511140437,14
2024-09-17 09:35:56.992000,417.6446328423463,105
2024-09-17 09:35:57.019000,417.5187606789792,95
2024-09-17 09:35:57.139000,417.552543023712,1005
2024-09-17 09:35:57.172000,417.5436249456907,1001
2024-09-17 09:35:57.206000,417.5680678273943,1002
2024-09-17 09:35:57.377000,417.5663168349132,104
2024-09-17 09:35:57.401000,417.58093660007535,997
2024-09-17 09:35:57.443000,417.5646493973193,999
2024-09-17 09:35:57.467000,417.544020889488,102
2024-09-17 09:35:57.499000,417.5909232889255,8
2024-09-17 09:35:57.583000,417.5652145576996,996
2024-09-17 09:35:57.608000,417.57217107721135,13
2024-09-17 09:35:57.736000,417.6363221302412,15
2024-09-17 09:35:57.749000,417.6296562502811,104
2024-09-17 09:35:57.772000,417.5700814837926,102
2024-09-17 09:35:57.779000,417.5996189317024,104
2024-09-17 09:35:57.807000,417.5441655481882,104
2024-09-17 09:35:57.811000,417.5781025933081,95
2024-09-17 09:35:57.812000,417.6251630140196,7
2024-09-17 09:35:57.837000,417.54659377217945,8
2024-09-17 09:35:57.964000,417.5312840173996,1000
2024-09-17 09:35:58.058000,417.5725129577168,101
2024-09-17 09:35:58.228000,417.5892480707885,103
2024-09-17 09:35:58.308000,417.561491388346,1001
2024-09-17 09:35:58.309000,417.5811410120164,1004
2024-09-17 09:35:58.468000,417.587086829395,999
2024-09-17 09:35:58.519000,417.5848037132532,6
2024-09-17 09:35:58.570000,417.53760565048793,1002
2024-09-17 09:35:58.613000,417.581741976717,14
2024-09-17 09:35:58.640000,417.5593240552468,100
2024-09-17 09:35:58.880000,417.5944133527288,1001
2024-09-17 09:35:58.944000,417.5913260119648,5
2024-09-17 09:35:58.977000,417.5504504868446,999
2024-09-17 09:35:58.990000,417.576722816073,6
2024-09-17 09:35:59.247000,417.5815620852024,996
2024-09-17 09:35:59.428000,417.59630493754406,104
2024-09-17 09:35:59.593000,417.60645727652593,104
