Timestamp,Price,Size
2024-09-17 10:05:00.007000,414.5946551390263,11
2024-09-17 10:05:00.137000,414.7161799527507,996
2024-09-17 10:05:00.296000,414.5764986174451,11
2024-09-17 10:05:00.498000,414.7050572260309,5
2024-09-17 10:05:00.526000,414.5892697337429,999
2024-09-17 10:05:00.535000,414.66427672754816,104
2024-09-17 10:05:00.550000,414.69402888989816,996
2024-09-17 10:05:00.560000,414.5716505151884,11
2024-09-17 10:05:00.667000,414.5943906956262,10
2024-09-17 10:05:00.680000,414.5982136645635,998
2024-09-17 10:05:00.698000,414.5721089951946,997
2024-09-17 10:05:00.701000,414.583036279584,999
2024-09-17 10:05:00.713000,414.5714299343716,1000
2024-09-17 10:05:00.814000,414.6261946501202,1003
2024-09-17 10:05:00.949000,414.6873045799372,1002
2024-09-17 10:05:00.972000,414.7012611981851,1000
2024-09-17 10:05:01.105000,414.69254366473353,101
2024-09-17 10:05:01.122000,414.682321841646,101
2024-09-17 10:05:01.238000,414.7671339953433,998
2024-09-17 10:05:01.266000,414.79178464449626,96
2024-09-17 10:05:01.278000,414.7009142864408,1003
2024-09-17 10:05:01.375000,414.7068075622211,9
2024-09-17 10:05:01.379000,414.7138464394836,1003
2024-09-17 10:05:01.439000,414.7014636824405,11
2024-09-17 10:05:01.447000,414.69110158391874,98
2024-09-17 10:05:01.451000,414.75846270315134,15
2024-09-17 10:05:01.640000,414.67687299993753,13
2024-09-17 10:05:01.726000,414.7216880433264,13
2024-09-17 10:05:01.742000,414.693273833254,995
2024-09-17 10:05:01.768000,414.6914340059444,103
2024-09-17 10:05:01.810000,414.70032794101206,1003
2024-09-17 10:05:01.817000,414.7867552793955,15
2024-09-17 10:05:01.828000,414.6929902392882,104
2024-09-17 10:05:01.868000,414.70079779990107,1005
2024-09-17 10:05:01.872000,414.72440830159593,103
2024-09-17 10:05:01.916000,414.72903271065417,996
2024-09-17 10:05:01.942000,414.6971714840438,997
2024-09-17 10:05:01.945000,414.7574368103541,97
2024-09-17 10:05:01.994000,414.69288869313567,11
2024-09-17 10:05:02.134000,414.7732406908181,100
2024-09-17 10:05:02.370000,414.7642449196223,8
2024-09-17 10:05:02.509000,414.75085085371137,101
2024-09-17 10:05:02.514000,414.7759466295095,998
2024-09-17 10:05:02.519000,414.7971490157152,97
2024-09-17 10:05:02.571000,414.7939446367981,998
2024-09-17 10:05:02.611000,414.78770893983886,9
2024-09-17 10:05:02.685000,414.7953440521301,997
2024-09-17 10:05:03.160000,414.75060557661527,998
2024-09-17 10:05:03.478000,414.7264892551344,1003
2024-09-17 10:05:03.799000,414.70081470767946,997
2024-09-17 10:05:03.872000,414.7262241450972,104
2024-09-17 10:05:03.907000,414.69513992261926,10
2024-09-17 10:05:04.030000,414.6940208998389,1004
2024-09-17 10:05:04.133000,414.7384263872743,12
2024-09-17 10:05:04.143000,414.70549611226016,6
2024-09-17 10:05:04.161000,414.7565947485447,11
2024-09-17 10:05:04.162000,414.6931651777734,101
2024-09-17 10:05:04.213000,414.6868071805396,1004
2024-09-17 10:05:04.296000,414.71103837074287,997
2024-09-17 10:05:04.323000,414.6840300335229,998
2024-09-17 10:05:04.326000,414.7012123417576,99
2024-09-17 10:05:04.403000,414.6917351711292,1004
2024-09-17 10:05:04.436000,414.73745916717854,995
2024-09-17 10:05:04.462000,414.70376708818674,96
2024-09-17 10:05:04.578000,414.7151280292335,103
2024-09-17 10:05:04.580000,414.6983753262073,98
2024-09-17 10:05:04.638000,414.7533665501822,6
2024-09-17 10:05:04.695000,414.70235118222087,999
2024-09-17 10:05:04.715000,414.689985947834,8
2024-09-17 10:05:04.716000,414.7008902926544,995
2024-09-17 10:05:04.722000,414.7160571048688,7
2024-09-17 10:05:04.750000,414.7432942611162,7
2024-09-17 10:05:04.777000,414.6949508082306,13
2024-09-17 10:05:04.830000,414.6939142785953,5
2024-09-17 10:05:04.963000,414.6938590171232,1003
2024-09-17 10:05:05.319000,414.7478711210848,995
2024-09-17 10:05:05.337000,414.7521582866469,1000
2024-09-17 10:05:05.424000,414.7484929654991,13
2024-09-17 10:05:05.534000,414.7590945367583,1003
2024-09-17 10:05:05.712000,414.747122004307,97
2024-09-17 10:05:06.005000,414.7136825711315,1002
2024-09-17 10:05:06.007000,414.7602525422545,100
2024-09-17 10:05:06.131000,414.7462655261302,999
2024-09-17 10:05:06.165000,414.7365171048417,96
2024-09-17 10:05:06.246000,414.7595283495918,1003
2024-09-17 10:05:06.291000,414.770518421057,105
2024-09-17 10:05:06.327000,414.75031792379633,12
2024-09-17 10:05:06.389000,414.74661396181045,999
2024-09-17 10:05:06.495000,414.7651312920062,1004
2024-09-17 10:05:06.516000,414.7522971702747,100
2024-09-17 10:05:06.528000,414.7566520885712,95
2024-09-17 10:05:06.550000,414.74266401067416,1002
2024-09-17 10:05:06.617000,414.7359796187454,999
2024-09-17 10:05:06.686000,414.7677136071691,9
2024-09-17 10:05:06.717000,414.7665346450831,997
2024-09-17 10:05:06.738000,414.73782349292543,997
2024-09-17 10:05:06.811000,414.7462114121444,9
2024-09-17 10:05:06.895000,414.75609858607135,97
2024-09-17 10:05:06.964000,414.75526282195926,7
2024-09-17 10:05:07.105000,414.78534885246825,15
2024-09-17 10:05:07.177000,414.7255355269352,12
2024-09-17 10:05:07.301000,414.7894165358634,13
2024-09-17 10:05:07.436000,414.7456157896837,101
2024-09-17 10:05:07.457000,414.78018820559686,99
2024-09-17 10:05:07.497000,414.7657336132659,11
2024-09-17 10:05:07.675000,414.7570467864173,6
2024-09-17 10:05:07.748000,414.7385668180905,1001
2024-09-17 10:05:07.864000,414.7673694666051,13
2024-09-17 10:05:07.878000,414.7405216721991,99
2024-09-17 10:05:07.909000,414.7444625839258,11
2024-09-17 10:05:07.917000,414.7418113271535,100
2024-09-17 10:05:07.961000,414.753549853456,101
2024-09-17 10:05:08.435000,414.7368304934345,97
2024-09-17 10:05:08.508000,414.71821760395954,1002
2024-09-17 10:05:08.739000,414.7323682777446,9
2024-09-17 10:05:09.052000,414.73776897150105,1004
2024-09-17 10:05:09.084000,414.81253811780016,997
2024-09-17 10:05:09.138000,414.85417547462913,998
2024-09-17 10:05:09.203000,414.7379343605538,97
2024-09-17 10:05:09.205000,414.8108986593933,1003
2024-09-17 10:05:09.230000,414.87613157468655,11
2024-09-17 10:05:09.235000,414.87616444716286,102
2024-09-17 10:05:09.288000,414.8081059330781,11
2024-09-17 10:05:09.301000,414.7593529751281,1002
2024-09-17 10:05:09.335000,414.8646725484365,14
2024-09-17 10:05:09.355000,414.84387465401966,15
2024-09-17 10:05:09.389000,414.74855886753886,6
2024-09-17 10:05:09.499000,414.82059511971886,9
2024-09-17 10:05:09.517000,414.766825651457,104
2024-09-17 10:05:09.566000,414.8646333304333,15
2024-09-17 10:05:09.568000,414.8102890635207,13
2024-09-17 10:05:09.590000,414.8512625068818,6
2024-09-17 10:05:09.651000,414.8270400830694,5
2024-09-17 10:05:09.702000,414.8444414302139,105
2024-09-17 10:05:09.703000,414.84167668981246,8
2024-09-17 10:05:09.779000,414.8175713108648,9
2024-09-17 10:05:09.783000,414.84335161304784,95
2024-09-17 10:05:09.809000,414.8015085917415,14
2024-09-17 10:05:09.946000,414.8535519514138,1001
2024-09-17 10:05:10.006000,414.8993068781711,15
2024-09-17 10:05:10.162000,414.95738444427934,5
2024-09-17 10:05:10.281000,414.9554923774476,13
2024-09-17 10:05:10.288000,414.9703441504821,104
2024-09-17 10:05:10.309000,414.89365464264137,1002
2024-09-17 10:05:10.335000,414.9376599581107,15
2024-09-17 10:05:10.370000,414.8908912650035,102
2024-09-17 10:05:10.422000,414.9636424202612,995
2024-09-17 10:05:10.558000,414.9170259073485,1000
2024-09-17 10:05:10.563000,414.89419478093305,995
2024-09-17 10:05:10.602000,414.95709892558375,12
2024-09-17 10:05:10.716000,414.8954822603517,6
2024-09-17 10:05:10.755000,414.96497375145066,101
2024-09-17 10:05:11.015000,414.9669606428795,95
2024-09-17 10:05:11.019000,414.94787712050135,8
2024-09-17 10:05:11.027000,414.9623040500488,5
2024-09-17 10:05:11.049000,414.9692589920764,14
2024-09-17 10:05:11.111000,414.9518994378409,1005
2024-09-17 10:05:11.172000,414.9616527176629,1002
2024-09-17 10:05:11.347000,414.9269456245737,1001
2024-09-17 10:05:11.395000,414.9612111133485,997
2024-09-17 10:05:11.462000,414.9741375352255,1001
2024-09-17 10:05:11.526000,414.96416120089873,1005
2024-09-17 10:05:11.530000,414.9725686172733,15
2024-09-17 10:05:11.581000,414.9587441242717,99
2024-09-17 10:05:11.633000,414.9855514474272,96
2024-09-17 10:05:11.694000,414.9605503004069,1001
2024-09-17 10:05:11.695000,414.9660040200045,10
2024-09-17 10:05:11.730000,414.9718571486261,1003
2024-09-17 10:05:11.835000,414.95786523801695,1001
2024-09-17 10:05:11.924000,414.9556778295053,8
2024-09-17 10:05:11.990000,414.9441287166854,10
2024-09-17 10:05:12.016000,414.9882289678124,14
2024-09-17 10:05:12.027000,415.0464484212889,97
2024-09-17 10:05:12.083000,415.0445706225272,7
2024-09-17 10:05:12.140000,415.0244893733872,1000
2024-09-17 10:05:12.229000,415.0228444373328,12
2024-09-17 10:05:12.234000,415.024065186767,997
2024-09-17 10:05:12.321000,415.0505722225315,997
2024-09-17 10:05:12.390000,415.0251007421374,1003
2024-09-17 10:05:12.464000,415.0014414899728,103
2024-09-17 10:05:12.556000,415.007135192667,6
2024-09-17 10:05:12.580000,415.0215996279285,998
2024-09-17 10:05:12.619000,415.00709889024057,998
2024-09-17 10:05:12.640000,415.0539574977868,11
2024-09-17 10:05:12.747000,415.02651033010255,1004
2024-09-17 10:05:12.768000,415.0050265105796,997
2024-09-17 10:05:12.786000,414.9925550695135,6
2024-09-17 10:05:12.815000,415.02645860568015,12
2024-09-17 10:05:12.824000,415.0103478372938,6
2024-09-17 10:05:12.837000,415.0055657924949,1004
2024-09-17 10:05:12.842000,414.9952167048172,8
2024-09-17 10:05:12.870000,414.9995634485024,1005
2024-09-17 10:05:12.918000,415.0057049653484,101
2024-09-17 10:05:12.957000,414.99907734448095,15
2024-09-17 10:05:13.018000,415.0441517266263,1001
2024-09-17 10:05:13.042000,415.0515430076769,9
2024-09-17 10:05:13.097000,415.06353565011017,15
2024-09-17 10:05:13.132000,415.0562093521336,100
2024-09-17 10:05:13.345000,415.0595187485232,100
2024-09-17 10:05:13.488000,415.0446326493104,99
2024-09-17 10:05:13.592000,415.0412474371126,10
2024-09-17 10:05:14.061000,415.0260848423831,1000
2024-09-17 10:05:14.325000,415.059934132369,96
2024-09-17 10:05:14.520000,415.0375337014,12
2024-09-17 10:05:14.697000,415.0567056346397,1001
2024-09-17 10:05:14.926000,415.0369663141115,1003
2024-09-17 10:05:15.087000,415.0174313378004,8
2024-09-17 10:05:15.089000,415.0018816296023,1002
2024-09-17 10:05:15.122000,415.0425938701274,15
2024-09-17 10:05:15.198000,415.0307512955106,997
2024-09-17 10:05:15.215000,415.00163337185495,996
2024-09-17 10:05:15.255000,415.051305502002,996
2024-09-17 10:05:15.333000,415.03944395715234,99
2024-09-17 10:05:15.377000,415.0374408570496,998
2024-09-17 10:05:15.389000,415.0432872444808,997
2024-09-17 10:05:15.395000,415.0059399618689,96
2024-09-17 10:05:15.423000,415.0650626814961,12
2024-09-17 10:05:15.500000,415.01591811272135,1003
2024-09-17 10:05:15.501000,415.0478987047303,13
2024-09-17 10:05:15.601000,415.0360866039589,99
2024-09-17 10:05:15.676000,415.0279852720306,102
2024-09-17 10:05:15.843000,414.99660596282087,12
2024-09-17 10:05:15.863000,415.0188895203976,5
2024-09-17 10:05:15.900000,415.0314355428111,996
2024-09-17 10:05:16.060000,415.0998262949855,1001
2024-09-17 10:05:16.072000,415.0531195033786,1001
2024-09-17 10:05:16.079000,415.1088221153414,13
2024-09-17 10:05:16.108000,415.0197912583256,99
2024-09-17 10:05:16.174000,415.0901502569604,995
2024-09-17 10:05:16.187000,415.0363618708302,5
2024-09-17 10:05:16.218000,415.118775615171,14
2024-09-17 10:05:16.236000,415.0814750664524,995
2024-09-17 10:05:16.243000,415.0771805109541,7
2024-09-17 10:05:16.253000,415.1003463096917,95
2024-09-17 10:05:16.269000,415.0953695183456,5
2024-09-17 10:05:16.278000,415.03694961239165,101
2024-09-17 10:05:16.287000,415.03910116440414,999
2024-09-17 10:05:16.348000,415.09322141336895,1000
2024-09-17 10:05:16.365000,415.0948632337268,13
2024-09-17 10:05:16.366000,415.05529630290647,100
2024-09-17 10:05:16.377000,415.0915775736419,1005
2024-09-17 10:05:16.499000,415.0971481932071,15
2024-09-17 10:05:16.510000,415.0756246633905,104
2024-09-17 10:05:16.518000,415.1144051322495,1001
2024-09-17 10:05:16.557000,415.034956847615,11
2024-09-17 10:05:16.562000,415.10267141015146,5
2024-09-17 10:05:16.658000,415.0932008207152,996
2024-09-17 10:05:16.660000,415.1078183298603,96
2024-09-17 10:05:16.813000,415.1065996396563,5
2024-09-17 10:05:17.042000,415.14355987283466,95
2024-09-17 10:05:17.218000,415.1303407052479,105
2024-09-17 10:05:17.247000,415.15719079043424,13
2024-09-17 10:05:17.286000,415.11492056490505,1005
2024-09-17 10:05:17.305000,415.1055506249395,1000
2024-09-17 10:05:17.361000,415.1474156123164,14
2024-09-17 10:05:17.412000,415.1186292409647,997
2024-09-17 10:05:17.488000,415.1356522746317,97
2024-09-17 10:05:17.506000,415.1169028698406,995
2024-09-17 10:05:17.584000,415.1422738093384,8
2024-09-17 10:05:17.641000,415.127173388598,97
2024-09-17 10:05:17.642000,415.1498573994262,12
2024-09-17 10:05:17.660000,415.1450119658396,10
2024-09-17 10:05:17.711000,415.1431512128236,101
2024-09-17 10:05:17.952000,415.1469764468656,99
2024-09-17 10:05:18.020000,415.06560518980433,13
2024-09-17 10:05:18.051000,415.12169895850633,100
2024-09-17 10:05:18.061000,415.0728809014031,99
2024-09-17 10:05:18.109000,415.1266305383076,5
2024-09-17 10:05:18.152000,415.0994179715957,9
2024-09-17 10:05:18.199000,415.1357068605181,14
2024-09-17 10:05:18.270000,415.0746155146812,99
2024-09-17 10:05:18.391000,415.077670702612,105
2024-09-17 10:05:18.469000,415.12896732386935,97
2024-09-17 10:05:18.481000,415.0906511300873,100
2024-09-17 10:05:18.498000,415.1359936493351,1001
2024-09-17 10:05:18.658000,415.071385612504,1002
2024-09-17 10:05:18.693000,415.0843475968181,1000
2024-09-17 10:05:18.706000,415.1243918834405,99
2024-09-17 10:05:18.803000,415.125857575389,8
2024-09-17 10:05:18.826000,415.0873788872119,12
2024-09-17 10:05:18.849000,415.1108399208589,1001
2024-09-17 10:05:18.941000,415.11022737836026,100
2024-09-17 10:05:18.995000,415.0840460814782,96
2024-09-17 10:05:19.031000,415.14786822425793,99
2024-09-17 10:05:19.117000,415.146698974736,1003
2024-09-17 10:05:19.249000,415.1346938708761,98
2024-09-17 10:05:19.395000,415.146732397438,97
2024-09-17 10:05:19.416000,415.1382534444023,101
2024-09-17 10:05:19.473000,415.13823908163744,995
2024-09-17 10:05:19.596000,415.1274417747237,14
2024-09-17 10:05:19.677000,415.14045894041936,101
2024-09-17 10:05:19.739000,415.1383313122839,103
2024-09-17 10:05:19.824000,415.1323097065971,10
2024-09-17 10:05:19.903000,415.1441608882786,96
2024-09-17 10:05:20.129000,415.141947786589,104
2024-09-17 10:05:20.144000,415.1323532077645,96
2024-09-17 10:05:20.156000,415.1316030181577,1005
2024-09-17 10:05:20.230000,415.135390816004,1001
2024-09-17 10:05:20.279000,415.14566989209874,97
2024-09-17 10:05:20.334000,415.1589513819308,13
2024-09-17 10:05:20.585000,415.1388640706168,10
2024-09-17 10:05:20.660000,415.1332751744571,11
2024-09-17 10:05:20.661000,415.15606736503287,7
2024-09-17 10:05:20.815000,415.1535241739078,9
2024-09-17 10:05:20.856000,415.1529687248522,995
2024-09-17 10:05:20.875000,415.133968982496,997
2024-09-17 10:05:20.957000,415.12277293990974,95
2024-09-17 10:05:20.981000,415.1293603118766,98
2024-09-17 10:05:21.015000,415.1610803905287,103
2024-09-17 10:05:21.087000,415.1592009390109,102
2024-09-17 10:05:21.113000,415.156871604617,101
2024-09-17 10:05:21.251000,415.15807207116313,997
2024-09-17 10:05:21.257000,415.149719297565,104
2024-09-17 10:05:21.349000,415.14186284662577,998
2024-09-17 10:05:21.349000,415.1542702660615,13
2024-09-17 10:05:21.398000,415.1504179839713,999
2024-09-17 10:05:21.493000,415.1471991911039,9
2024-09-17 10:05:21.528000,415.14267543946266,996
2024-09-17 10:05:21.554000,415.1723497567544,997
2024-09-17 10:05:21.598000,415.17658932297326,12
2024-09-17 10:05:21.646000,415.1802985959883,103
2024-09-17 10:05:21.686000,415.1648711899037,8
2024-09-17 10:05:21.714000,415.1502904905861,1004
2024-09-17 10:05:21.725000,415.1689780916405,15
2024-09-17 10:05:21.783000,415.1639149633982,7
2024-09-17 10:05:21.802000,415.1443080287691,98
2024-09-17 10:05:21.929000,415.1457462596002,1005
2024-09-17 10:05:21.934000,415.1317436902257,6
2024-09-17 10:05:21.959000,415.1383339534521,996
2024-09-17 10:05:21.967000,415.1801160838808,997
2024-09-17 10:05:21.976000,415.1430230296648,997
2024-09-17 10:05:21.982000,415.134127567364,15
2024-09-17 10:05:21.987000,415.1382375628765,1002
2024-09-17 10:05:22.110000,415.0873355747189,999
2024-09-17 10:05:22.119000,415.15689247272815,997
2024-09-17 10:05:22.126000,415.0812022565467,1003
2024-09-17 10:05:22.169000,415.17688745569865,1005
2024-09-17 10:05:22.256000,415.1508812658339,102
2024-09-17 10:05:22.286000,415.16743115099774,11
2024-09-17 10:05:22.323000,415.1483341691422,13
2024-09-17 10:05:22.323000,415.1023827217147,105
2024-09-17 10:05:22.328000,415.1293546489032,1000
2024-09-17 10:05:22.392000,415.1118834230654,98
2024-09-17 10:05:22.407000,415.1036937848072,998
2024-09-17 10:05:22.504000,415.1545103604852,95
2024-09-17 10:05:22.558000,415.18122431627296,103
2024-09-17 10:05:22.559000,415.1711098306196,11
2024-09-17 10:05:22.571000,415.0945760274345,1002
2024-09-17 10:05:22.609000,415.108766089236,100
2024-09-17 10:05:22.616000,415.086461305057,9
2024-09-17 10:05:22.634000,415.1653349470358,1004
2024-09-17 10:05:22.643000,415.110208837432,13
2024-09-17 10:05:22.653000,415.1072739958988,98
2024-09-17 10:05:22.675000,415.1801614262275,103
2024-09-17 10:05:22.784000,415.1432351535729,9
2024-09-17 10:05:22.911000,415.1000265133183,13
2024-09-17 10:05:22.987000,415.1041834824397,1005
2024-09-17 10:05:23.049000,415.1529397047433,996
2024-09-17 10:05:23.078000,415.1396613688119,10
2024-09-17 10:05:23.096000,415.1039457227515,9
2024-09-17 10:05:23.106000,415.148798922979,99
2024-09-17 10:05:23.149000,415.1439375680584,8
2024-09-17 10:05:23.162000,415.14072474651016,98
2024-09-17 10:05:23.215000,415.1495632846632,96
2024-09-17 10:05:23.245000,415.1393663609561,999
2024-09-17 10:05:23.254000,415.1536944628433,104
2024-09-17 10:05:23.275000,415.1319605795897,12
2024-09-17 10:05:23.297000,415.12116320142667,101
2024-09-17 10:05:23.329000,415.1418082366235,1002
2024-09-17 10:05:23.397000,415.1457213816643,101
2024-09-17 10:05:23.418000,415.1078317527401,105
2024-09-17 10:05:23.435000,415.14022738556434,1002
2024-09-17 10:05:23.520000,415.14134406867424,5
2024-09-17 10:05:23.601000,415.13642982016006,15
2024-09-17 10:05:23.617000,415.15706885775495,1003
2024-09-17 10:05:23.631000,415.1392241276906,15
2024-09-17 10:05:23.632000,415.1631182098926,15
2024-09-17 10:05:23.686000,415.10622935001817,15
2024-09-17 10:05:23.692000,415.1194309669357,100
2024-09-17 10:05:23.701000,415.1574856152154,999
2024-09-17 10:05:23.730000,415.1422736143748,98
2024-09-17 10:05:23.782000,415.1554833268391,10
2024-09-17 10:05:23.805000,415.1348596436882,997
2024-09-17 10:05:23.895000,415.1097864602888,1004
2024-09-17 10:05:23.952000,415.1477056155062,1004
2024-09-17 10:05:23.970000,415.14366134149424,6
2024-09-17 10:05:23.999000,415.1390855399347,1002
2024-09-17 10:05:24.973000,415.1042908593308,97
2024-09-17 10:05:25.021000,415.0968899155103,1001
2024-09-17 10:05:25.039000,415.1067461463186,9
2024-09-17 10:05:25.043000,415.09465827333145,8
2024-09-17 10:05:25.106000,415.1154396703264,998
2024-09-17 10:05:25.170000,415.1246528362608,98
2024-09-17 10:05:25.226000,415.09703711848,1001
2024-09-17 10:05:25.237000,415.0906993481335,99
2024-09-17 10:05:25.286000,415.1183331312611,10
2024-09-17 10:05:25.287000,415.0967153395435,105
2024-09-17 10:05:25.309000,415.0675799390417,98
2024-09-17 10:05:25.323000,415.0723745185792,13
2024-09-17 10:05:25.406000,415.0842278979959,97
2024-09-17 10:05:25.411000,415.1042973210414,1001
2024-09-17 10:05:25.474000,415.0681935908511,13
2024-09-17 10:05:25.596000,415.1030428311318,104
2024-09-17 10:05:25.615000,415.1075529433433,998
2024-09-17 10:05:25.623000,415.1055885483605,1001
2024-09-17 10:05:25.631000,415.09382246227926,1005
2024-09-17 10:05:25.738000,415.0832384640547,98
2024-09-17 10:05:25.775000,415.058019794838,95
2024-09-17 10:05:25.777000,415.1086923468556,12
2024-09-17 10:05:25.821000,415.09330143408266,98
2024-09-17 10:05:25.860000,415.1259265786547,8
2024-09-17 10:05:25.894000,415.0680312444522,101
2024-09-17 10:05:25.922000,415.1039878381997,995
2024-09-17 10:05:25.995000,415.0786067903774,105
2024-09-17 10:05:26.061000,415.1016159129167,11
2024-09-17 10:05:26.104000,415.09901139419566,8
2024-09-17 10:05:26.160000,415.1468331910162,96
2024-09-17 10:05:26.269000,415.10471116104907,15
2024-09-17 10:05:26.439000,415.0928919217758,1005
2024-09-17 10:05:26.563000,415.09005598919936,13
2024-09-17 10:05:26.634000,415.1179693198171,1005
2024-09-17 10:05:26.800000,415.1277804077007,96
2024-09-17 10:05:26.862000,415.1077523483639,101
2024-09-17 10:05:27.111000,415.1625789705159,1000
2024-09-17 10:05:27.330000,415.19102573433634,101
2024-09-17 10:05:27.433000,415.2220943205719,6
2024-09-17 10:05:27.535000,415.1758559305004,13
2024-09-17 10:05:27.545000,415.15493284724965,8
2024-09-17 10:05:27.558000,415.17221940684266,1005
2024-09-17 10:05:27.651000,415.2155625682639,104
2024-09-17 10:05:27.707000,415.1751994663164,995
2024-09-17 10:05:27.737000,415.2191708629595,15
2024-09-17 10:05:27.786000,415.2099587030934,7
2024-09-17 10:05:27.910000,415.2069305093871,12
2024-09-17 10:05:28.012000,415.2619461967255,100
2024-09-17 10:05:28.052000,415.2227611778108,998
2024-09-17 10:05:28.080000,415.2699870719482,98
2024-09-17 10:05:28.163000,415.2533105436567,12
2024-09-17 10:05:28.185000,415.2789726777244,997
2024-09-17 10:05:28.331000,415.25356021886745,99
2024-09-17 10:05:28.357000,415.24870459539454,11
2024-09-17 10:05:28.386000,415.2770819278785,101
2024-09-17 10:05:28.390000,415.24261871638106,7
2024-09-17 10:05:28.426000,415.2475795366484,11
2024-09-17 10:05:28.495000,415.2459570156767,998
2024-09-17 10:05:28.513000,415.2426886050057,995
2024-09-17 10:05:28.548000,415.21888965907385,95
2024-09-17 10:05:28.565000,415.2940800762005,9
2024-09-17 10:05:28.685000,415.2694721669101,95
2024-09-17 10:05:28.688000,415.2625897772198,1000
2024-09-17 10:05:28.860000,415.255913222998,998
2024-09-17 10:05:29.007000,415.2317733592532,7
2024-09-17 10:05:29.028000,415.1975036391508,96
2024-09-17 10:05:29.041000,415.203551642708,1005
2024-09-17 10:05:29.245000,415.2250455720694,8
2024-09-17 10:05:29.297000,415.2358720994554,999
2024-09-17 10:05:29.314000,415.2716264675527,1004
2024-09-17 10:05:29.333000,415.29259867855126,12
2024-09-17 10:05:29.363000,415.227514293325,97
2024-09-17 10:05:29.445000,415.2249814639735,5
2024-09-17 10:05:29.467000,415.2012811416419,101
2024-09-17 10:05:29.476000,415.2472879946421,998
2024-09-17 10:05:29.477000,415.26213154737445,9
2024-09-17 10:05:29.496000,415.1871111582933,999
2024-09-17 10:05:29.516000,415.2490243159323,997
2024-09-17 10:05:29.547000,415.2501115912156,1004
2024-09-17 10:05:29.564000,415.2307637808625,101
2024-09-17 10:05:29.577000,415.23233821919007,7
2024-09-17 10:05:29.591000,415.1978438955551,8
2024-09-17 10:05:29.615000,415.2503993345393,99
2024-09-17 10:05:29.702000,415.2202763031077,13
2024-09-17 10:05:29.722000,415.26950790849634,96
2024-09-17 10:05:29.739000,415.265246179624,102
2024-09-17 10:05:29.741000,415.20948791671,999
2024-09-17 10:05:29.824000,415.2115753796059,5
2024-09-17 10:05:29.919000,415.2221709542196,101
2024-09-17 10:05:29.952000,415.2525675152325,105
2024-09-17 10:05:29.966000,415.2856688342176,13
2024-09-17 10:05:29.967000,415.2160329792897,95
2024-09-17 10:05:29.989000,415.2083617367844,6
2024-09-17 10:05:30.021000,415.1345173120777,13
2024-09-17 10:05:30.058000,415.14828909726026,1004
2024-09-17 10:05:30.127000,415.1185181919839,996
2024-09-17 10:05:30.147000,415.1762760392999,103
2024-09-17 10:05:30.169000,415.1513087075869,1002
2024-09-17 10:05:30.253000,415.1299836867005,6
2024-09-17 10:05:30.260000,415.15324473262285,9
2024-09-17 10:05:30.292000,415.1063505666634,1004
2024-09-17 10:05:30.336000,415.14612597074944,97
2024-09-17 10:05:30.385000,415.1452659894861,997
2024-09-17 10:05:30.401000,415.16915801495554,15
2024-09-17 10:05:30.490000,415.1672424521335,100
2024-09-17 10:05:30.516000,415.1708366488971,1002
2024-09-17 10:05:30.601000,415.1697880870952,95
2024-09-17 10:05:30.605000,415.1452658085581,11
2024-09-17 10:05:30.670000,415.1265160107004,104
2024-09-17 10:05:30.711000,415.1742765065954,10
2024-09-17 10:05:30.772000,415.1608887190623,6
2024-09-17 10:05:30.806000,415.18189952905954,104
2024-09-17 10:05:30.949000,415.17888142239417,6
2024-09-17 10:05:30.949000,415.1482426652192,101
2024-09-17 10:05:30.985000,415.18396096658427,9
2024-09-17 10:05:31.049000,415.1620604639114,98
2024-09-17 10:05:31.092000,415.1747162069826,11
2024-09-17 10:05:31.517000,415.1862166943821,998
2024-09-17 10:05:31.612000,415.1204534431688,1000
2024-09-17 10:05:31.683000,415.1281987146093,101
2024-09-17 10:05:31.785000,415.1781338685675,1003
2024-09-17 10:05:31.824000,415.1811300895508,999
2024-09-17 10:05:31.877000,415.12076901587847,10
2024-09-17 10:05:31.894000,415.1895156049954,104
2024-09-17 10:05:31.973000,415.1745819068445,1005
2024-09-17 10:05:32.138000,415.1495688322559,103
2024-09-17 10:05:32.199000,415.1214208190037,15
2024-09-17 10:05:32.222000,415.14286061077365,9
2024-09-17 10:05:32.350000,415.1513666021712,997
2024-09-17 10:05:32.626000,415.1565899001511,98
2024-09-17 10:05:32.762000,415.1502005631551,5
2024-09-17 10:05:32.763000,415.1701633574602,10
2024-09-17 10:05:32.817000,415.1477869946855,99
2024-09-17 10:05:32.841000,415.14292449316935,10
2024-09-17 10:05:32.856000,415.1616078123077,1003
2024-09-17 10:05:32.958000,415.16077564225577,98
2024-09-17 10:05:32.986000,415.1460707629908,1001
2024-09-17 10:05:33.029000,415.1734187951071,12
2024-09-17 10:05:33.048000,415.1430441805952,102
2024-09-17 10:05:33.130000,415.1258265597718,6
2024-09-17 10:05:33.176000,415.2139637923372,1004
2024-09-17 10:05:33.290000,415.190802609674,97
2024-09-17 10:05:33.325000,415.1972898136967,15
2024-09-17 10:05:33.384000,415.1761375824522,105
2024-09-17 10:05:33.442000,415.21560205133954,10
2024-09-17 10:05:33.577000,415.2258665924092,102
2024-09-17 10:05:33.588000,415.1490609729258,998
2024-09-17 10:05:33.608000,415.2137198524454,10
2024-09-17 10:05:33.672000,415.1391480849207,12
2024-09-17 10:05:33.675000,415.2046256667203,102
2024-09-17 10:05:33.689000,415.136570507683,96
2024-09-17 10:05:33.735000,415.19395562547874,104
2024-09-17 10:05:33.783000,415.19297018144846,5
2024-09-17 10:05:33.914000,415.1577468554444,101
2024-09-17 10:05:33.991000,415.18418062914265,6
2024-09-17 10:05:34.118000,415.26285359049655,9
2024-09-17 10:05:34.159000,415.232061172332,6
2024-09-17 10:05:34.181000,415.2403524356009,96
2024-09-17 10:05:34.195000,415.2333634792044,12
2024-09-17 10:05:34.279000,415.3072703235199,99
2024-09-17 10:05:34.309000,415.23102419830894,1001
2024-09-17 10:05:34.341000,415.29589891657935,1004
2024-09-17 10:05:34.393000,415.2082499727744,10
2024-09-17 10:05:34.427000,415.22579708489735,12
2024-09-17 10:05:34.443000,415.2235250977988,1002
2024-09-17 10:05:34.475000,415.28254844923487,14
2024-09-17 10:05:34.515000,415.1955726836727,8
2024-09-17 10:05:34.516000,415.23809101887736,15
2024-09-17 10:05:34.530000,415.2158920274592,100
2024-09-17 10:05:34.547000,415.2945001440927,96
2024-09-17 10:05:34.607000,415.2300971954669,14
2024-09-17 10:05:34.613000,415.2272986420213,99
2024-09-17 10:05:34.634000,415.24636293354274,1003
2024-09-17 10:05:34.634000,415.2312516947693,10
2024-09-17 10:05:34.643000,415.2383971240551,96
2024-09-17 10:05:34.667000,415.2339015627298,96
2024-09-17 10:05:34.676000,415.2322148411502,100
2024-09-17 10:05:34.676000,415.3111497444034,9
2024-09-17 10:05:34.738000,415.2832562397402,998
2024-09-17 10:05:34.763000,415.2327359946874,9
2024-09-17 10:05:34.809000,415.249989347288,14
2024-09-17 10:05:34.949000,415.2809847577011,96
2024-09-17 10:05:35.021000,415.3047710561157,7
2024-09-17 10:05:35.071000,415.3358848041303,102
2024-09-17 10:05:35.252000,415.33037587857257,99
2024-09-17 10:05:35.269000,415.32835045629866,10
2024-09-17 10:05:35.282000,415.3137917868052,14
2024-09-17 10:05:35.329000,415.3133276465612,997
2024-09-17 10:05:35.365000,415.3288211387436,1000
2024-09-17 10:05:35.484000,415.31336325699937,11
2024-09-17 10:05:35.523000,415.33216427889215,97
2024-09-17 10:05:35.523000,415.3190074440749,99
2024-09-17 10:05:35.584000,415.3409183735125,105
2024-09-17 10:05:35.612000,415.2955577644208,12
2024-09-17 10:05:35.641000,415.3229743394535,1000
2024-09-17 10:05:35.749000,415.3167266894967,999
2024-09-17 10:05:35.753000,415.323937528409,102
2024-09-17 10:05:35.775000,415.3351520041636,95
2024-09-17 10:05:35.811000,415.3288359416448,15
2024-09-17 10:05:35.814000,415.32286063406747,9
2024-09-17 10:05:35.849000,415.2958580978461,100
2024-09-17 10:05:35.894000,415.3189342797821,7
2024-09-17 10:05:35.922000,415.3198223902568,998
2024-09-17 10:05:35.925000,415.3122134300298,13
2024-09-17 10:05:36.063000,415.36132951790273,10
2024-09-17 10:05:36.080000,415.3871572542977,996
2024-09-17 10:05:36.182000,415.37232353301096,14
2024-09-17 10:05:36.198000,415.3116387040144,15
2024-09-17 10:05:36.260000,415.3196635146589,95
2024-09-17 10:05:36.306000,415.3894092795735,14
2024-09-17 10:05:36.310000,415.32329772373606,12
2024-09-17 10:05:36.335000,415.33364259172254,998
2024-09-17 10:05:36.346000,415.3986830894921,102
2024-09-17 10:05:36.391000,415.327017656326,104
2024-09-17 10:05:36.398000,415.350424256248,1001
2024-09-17 10:05:36.520000,415.4236377071375,101
2024-09-17 10:05:36.559000,415.3924560233015,11
2024-09-17 10:05:36.565000,415.3454547142533,1005
2024-09-17 10:05:36.583000,415.4264157271717,98
2024-09-17 10:05:36.649000,415.3852321126069,1001
2024-09-17 10:05:36.670000,415.38903564813086,1005
2024-09-17 10:05:36.710000,415.37278036873727,1002
2024-09-17 10:05:36.731000,415.433032222736,1001
2024-09-17 10:05:36.742000,415.3241511831161,995
2024-09-17 10:05:36.910000,415.3917569421391,1001
2024-09-17 10:05:36.961000,415.3999653681331,95
2024-09-17 10:05:36.993000,415.4199825112995,104
2024-09-17 10:05:36.998000,415.4073721354591,95
2024-09-17 10:05:37.012000,415.4337750196863,98
2024-09-17 10:05:37.019000,415.4200968831895,998
2024-09-17 10:05:37.025000,415.4110368754978,1005
2024-09-17 10:05:37.076000,415.4209961774869,9
2024-09-17 10:05:37.109000,415.4262991144161,995
2024-09-17 10:05:37.140000,415.4429959017687,996
2024-09-17 10:05:37.175000,415.4505772938375,98
2024-09-17 10:05:37.421000,415.411782892363,14
2024-09-17 10:05:37.460000,415.4073777492134,998
2024-09-17 10:05:37.584000,415.4158392704951,105
2024-09-17 10:05:37.587000,415.4090469525149,1004
2024-09-17 10:05:37.661000,415.4495541112582,1000
2024-09-17 10:05:37.664000,415.3990526778537,1003
2024-09-17 10:05:37.666000,415.4033843109266,13
2024-09-17 10:05:37.668000,415.4152783515297,15
2024-09-17 10:05:37.678000,415.4239525755476,99
2024-09-17 10:05:37.745000,415.4023849022599,1005
2024-09-17 10:05:37.758000,415.4401997440855,995
2024-09-17 10:05:37.766000,415.4188716205133,105
2024-09-17 10:05:37.773000,415.4480562329902,1000
2024-09-17 10:05:37.796000,415.4375156456383,103
2024-09-17 10:05:37.840000,415.4290872396053,15
2024-09-17 10:05:37.854000,415.4280105708613,12
2024-09-17 10:05:37.859000,415.4101457284713,1001
2024-09-17 10:05:37.894000,415.4475523601768,1005
2024-09-17 10:05:37.928000,415.406339694045,100
2024-09-17 10:05:37.959000,415.4162890102013,105
2024-09-17 10:05:38.013000,415.3732210338732,100
2024-09-17 10:05:38.018000,415.3712389268069,10
2024-09-17 10:05:38.045000,415.4107394088242,96
2024-09-17 10:05:38.066000,415.27046089443127,997
2024-09-17 10:05:38.092000,415.3059074766819,104
2024-09-17 10:05:38.099000,415.3985860444175,1002
2024-09-17 10:05:38.124000,415.2700317021073,998
2024-09-17 10:05:38.206000,415.38148044765904,1002
2024-09-17 10:05:38.272000,415.3811295900628,1005
2024-09-17 10:05:38.287000,415.3649056637034,1003
2024-09-17 10:05:38.313000,415.3332386579335,1004
2024-09-17 10:05:38.330000,415.4455621412404,1005
2024-09-17 10:05:38.358000,415.36444546548006,1004
2024-09-17 10:05:38.399000,415.4031771973862,11
2024-09-17 10:05:38.413000,415.3771076887215,9
2024-09-17 10:05:38.465000,415.31175900274553,997
2024-09-17 10:05:38.483000,415.2760803940026,99
2024-09-17 10:05:38.498000,415.35018821791766,98
2024-09-17 10:05:38.500000,415.3778557305711,6
2024-09-17 10:05:38.515000,415.35741154110127,10
2024-09-17 10:05:38.520000,415.3607854631967,99
2024-09-17 10:05:38.552000,415.4059408520061,99
2024-09-17 10:05:38.625000,415.3701196507345,101
2024-09-17 10:05:38.684000,415.410820534074,1002
2024-09-17 10:05:38.766000,415.338637164556,100
2024-09-17 10:05:38.783000,415.3063315976289,9
2024-09-17 10:05:38.939000,415.3854429595138,100
2024-09-17 10:05:38.988000,415.2815910056784,7
2024-09-17 10:05:39.127000,415.2340741596486,99
2024-09-17 10:05:39.183000,415.2391973514016,6
2024-09-17 10:05:39.208000,415.2241639597708,101
2024-09-17 10:05:39.241000,415.2303559701708,98
2024-09-17 10:05:39.272000,415.23793351767983,14
2024-09-17 10:05:39.272000,415.24307704901565,11
2024-09-17 10:05:39.313000,415.24482611441965,12
2024-09-17 10:05:39.400000,415.2257203499007,996
2024-09-17 10:05:39.417000,415.2873693063711,1005
2024-09-17 10:05:39.459000,415.25847897510863,1005
2024-09-17 10:05:39.468000,415.2306473104808,1003
2024-09-17 10:05:39.469000,415.24443100811584,98
2024-09-17 10:05:39.470000,415.2753873275795,11
2024-09-17 10:05:39.511000,415.24260678378425,999
2024-09-17 10:05:39.537000,415.27464492653854,9
2024-09-17 10:05:39.548000,415.22722989927416,103
2024-09-17 10:05:39.598000,415.2454334022253,1005
2024-09-17 10:05:39.599000,415.2559391850787,995
2024-09-17 10:05:39.689000,415.2510326296563,996
2024-09-17 10:05:39.734000,415.2424487606127,103
2024-09-17 10:05:39.821000,415.2688592808661,1005
2024-09-17 10:05:39.859000,415.23890096339073,1000
2024-09-17 10:05:40.006000,415.2336608222846,103
2024-09-17 10:05:40.098000,415.2534921850089,1002
2024-09-17 10:05:40.186000,415.28700143660575,99
2024-09-17 10:05:40.330000,415.2577705000114,12
2024-09-17 10:05:40.340000,415.26497822503694,995
2024-09-17 10:05:40.344000,415.2377339462708,11
2024-09-17 10:05:40.400000,415.2734143843927,103
2024-09-17 10:05:40.465000,415.2613643828735,11
2024-09-17 10:05:40.469000,415.2808488359299,14
2024-09-17 10:05:40.488000,415.26058649409975,105
2024-09-17 10:05:40.489000,415.2719288960007,105
2024-09-17 10:05:40.515000,415.2580937231546,999
2024-09-17 10:05:40.537000,415.2706435894154,7
2024-09-17 10:05:40.605000,415.25191187153047,7
2024-09-17 10:05:40.608000,415.24114060414206,15
2024-09-17 10:05:40.668000,415.2576760825991,102
2024-09-17 10:05:40.771000,415.256643294969,1003
2024-09-17 10:05:40.816000,415.2445878683659,996
2024-09-17 10:05:40.819000,415.2643444726936,105
2024-09-17 10:05:40.895000,415.2567725717176,15
2024-09-17 10:05:40.960000,415.2417775073404,104
2024-09-17 10:05:41.299000,415.25357688861766,6
2024-09-17 10:05:41.582000,415.25736529014426,99
2024-09-17 10:05:41.737000,415.266103704567,105
2024-09-17 10:05:41.797000,415.2727520401231,996
2024-09-17 10:05:42.190000,415.2532261777374,96
2024-09-17 10:05:42.706000,415.2615721033104,995
2024-09-17 10:05:43.018000,415.2905318855925,1002
2024-09-17 10:05:43.145000,415.27584034785673,12
2024-09-17 10:05:43.156000,415.25615982198536,10
2024-09-17 10:05:43.234000,415.3068403064108,98
2024-09-17 10:05:43.253000,415.2376654338118,9
2024-09-17 10:05:43.308000,415.2375086340196,14
2024-09-17 10:05:43.331000,415.2382361487172,5
2024-09-17 10:05:43.413000,415.3040692390791,97
2024-09-17 10:05:43.421000,415.3182826163916,1002
2024-09-17 10:05:43.558000,415.28722605762,105
2024-09-17 10:05:43.664000,415.3015584240107,98
2024-09-17 10:05:43.753000,415.2605253507917,8
2024-09-17 10:05:43.788000,415.2872851521235,6
2024-09-17 10:05:43.869000,415.2493508763047,14
2024-09-17 10:05:43.894000,415.25867047003567,15
2024-09-17 10:05:43.956000,415.2612372340682,101
2024-09-17 10:05:43.967000,415.29409768164,1004
2024-09-17 10:05:44.027000,415.2235549432983,95
2024-09-17 10:05:44.034000,415.153335499188,1002
2024-09-17 10:05:44.066000,415.13374852832607,7
2024-09-17 10:05:44.085000,415.2034176426336,1001
2024-09-17 10:05:44.128000,415.2346519222917,1002
2024-09-17 10:05:44.147000,415.2299499017237,100
2024-09-17 10:05:44.197000,415.2258150218559,999
2024-09-17 10:05:44.241000,415.13960175229033,998
2024-09-17 10:05:44.368000,415.2313258670371,1001
2024-09-17 10:05:44.462000,415.2532076057346,1000
2024-09-17 10:05:44.516000,415.1638788510572,1003
2024-09-17 10:05:44.545000,415.22421418570553,1003
2024-09-17 10:05:44.556000,415.2347002770437,102
2024-09-17 10:05:44.601000,415.2533058011553,96
2024-09-17 10:05:44.646000,415.23761015107385,15
2024-09-17 10:05:44.717000,415.1913172772639,6
2024-09-17 10:05:44.822000,415.1367403067319,11
2024-09-17 10:05:44.824000,415.1815055183917,15
2024-09-17 10:05:44.858000,415.1705305711159,1004
2024-09-17 10:05:44.868000,415.2236287902131,1002
2024-09-17 10:05:44.967000,415.1418652547866,96
2024-09-17 10:05:44.968000,415.21651152887904,13
2024-09-17 10:05:45.072000,415.1407222036576,95
2024-09-17 10:05:45.075000,415.1215907464446,999
2024-09-17 10:05:45.224000,415.149766481222,1000
2024-09-17 10:05:45.227000,415.1540238649241,8
2024-09-17 10:05:45.227000,415.1330324605687,8
2024-09-17 10:05:45.238000,415.1296882500649,996
2024-09-17 10:05:45.379000,415.13662861611584,998
2024-09-17 10:05:45.424000,415.12924994444734,9
2024-09-17 10:05:45.453000,415.1341742792786,997
2024-09-17 10:05:45.695000,415.1592720623927,997
2024-09-17 10:05:45.789000,415.1591763070596,14
2024-09-17 10:05:45.816000,415.1550268740562,5
2024-09-17 10:05:46.041000,415.1448439691687,997
2024-09-17 10:05:46.339000,415.17756844347207,12
2024-09-17 10:05:46.380000,415.1599086446842,9
2024-09-17 10:05:46.454000,415.16312558885096,1002
2024-09-17 10:05:47.168000,415.1525671541547,8
2024-09-17 10:05:47.293000,415.1726995191953,14
2024-09-17 10:05:47.298000,415.16008927032834,102
2024-09-17 10:05:47.430000,415.14809966282735,95
2024-09-17 10:05:47.517000,415.1179977602189,1002
2024-09-17 10:05:47.520000,415.1650058845641,999
2024-09-17 10:05:47.704000,415.1284130916634,13
2024-09-17 10:05:47.833000,415.1534374665715,996
2024-09-17 10:05:47.858000,415.1594778354417,1003
2024-09-17 10:05:47.863000,415.1466235222678,97
2024-09-17 10:05:47.900000,415.1076633233212,15
2024-09-17 10:05:48.046000,415.1165846502674,995
2024-09-17 10:05:48.052000,415.0807625804167,103
2024-09-17 10:05:48.123000,415.1048585609228,1003
2024-09-17 10:05:48.209000,415.12852363294434,11
2024-09-17 10:05:48.222000,415.1210315489848,7
2024-09-17 10:05:48.305000,415.0982311609969,96
2024-09-17 10:05:48.568000,415.108960674392,105
2024-09-17 10:05:48.611000,415.0620172203922,6
2024-09-17 10:05:48.656000,415.0795476706449,995
2024-09-17 10:05:48.723000,415.080448216231,10
2024-09-17 10:05:48.800000,415.0729210143095,998
2024-09-17 10:05:48.927000,415.1272287915298,12
2024-09-17 10:05:48.974000,415.1420528904932,1002
2024-09-17 10:05:49.001000,415.0637782806141,1002
2024-09-17 10:05:49.014000,415.0699851468944,1002
2024-09-17 10:05:49.144000,415.06441193519527,103
2024-09-17 10:05:49.201000,415.0621514549507,95
2024-09-17 10:05:49.547000,415.0615355603435,95
2024-09-17 10:05:50.077000,415.0676281776432,95
2024-09-17 10:05:50.161000,415.1136479858949,11
2024-09-17 10:05:50.172000,415.1668858690614,13
2024-09-17 10:05:50.205000,415.0601289410672,1000
2024-09-17 10:05:50.208000,415.17718194641947,97
2024-09-17 10:05:50.209000,415.1701329114081,105
2024-09-17 10:05:50.226000,415.15435580067503,10
2024-09-17 10:05:50.238000,415.1036690995913,5
2024-09-17 10:05:50.240000,415.16633005537824,102
2024-09-17 10:05:50.325000,415.146131557969,15
2024-09-17 10:05:50.361000,415.1362201594052,998
2024-09-17 10:05:50.364000,415.1064834674149,1001
2024-09-17 10:05:50.368000,415.1797867496963,999
2024-09-17 10:05:50.407000,415.1462289900361,15
2024-09-17 10:05:50.417000,415.0888374226615,96
2024-09-17 10:05:50.443000,415.1353372620288,104
2024-09-17 10:05:50.449000,415.1628882176769,995
2024-09-17 10:05:50.495000,415.1519122125353,102
2024-09-17 10:05:50.497000,415.1809721567666,98
2024-09-17 10:05:50.550000,415.1428441698624,102
2024-09-17 10:05:50.575000,415.13142731553233,95
2024-09-17 10:05:50.577000,415.14272508329685,1003
2024-09-17 10:05:50.639000,415.16570450942254,102
2024-09-17 10:05:50.771000,415.1425383959329,11
2024-09-17 10:05:50.836000,415.1430071863414,996
2024-09-17 10:05:50.840000,415.1446297508272,99
2024-09-17 10:05:50.943000,415.07160402352974,1002
2024-09-17 10:05:50.946000,415.12842119979655,14
2024-09-17 10:05:50.980000,415.1553935221618,14
2024-09-17 10:05:51.039000,415.21715081727984,8
2024-09-17 10:05:51.064000,415.1910896276972,999
2024-09-17 10:05:51.071000,415.2245815357341,11
2024-09-17 10:05:51.081000,415.2058125297089,96
2024-09-17 10:05:51.105000,415.1935887908593,6
2024-09-17 10:05:51.196000,415.2166111980047,1005
2024-09-17 10:05:51.258000,415.22437012070753,7
2024-09-17 10:05:51.264000,415.2329062830066,1002
2024-09-17 10:05:51.265000,415.2190250357452,1002
2024-09-17 10:05:51.293000,415.2274037330183,998
2024-09-17 10:05:51.303000,415.2413499879664,1005
2024-09-17 10:05:51.337000,415.1781735664496,95
2024-09-17 10:05:51.403000,415.1901105798384,1002
2024-09-17 10:05:51.429000,415.2149371090712,996
2024-09-17 10:05:51.488000,415.2184945658156,11
2024-09-17 10:05:51.552000,415.21611402186176,103
2024-09-17 10:05:51.778000,415.1757032007229,13
2024-09-17 10:05:51.812000,415.2081856094732,6
2024-09-17 10:05:51.862000,415.2205065864624,97
2024-09-17 10:05:51.916000,415.20715456810063,995
2024-09-17 10:05:51.983000,415.19776338754986,1004
2024-09-17 10:05:52.111000,415.2238441661585,15
2024-09-17 10:05:52.275000,415.2071695771609,5
2024-09-17 10:05:52.476000,415.1985507260982,104
2024-09-17 10:05:52.560000,415.1784185967044,1005
2024-09-17 10:05:52.566000,415.2031901030355,996
2024-09-17 10:05:52.853000,415.1736391282506,1001
2024-09-17 10:05:52.992000,415.17524523442216,15
2024-09-17 10:05:52.993000,415.2045819109164,97
2024-09-17 10:05:53.034000,415.2134811829439,999
2024-09-17 10:05:53.139000,415.2154263689195,10
2024-09-17 10:05:53.170000,415.2293886921928,7
2024-09-17 10:05:53.208000,415.219000242105,97
2024-09-17 10:05:53.215000,415.15798175447,97
2024-09-17 10:05:53.245000,415.21392836347707,105
2024-09-17 10:05:53.286000,415.1747030487607,1005
2024-09-17 10:05:53.472000,415.1809360506894,102
2024-09-17 10:05:53.551000,415.2297940522616,95
2024-09-17 10:05:53.611000,415.22608086844025,1004
2024-09-17 10:05:53.646000,415.2364859773407,7
2024-09-17 10:05:53.758000,415.1876948455912,6
2024-09-17 10:05:53.790000,415.19269185750665,1002
2024-09-17 10:05:53.805000,415.1768984595687,96
2024-09-17 10:05:53.939000,415.1892954266359,8
2024-09-17 10:05:53.979000,415.2005954353229,99
2024-09-17 10:05:54.046000,415.1990077967102,11
2024-09-17 10:05:54.134000,415.2107623461658,105
2024-09-17 10:05:54.143000,415.2183748754055,100
2024-09-17 10:05:54.194000,415.2051098885337,95
2024-09-17 10:05:54.629000,415.2059064576204,97
2024-09-17 10:05:54.871000,415.19664923036015,1003
2024-09-17 10:05:54.876000,415.2152816777016,102
2024-09-17 10:05:55.008000,415.17333780472006,1001
2024-09-17 10:05:55.020000,415.23391277425566,105
2024-09-17 10:05:55.062000,415.2065886220132,5
2024-09-17 10:05:55.073000,415.1952284932638,6
2024-09-17 10:05:55.145000,415.2247652221014,100
2024-09-17 10:05:55.151000,415.2185777562757,8
2024-09-17 10:05:55.175000,415.1940265503253,997
2024-09-17 10:05:55.251000,415.2277109265332,97
2024-09-17 10:05:55.258000,415.2590206764268,102
2024-09-17 10:05:55.283000,415.22243326997534,12
2024-09-17 10:05:55.367000,415.2205559992979,999
2024-09-17 10:05:55.416000,415.1903829275986,995
2024-09-17 10:05:55.425000,415.18146975514486,7
2024-09-17 10:05:55.473000,415.2420683008336,99
2024-09-17 10:05:55.492000,415.1755324962052,999
2024-09-17 10:05:55.566000,415.2279163369472,102
2024-09-17 10:05:55.593000,415.20584692265896,1002
2024-09-17 10:05:55.655000,415.24149291606153,10
2024-09-17 10:05:55.716000,415.2180984869689,1004
2024-09-17 10:05:55.741000,415.1886336057092,101
2024-09-17 10:05:55.825000,415.2028033447949,15
2024-09-17 10:05:55.835000,415.233180789156,996
2024-09-17 10:05:55.848000,415.2211395300528,13
2024-09-17 10:05:55.872000,415.2206469376477,1003
2024-09-17 10:05:55.879000,415.22227800083147,6
2024-09-17 10:05:56.149000,415.24322043581833,6
2024-09-17 10:05:56.233000,415.2701347577012,105
2024-09-17 10:05:56.305000,415.2575997861288,1004
2024-09-17 10:05:56.391000,415.2401454846424,100
2024-09-17 10:05:56.633000,415.2300593693482,997
2024-09-17 10:05:56.633000,415.2214867020245,1004
2024-09-17 10:05:56.637000,415.23566221919566,9
2024-09-17 10:05:56.712000,415.2579882178964,9
2024-09-17 10:05:56.847000,415.23844173996486,13
2024-09-17 10:05:56.863000,415.25847100952586,96
2024-09-17 10:05:56.879000,415.2524709540779,995
2024-09-17 10:05:56.981000,415.237550302732,96
2024-09-17 10:05:57.116000,415.13678353396233,997
2024-09-17 10:05:57.144000,415.2984891283309,997
2024-09-17 10:05:57.180000,415.253956138374,9
2024-09-17 10:05:57.188000,415.30075003933,12
2024-09-17 10:05:57.198000,415.2242203874189,997
2024-09-17 10:05:57.281000,415.2619994260709,6
2024-09-17 10:05:57.313000,415.2720549431253,101
2024-09-17 10:05:57.321000,415.1560216397912,14
2024-09-17 10:05:57.326000,415.2917504187378,10
2024-09-17 10:05:57.407000,415.270837640094,96
2024-09-17 10:05:57.437000,415.17332677420274,102
2024-09-17 10:05:57.451000,415.2696870578931,1005
2024-09-17 10:05:57.453000,415.14858447758,998
2024-09-17 10:05:57.454000,415.1966499589791,5
2024-09-17 10:05:57.455000,415.2500406417441,96
2024-09-17 10:05:57.464000,415.2093939587123,11
2024-09-17 10:05:57.470000,415.2634192349028,996
2024-09-17 10:05:57.498000,415.1471222531121,8
2024-09-17 10:05:57.507000,415.28627710204415,12
2024-09-17 10:05:57.512000,415.2678268751296,96
2024-09-17 10:05:57.571000,415.2195967110002,95
2024-09-17 10:05:57.707000,415.2718411907431,98
2024-09-17 10:05:57.736000,415.2977458036035,100
2024-09-17 10:05:57.755000,415.1435916795495,101
2024-09-17 10:05:57.778000,415.2916150847034,1005
2024-09-17 10:05:57.965000,415.29107622420753,1004
2024-09-17 10:05:58.118000,415.1280073738377,996
2024-09-17 10:05:58.253000,415.1419312603798,14
2024-09-17 10:05:58.678000,415.12512174926,101
2024-09-17 10:05:58.789000,415.1267941530407,98
2024-09-17 10:05:59.011000,415.1552279141762,999
2024-09-17 10:05:59.038000,415.0362798993175,103
2024-09-17 10:05:59.080000,415.1108215347271,1005
2024-09-17 10:05:59.083000,415.0789376411017,1000
2024-09-17 10:05:59.119000,415.0551237013294,15
2024-09-17 10:05:59.144000,415.0706331284024,97
2024-09-17 10:05:59.287000,415.08363477090313,103
2024-09-17 10:05:59.322000,415.1028594155924,13
2024-09-17 10:05:59.356000,415.0772300848946,996
2024-09-17 10:05:59.371000,415.1131260414029,1003
2024-09-17 10:05:59.431000,415.1070079599861,1005
2024-09-17 10:05:59.432000,415.1629644690749,14
2024-09-17 10:05:59.460000,415.08331752278673,98
2024-09-17 10:05:59.503000,415.0728630619912,100
2024-09-17 10:05:59.532000,415.1121893456525,15
2024-09-17 10:05:59.556000,415.1677690106157,105
2024-09-17 10:05:59.586000,415.0620303628403,14
2024-09-17 10:05:59.614000,415.0791544985359,98
2024-09-17 10:05:59.618000,415.10015914336856,995
2024-09-17 10:05:59.625000,415.1209918270038,12
2024-09-17 10:05:59.647000,415.0705055267457,1005
2024-09-17 10:05:59.715000,415.0444929947288,1004
2024-09-17 10:05:59.748000,415.1194234395656,996
2024-09-17 10:05:59.754000,415.1577954690183,7
2024-09-17 10:05:59.794000,415.1222426580793,1000
2024-09-17 10:05:59.832000,415.0388915700104,995
2024-09-17 10:05:59.846000,415.11953257988665,103
2024-09-17 10:05:59.940000,415.12257577344906,1005
