Timestamp,Price,Size
2024-09-19 12:32:00.373000,422.581017429031,95
2024-09-19 12:32:00.465000,422.5550010570833,100
2024-09-19 12:32:00.484000,422.5715866999629,998
2024-09-19 12:32:00.550000,422.5536513668528,1003
2024-09-19 12:32:00.568000,422.5446545828958,14
2024-09-19 12:32:00.571000,422.5640696570672,97
2024-09-19 12:32:00.727000,422.5563762532574,12
2024-09-19 12:32:00.791000,422.5592629950474,95
2024-09-19 12:32:01.969000,422.59317267722594,7
2024-09-19 12:32:02.872000,422.5844807207985,14
2024-09-19 12:32:03.005000,422.6033157132719,97
2024-09-19 12:32:03.156000,422.6028162396878,12
2024-09-19 12:32:03.175000,422.61077786520417,8
2024-09-19 12:32:03.257000,422.5896571736709,9
2024-09-19 12:32:03.623000,422.6052497195868,7
2024-09-19 12:32:03.656000,422.587894725299,1001
2024-09-19 12:32:03.696000,422.59958291267145,102
2024-09-19 12:32:03.711000,422.5897510614488,96
2024-09-19 12:32:03.767000,422.5936592596445,103
2024-09-19 12:32:03.800000,422.6133922672754,9
2024-09-19 12:32:03.890000,422.60965039476025,1000
2024-09-19 12:32:03.962000,422.5961306169906,13
2024-09-19 12:32:03.998000,422.5843440663662,998
2024-09-19 12:32:04.132000,422.66396965350526,1001
2024-09-19 12:32:04.133000,422.664415328976,105
2024-09-19 12:32:04.171000,422.67764361092657,96
2024-09-19 12:32:04.251000,422.60098510508345,102
2024-09-19 12:32:04.251000,422.651445339901,995
2024-09-19 12:32:04.262000,422.5995714958051,102
2024-09-19 12:32:04.274000,422.6758023613056,99
2024-09-19 12:32:04.348000,422.5914136306587,104
2024-09-19 12:32:04.423000,422.6721663143961,999
2024-09-19 12:32:04.467000,422.5897842178192,999
2024-09-19 12:32:04.502000,422.6501619406851,11
2024-09-19 12:32:04.528000,422.673434440114,6
2024-09-19 12:32:04.559000,422.6934181410076,1000
2024-09-19 12:32:04.584000,422.6681666868762,12
2024-09-19 12:32:04.591000,422.64577874242855,100
2024-09-19 12:32:04.620000,422.67973909845807,98
2024-09-19 12:32:04.640000,422.651178237315,99
2024-09-19 12:32:04.649000,422.6683428423476,99
2024-09-19 12:32:04.753000,422.6428996434006,101
2024-09-19 12:32:04.832000,422.68562563745934,10
2024-09-19 12:32:04.912000,422.62255761929424,7
2024-09-19 12:32:04.925000,422.69235170118543,95
2024-09-19 12:32:04.973000,422.5860563420776,103
2024-09-19 12:32:05.135000,422.68103185066224,11
2024-09-19 12:32:05.190000,422.7005724654854,995
2024-09-19 12:32:05.245000,422.6780185206862,6
2024-09-19 12:32:05.390000,422.6880422594605,7
2024-09-19 12:32:05.391000,422.66927977607617,104
2024-09-19 12:32:05.528000,422.709870300966,1001
2024-09-19 12:32:05.609000,422.7024279845732,98
2024-09-19 12:32:05.675000,422.7069589909127,1004
2024-09-19 12:32:05.681000,422.714468184775,996
2024-09-19 12:32:05.697000,422.68843946704345,7
2024-09-19 12:32:05.697000,422.7110554468087,103
2024-09-19 12:32:05.777000,422.6995498154896,11
2024-09-19 12:32:05.778000,422.7040842476316,96
2024-09-19 12:32:05.915000,422.708396425948,996
2024-09-19 12:32:05.918000,422.6722024993115,6
2024-09-19 12:32:06.016000,422.7186587865463,98
2024-09-19 12:32:06.034000,422.69581409932647,101
2024-09-19 12:32:06.046000,422.70054325143,999
2024-09-19 12:32:06.151000,422.68779216254217,8
2024-09-19 12:32:06.153000,422.7162995546005,10
2024-09-19 12:32:06.174000,422.711261806766,8
2024-09-19 12:32:06.187000,422.704489987556,15
2024-09-19 12:32:06.235000,422.7103115332856,104
2024-09-19 12:32:06.239000,422.7314408079983,104
2024-09-19 12:32:06.249000,422.71539856877257,1002
2024-09-19 12:32:06.265000,422.6889563116701,999
2024-09-19 12:32:06.266000,422.7144235908359,998
2024-09-19 12:32:06.276000,422.70859643409375,100
2024-09-19 12:32:06.371000,422.6952290776886,99
2024-09-19 12:32:06.378000,422.697788036927,95
2024-09-19 12:32:06.386000,422.6806917653121,13
2024-09-19 12:32:06.599000,422.6886834393272,1004
2024-09-19 12:32:06.615000,422.7133913588516,14
2024-09-19 12:32:06.678000,422.7084676629446,1002
2024-09-19 12:32:06.758000,422.7073911629984,12
2024-09-19 12:32:06.800000,422.70072493749313,99
2024-09-19 12:32:06.808000,422.71009356938646,97
2024-09-19 12:32:06.847000,422.7175821528874,11
2024-09-19 12:32:06.900000,422.6958263044766,102
2024-09-19 12:32:06.920000,422.7130262532916,99
2024-09-19 12:32:06.970000,422.70111269308944,995
2024-09-19 12:32:06.982000,422.7105737135733,99
2024-09-19 12:32:07.083000,422.6469356139346,11
2024-09-19 12:32:07.116000,422.6767924320872,105
2024-09-19 12:32:07.129000,422.6613316329299,12
2024-09-19 12:32:07.181000,422.6818798961653,100
2024-09-19 12:32:07.210000,422.6767386078553,96
2024-09-19 12:32:07.252000,422.68973663444825,1004
2024-09-19 12:32:07.544000,422.7228559374346,1001
2024-09-19 12:32:07.633000,422.6815530137549,97
2024-09-19 12:32:07.657000,422.7018714705779,997
2024-09-19 12:32:07.713000,422.6969823550987,997
2024-09-19 12:32:07.829000,422.6750055354561,998
2024-09-19 12:32:07.842000,422.6727379801642,99
2024-09-19 12:32:07.935000,422.67924856415306,997
2024-09-19 12:32:08.002000,422.6550643074333,1003
2024-09-19 12:32:08.019000,422.6635570510313,5
2024-09-19 12:32:08.059000,422.6695257266727,9
2024-09-19 12:32:08.072000,422.7155762105807,998
2024-09-19 12:32:08.081000,422.7027946310213,13
2024-09-19 12:32:08.110000,422.7189542299628,5
2024-09-19 12:32:08.262000,422.70261903977297,5
2024-09-19 12:32:08.312000,422.6621256569224,95
2024-09-19 12:32:08.368000,422.6906874118954,9
2024-09-19 12:32:08.474000,422.69895843003593,98
2024-09-19 12:32:08.486000,422.6582415961584,103
2024-09-19 12:32:08.495000,422.6553978387474,14
2024-09-19 12:32:08.672000,422.6512061604574,995
2024-09-19 12:32:08.834000,422.6894738654856,5
2024-09-19 12:32:08.870000,422.7112742013682,101
2024-09-19 12:32:08.936000,422.7247303195679,7
2024-09-19 12:32:08.972000,422.6485333423705,1001
2024-09-19 12:32:09.050000,422.70559313579065,12
2024-09-19 12:32:09.059000,422.7302407012538,1001
2024-09-19 12:32:09.124000,422.7018598725712,105
2024-09-19 12:32:09.324000,422.7247216497833,11
2024-09-19 12:32:09.524000,422.71224466879255,1004
2024-09-19 12:32:09.538000,422.74948603322247,14
2024-09-19 12:32:09.539000,422.7272808198385,104
2024-09-19 12:32:09.626000,422.7218040547767,14
2024-09-19 12:32:09.675000,422.719977053788,102
2024-09-19 12:32:09.701000,422.69487231705045,1004
2024-09-19 12:32:09.713000,422.7328033625456,102
2024-09-19 12:32:09.836000,422.7123552828658,11
2024-09-19 12:32:09.864000,422.7339957316254,13
2024-09-19 12:32:09.964000,422.7432241071552,995
2024-09-19 12:32:10.462000,422.74091512179086,13
2024-09-19 12:32:10.529000,422.7385760394428,7
2024-09-19 12:32:11.563000,422.7219601645453,6
2024-09-19 12:32:11.661000,422.7266008292745,102
2024-09-19 12:32:11.686000,422.75037704768977,104
2024-09-19 12:32:11.824000,422.7521765431631,1003
2024-09-19 12:32:11.825000,422.72218801582494,101
2024-09-19 12:32:12.229000,422.7580963255885,1005
2024-09-19 12:32:12.274000,422.7829316716518,996
2024-09-19 12:32:12.360000,422.7792358845896,8
2024-09-19 12:32:12.532000,422.7764107753715,996
2024-09-19 12:32:12.997000,422.7741524537139,97
2024-09-19 12:32:13.007000,422.7774495526229,103
2024-09-19 12:32:13.009000,422.7187756644252,95
2024-09-19 12:32:13.028000,422.7667291175028,1000
2024-09-19 12:32:13.041000,422.761583410971,101
2024-09-19 12:32:13.050000,422.7151730772116,97
2024-09-19 12:32:13.065000,422.7333578216621,100
2024-09-19 12:32:13.071000,422.777709885497,95
2024-09-19 12:32:13.079000,422.7889533968692,98
2024-09-19 12:32:13.159000,422.7545298159579,96
2024-09-19 12:32:13.165000,422.7510095461942,9
2024-09-19 12:32:13.166000,422.7512824227938,11
2024-09-19 12:32:13.179000,422.74965409054704,1001
2024-09-19 12:32:13.247000,422.7803987318875,1002
2024-09-19 12:32:13.369000,422.73724987235687,104
2024-09-19 12:32:13.392000,422.81056433390575,1000
2024-09-19 12:32:13.432000,422.7537498322455,102
2024-09-19 12:32:13.459000,422.7754122684916,104
2024-09-19 12:32:13.465000,422.7718576544278,997
2024-09-19 12:32:13.470000,422.7707669185677,1004
2024-09-19 12:32:13.506000,422.78580422179607,1002
2024-09-19 12:32:13.546000,422.7719899364354,1004
2024-09-19 12:32:13.561000,422.7780256409446,95
2024-09-19 12:32:13.699000,422.76348572039126,97
2024-09-19 12:32:13.756000,422.7634329164562,96
2024-09-19 12:32:13.782000,422.7785674351785,1001
2024-09-19 12:32:13.787000,422.7540651964414,11
2024-09-19 12:32:13.855000,422.7350654130023,5
2024-09-19 12:32:13.863000,422.8219004229614,996
2024-09-19 12:32:13.970000,422.7560617116119,1005
2024-09-19 12:32:14.006000,422.88175042576376,1004
2024-09-19 12:32:14.016000,422.8636230907404,996
2024-09-19 12:32:14.050000,422.839259797208,6
2024-09-19 12:32:14.072000,422.9015318566876,14
2024-09-19 12:32:14.122000,422.8294460059507,995
2024-09-19 12:32:14.164000,422.8205642881106,12
2024-09-19 12:32:14.250000,422.8902061908429,95
2024-09-19 12:32:14.290000,422.90429311565606,102
2024-09-19 12:32:14.397000,422.8982787460493,96
2024-09-19 12:32:14.401000,422.8091644137581,1005
2024-09-19 12:32:14.443000,422.8239476989274,1000
2024-09-19 12:32:14.459000,422.9245497140055,5
2024-09-19 12:32:14.487000,422.8924269677924,8
2024-09-19 12:32:14.599000,422.8819704805548,1000
2024-09-19 12:32:14.600000,422.8315093235734,104
2024-09-19 12:32:14.607000,422.8198435493381,996
2024-09-19 12:32:14.669000,422.84347864287,1005
2024-09-19 12:32:14.673000,422.8414638256704,13
2024-09-19 12:32:14.700000,422.8232754362739,95
2024-09-19 12:32:14.705000,422.9138699980993,998
2024-09-19 12:32:15.071000,422.94488893708825,7
2024-09-19 12:32:15.087000,422.9657883583332,103
2024-09-19 12:32:15.370000,422.9711297264829,7
2024-09-19 12:32:15.375000,422.9399416757888,104
2024-09-19 12:32:15.380000,422.9507111327088,98
2024-09-19 12:32:15.410000,422.9431657060535,999
2024-09-19 12:32:15.420000,422.951529136912,995
2024-09-19 12:32:15.486000,422.9277461506063,5
2024-09-19 12:32:15.499000,422.89726742607183,999
2024-09-19 12:32:15.516000,422.9591675928759,995
2024-09-19 12:32:15.555000,422.9256984091219,995
2024-09-19 12:32:15.584000,422.9600188568753,1002
2024-09-19 12:32:15.592000,422.9444768085224,996
2024-09-19 12:32:15.650000,422.9403520893059,12
2024-09-19 12:32:15.693000,422.88816312083753,7
2024-09-19 12:32:15.717000,422.9181784093861,14
2024-09-19 12:32:15.750000,422.9369428113235,997
2024-09-19 12:32:15.770000,422.9018968323067,6
2024-09-19 12:32:15.793000,422.8922561138775,97
2024-09-19 12:32:15.896000,422.945822755701,997
2024-09-19 12:32:16.017000,422.9352350694826,7
2024-09-19 12:32:16.040000,422.9876655301023,13
2024-09-19 12:32:16.106000,422.9807777407762,996
2024-09-19 12:32:16.126000,422.9436668084182,97
2024-09-19 12:32:16.153000,422.92902186371015,95
2024-09-19 12:32:16.183000,422.9590586277848,1004
2024-09-19 12:32:16.286000,422.965010747585,99
2024-09-19 12:32:16.352000,422.9156084949352,1005
2024-09-19 12:32:16.592000,422.9781564190177,5
2024-09-19 12:32:16.593000,422.9493304706348,102
2024-09-19 12:32:16.649000,422.9155087781429,96
2024-09-19 12:32:16.662000,422.9758394814265,7
2024-09-19 12:32:16.689000,422.9783044138196,103
2024-09-19 12:32:16.708000,422.9233884656809,10
2024-09-19 12:32:16.818000,422.9799687343159,1000
2024-09-19 12:32:16.846000,422.96233247011946,5
2024-09-19 12:32:16.852000,422.989544401081,9
2024-09-19 12:32:16.973000,422.9520976481048,97
2024-09-19 12:32:17.072000,422.9388273547365,13
2024-09-19 12:32:17.121000,422.91824943245166,7
2024-09-19 12:32:17.141000,422.9136535886167,996
2024-09-19 12:32:17.298000,422.9564997134983,11
2024-09-19 12:32:17.323000,422.91446858770513,96
2024-09-19 12:32:17.324000,422.9182726491465,10
2024-09-19 12:32:17.329000,422.99068166799225,1005
2024-09-19 12:32:17.341000,422.93799136029895,103
2024-09-19 12:32:17.405000,423.0231577585714,13
2024-09-19 12:32:17.423000,422.95872420429015,999
2024-09-19 12:32:17.465000,422.9351026155312,12
2024-09-19 12:32:17.515000,422.97863736641847,1004
2024-09-19 12:32:17.589000,423.0038219769483,999
2024-09-19 12:32:17.612000,422.9502696321021,997
2024-09-19 12:32:17.658000,422.943814426186,1001
2024-09-19 12:32:17.669000,422.93495618497286,997
2024-09-19 12:32:17.671000,422.98152036410943,98
2024-09-19 12:32:17.676000,422.9446220410152,6
2024-09-19 12:32:17.680000,423.006434397508,9
2024-09-19 12:32:17.796000,422.9407118274334,1004
2024-09-19 12:32:17.855000,422.9670143818175,11
2024-09-19 12:32:17.880000,422.95040972960976,12
2024-09-19 12:32:17.883000,422.9880363339678,10
2024-09-19 12:32:17.952000,423.0063210500822,995
2024-09-19 12:32:17.969000,423.00435333181593,6
2024-09-19 12:32:17.977000,422.9770408429825,105
2024-09-19 12:32:17.993000,422.925117400285,1001
2024-09-19 12:32:18.053000,423.03625437454986,11
2024-09-19 12:32:18.109000,422.9776247162913,95
2024-09-19 12:32:18.387000,423.0025158007944,996
2024-09-19 12:32:18.499000,422.96574817692255,12
2024-09-19 12:32:18.517000,423.0146597471519,995
2024-09-19 12:32:18.541000,422.9895910547378,7
2024-09-19 12:32:18.679000,423.00020100808496,997
2024-09-19 12:32:18.769000,422.9969988975754,6
2024-09-19 12:32:19.050000,423.02039900105,1005
2024-09-19 12:32:19.137000,423.0230056564868,8
2024-09-19 12:32:19.160000,423.0663217694803,1002
2024-09-19 12:32:19.191000,423.0065583484304,15
2024-09-19 12:32:19.382000,423.00657635298194,100
2024-09-19 12:32:19.393000,423.0035069484335,1001
2024-09-19 12:32:19.538000,423.0164552478458,997
2024-09-19 12:32:19.781000,422.99967361218586,996
2024-09-19 12:32:19.893000,423.005351027237,15
2024-09-19 12:32:19.979000,423.0033626161929,8
2024-09-19 12:32:20.096000,423.0830740001162,99
2024-09-19 12:32:20.121000,423.0768508940672,97
2024-09-19 12:32:20.644000,423.06706730054873,97
2024-09-19 12:32:21.222000,423.11182289960885,1005
2024-09-19 12:32:21.273000,423.117231972366,995
2024-09-19 12:32:21.316000,423.1168486260967,6
2024-09-19 12:32:21.323000,423.1178979354592,102
2024-09-19 12:32:21.410000,423.1136051749439,1000
2024-09-19 12:32:21.623000,423.0934141765524,1003
2024-09-19 12:32:21.735000,423.1315455521785,1002
2024-09-19 12:32:21.780000,423.1230802122353,8
2024-09-19 12:32:21.814000,423.1122352596573,7
2024-09-19 12:32:21.971000,423.139966195363,103
2024-09-19 12:32:21.984000,423.1231508813749,96
2024-09-19 12:32:21.992000,423.1224566655407,1000
2024-09-19 12:32:22.143000,423.1293387672056,1004
2024-09-19 12:32:22.169000,423.1411648172567,1003
2024-09-19 12:32:22.182000,423.14675512881286,9
2024-09-19 12:32:22.329000,423.11763689920656,12
2024-09-19 12:32:22.329000,423.15279903050674,97
2024-09-19 12:32:22.557000,423.1636677444322,10
2024-09-19 12:32:22.674000,423.11557365214617,9
2024-09-19 12:32:22.697000,423.1622591727867,10
2024-09-19 12:32:22.706000,423.1474987669373,12
2024-09-19 12:32:22.921000,423.1595233982829,1005
2024-09-19 12:32:22.929000,423.1185125978503,13
2024-09-19 12:32:22.939000,423.12252786587015,14
2024-09-19 12:32:23.020000,423.0977414852867,95
2024-09-19 12:32:23.141000,423.10847875458165,104
2024-09-19 12:32:23.158000,423.15085110221867,15
2024-09-19 12:32:23.294000,423.1206600897233,1005
2024-09-19 12:32:23.342000,423.1486334837132,995
2024-09-19 12:32:23.345000,423.1884998752666,5
2024-09-19 12:32:23.387000,423.1783521681726,1001
2024-09-19 12:32:23.433000,423.1709031204322,5
2024-09-19 12:32:23.462000,423.17200965240335,7
2024-09-19 12:32:23.597000,423.165894278573,96
2024-09-19 12:32:23.763000,423.0981391396927,997
2024-09-19 12:32:23.813000,423.165148869221,8
2024-09-19 12:32:23.831000,423.0993634045028,5
2024-09-19 12:32:23.881000,423.1681930802504,1004
2024-09-19 12:32:24.083000,423.1100266110884,103
2024-09-19 12:32:24.084000,423.0981852551542,1001
2024-09-19 12:32:24.186000,423.09843123169856,6
2024-09-19 12:32:24.193000,423.1081344335834,996
2024-09-19 12:32:24.216000,423.08843362898966,99
2024-09-19 12:32:24.219000,423.0895855882364,995
2024-09-19 12:32:24.222000,423.1068761702757,101
2024-09-19 12:32:24.241000,423.10601041032976,999
2024-09-19 12:32:24.357000,423.0990531026998,5
2024-09-19 12:32:24.367000,423.11371702190615,1005
2024-09-19 12:32:24.400000,423.10269216944255,997
2024-09-19 12:32:24.433000,423.1077820655246,9
2024-09-19 12:32:24.684000,423.1187102631704,6
2024-09-19 12:32:24.732000,423.1075776815076,998
2024-09-19 12:32:24.847000,423.1200924011729,9
2024-09-19 12:32:24.966000,423.0947004629666,6
2024-09-19 12:32:25.062000,423.0849532592943,1001
2024-09-19 12:32:25.188000,423.06842320755874,5
2024-09-19 12:32:25.683000,423.0891404894701,96
2024-09-19 12:32:25.737000,423.066678174508,1000
2024-09-19 12:32:25.907000,423.0800368976776,11
2024-09-19 12:32:25.910000,423.09159151079456,13
2024-09-19 12:32:26.131000,423.1071648586371,7
2024-09-19 12:32:26.232000,423.13855542564113,9
2024-09-19 12:32:26.254000,423.0952124564976,1005
2024-09-19 12:32:26.320000,423.1115276120789,104
2024-09-19 12:32:26.557000,423.1112736017585,104
2024-09-19 12:32:26.570000,423.1298611022984,1003
2024-09-19 12:32:26.712000,423.08690629256654,12
2024-09-19 12:32:26.905000,423.092113873176,101
2024-09-19 12:32:26.981000,423.0908741460543,15
2024-09-19 12:32:27.044000,423.1006233007279,998
2024-09-19 12:32:27.077000,423.1046281555521,15
2024-09-19 12:32:27.114000,423.0878062895229,997
2024-09-19 12:32:27.148000,423.0625182147109,995
2024-09-19 12:32:27.228000,423.1276666082032,102
2024-09-19 12:32:27.275000,423.1033732850514,95
2024-09-19 12:32:27.277000,423.127055607264,998
2024-09-19 12:32:27.280000,423.0872314377977,1005
2024-09-19 12:32:27.320000,423.0997720885919,10
2024-09-19 12:32:27.333000,423.0997992291416,102
2024-09-19 12:32:27.400000,423.1426859396343,100
2024-09-19 12:32:27.431000,423.103151608878,5
2024-09-19 12:32:27.431000,423.0976545558647,101
2024-09-19 12:32:27.438000,423.100520186298,99
2024-09-19 12:32:27.456000,423.1571502917908,1000
2024-09-19 12:32:27.480000,423.12838627734135,11
2024-09-19 12:32:27.511000,423.0955586668709,100
2024-09-19 12:32:27.622000,423.1002801039861,105
2024-09-19 12:32:27.655000,423.09464094737626,5
2024-09-19 12:32:27.752000,423.0804799740931,7
2024-09-19 12:32:27.814000,423.0941646482903,1005
2024-09-19 12:32:27.944000,423.0767270793152,99
2024-09-19 12:32:28.098000,423.0708851992339,12
2024-09-19 12:32:28.281000,423.07365428764825,1003
2024-09-19 12:32:28.566000,423.1074420103382,1000
2024-09-19 12:32:28.579000,423.0729563783669,1003
2024-09-19 12:32:28.762000,423.07718645570674,103
2024-09-19 12:32:28.890000,423.07984556601474,7
2024-09-19 12:32:28.891000,423.0923372556516,98
2024-09-19 12:32:28.917000,423.0758930921174,7
2024-09-19 12:32:28.986000,423.05217753011146,15
2024-09-19 12:32:29.169000,423.0942209376141,996
2024-09-19 12:32:29.178000,423.0456876924077,12
2024-09-19 12:32:29.228000,423.0802575112732,100
2024-09-19 12:32:29.232000,423.09483230998336,998
2024-09-19 12:32:29.265000,423.0328559282706,998
2024-09-19 12:32:29.339000,423.0835127483596,105
2024-09-19 12:32:29.441000,423.03646838505136,1004
2024-09-19 12:32:29.458000,423.0578641836909,14
2024-09-19 12:32:29.571000,423.0704967424903,100
2024-09-19 12:32:29.588000,423.0555277504512,1001
2024-09-19 12:32:29.807000,423.1198395566337,10
2024-09-19 12:32:29.875000,423.0769783950447,14
2024-09-19 12:32:29.897000,423.0529904939713,1003
2024-09-19 12:32:29.902000,423.0320638252652,98
2024-09-19 12:32:29.987000,423.04634610466456,1004
2024-09-19 12:32:30.112000,423.05119060688895,6
2024-09-19 12:32:30.321000,423.0295072098489,997
2024-09-19 12:32:31.086000,423.0324068365933,1005
2024-09-19 12:32:31.090000,423.0095043599263,95
2024-09-19 12:32:31.129000,423.0652776532531,9
2024-09-19 12:32:31.159000,423.0396978029223,1003
2024-09-19 12:32:31.220000,423.08631998563743,999
2024-09-19 12:32:31.250000,423.0684433875381,1001
2024-09-19 12:32:31.280000,423.0744501924368,8
2024-09-19 12:32:31.287000,423.0537967307198,102
2024-09-19 12:32:31.394000,423.0600072216218,102
2024-09-19 12:32:31.412000,423.066740354409,999
2024-09-19 12:32:31.530000,423.0397564924108,101
2024-09-19 12:32:31.576000,423.0812586752426,998
2024-09-19 12:32:31.596000,423.0262373529225,5
2024-09-19 12:32:31.609000,423.0596024267502,15
2024-09-19 12:32:31.713000,423.0415322031961,998
2024-09-19 12:32:31.722000,423.06843748238265,7
2024-09-19 12:32:31.749000,423.05046715545774,100
2024-09-19 12:32:31.775000,423.0726835453511,10
2024-09-19 12:32:31.823000,423.0518731713928,6
2024-09-19 12:32:31.823000,423.058460595323,6
2024-09-19 12:32:31.861000,423.0573424301684,999
2024-09-19 12:32:31.927000,423.0482590963704,7
2024-09-19 12:32:31.988000,423.0676627503,999
2024-09-19 12:32:32.048000,423.0331340722085,105
2024-09-19 12:32:32.139000,423.0197190361768,1004
2024-09-19 12:32:32.164000,423.0336469108384,999
2024-09-19 12:32:32.217000,423.0430601937522,105
2024-09-19 12:32:32.237000,423.005912832023,96
2024-09-19 12:32:32.278000,423.0059560762991,104
2024-09-19 12:32:32.354000,423.0382944482119,105
2024-09-19 12:32:32.374000,423.0350626980385,1002
2024-09-19 12:32:32.377000,423.0360374654127,1002
2024-09-19 12:32:32.601000,423.0242489124144,104
2024-09-19 12:32:32.668000,423.0276426126595,1003
2024-09-19 12:32:32.711000,422.9947018280873,95
2024-09-19 12:32:32.757000,423.0322040513303,97
2024-09-19 12:32:32.766000,423.04955879307977,997
2024-09-19 12:32:32.790000,423.03822684335927,8
2024-09-19 12:32:32.859000,423.0216457783532,13
2024-09-19 12:32:32.861000,423.0347676391122,15
2024-09-19 12:32:32.887000,423.002086381455,104
2024-09-19 12:32:32.889000,423.0378088788208,98
2024-09-19 12:32:32.933000,422.9944519455533,999
2024-09-19 12:32:32.944000,423.0401547919985,1005
2024-09-19 12:32:32.967000,423.0459184000112,101
2024-09-19 12:32:33.004000,422.9852299978483,98
2024-09-19 12:32:33.107000,422.9846332007668,97
2024-09-19 12:32:33.135000,422.9974175511718,999
2024-09-19 12:32:33.154000,422.9622296817987,104
2024-09-19 12:32:33.229000,422.98729799161583,1001
2024-09-19 12:32:33.449000,423.0072430851013,98
2024-09-19 12:32:33.528000,422.9756607487336,103
2024-09-19 12:32:33.576000,422.96097308884697,11
2024-09-19 12:32:33.649000,422.97857802568905,8
2024-09-19 12:32:33.696000,422.9812162135341,1000
2024-09-19 12:32:33.706000,422.9417723252463,102
2024-09-19 12:32:33.767000,422.99828063924406,10
2024-09-19 12:32:33.872000,422.9389673042633,98
2024-09-19 12:32:33.957000,422.99386565201365,97
2024-09-19 12:32:34.091000,422.9378123067015,995
2024-09-19 12:32:34.131000,422.96036728446273,98
2024-09-19 12:32:34.134000,422.9535064512097,10
2024-09-19 12:32:34.137000,422.9694376160317,996
2024-09-19 12:32:34.158000,422.9561942579815,97
2024-09-19 12:32:34.281000,422.95292054566767,97
2024-09-19 12:32:34.375000,422.952978232478,15
2024-09-19 12:32:34.486000,422.9821191038565,99
2024-09-19 12:32:34.522000,422.9525575189021,103
2024-09-19 12:32:34.610000,422.9736832208452,15
2024-09-19 12:32:34.807000,422.9469361923951,96
2024-09-19 12:32:34.981000,422.9249620693775,103
2024-09-19 12:32:35.068000,422.920362436776,15
2024-09-19 12:32:35.087000,422.9175353197029,15
2024-09-19 12:32:35.350000,422.9116401046549,13
2024-09-19 12:32:35.622000,422.91631944485886,100
2024-09-19 12:32:35.708000,422.9069838479076,13
2024-09-19 12:32:35.728000,422.9366411758815,6
2024-09-19 12:32:36.280000,422.9329134885095,10
2024-09-19 12:32:36.330000,422.917732858436,1000
2024-09-19 12:32:36.580000,422.92895619903857,7
2024-09-19 12:32:36.815000,422.9464740817144,103
2024-09-19 12:32:37.020000,422.92597414882346,998
2024-09-19 12:32:37.035000,422.8884064328822,10
2024-09-19 12:32:37.050000,422.91528604227096,995
2024-09-19 12:32:37.051000,422.919476201023,100
2024-09-19 12:32:37.076000,422.9113005833028,10
2024-09-19 12:32:37.150000,422.9099726559604,997
2024-09-19 12:32:37.154000,422.9282056508392,996
2024-09-19 12:32:37.160000,422.8731778957412,8
2024-09-19 12:32:37.218000,422.8794828470272,9
2024-09-19 12:32:37.291000,422.9013028214895,11
2024-09-19 12:32:37.372000,422.9031506243567,996
2024-09-19 12:32:37.382000,422.9063615635177,999
2024-09-19 12:32:37.396000,422.9063298250449,7
2024-09-19 12:32:37.440000,422.9003933310249,995
2024-09-19 12:32:37.487000,422.92591448386287,1005
2024-09-19 12:32:37.579000,422.9238582329357,105
2024-09-19 12:32:37.693000,422.9384523274732,12
2024-09-19 12:32:37.769000,422.905987602659,996
2024-09-19 12:32:37.799000,422.9268572510015,998
2024-09-19 12:32:37.839000,422.9082541219484,1000
2024-09-19 12:32:37.854000,422.9109760345632,998
2024-09-19 12:32:37.889000,422.9063626607354,1001
2024-09-19 12:32:37.921000,422.9226037753528,15
2024-09-19 12:32:37.922000,422.891725687572,1000
2024-09-19 12:32:37.961000,422.9177195489412,6
2024-09-19 12:32:37.966000,422.9031279200662,102
2024-09-19 12:32:37.993000,422.8770091097326,996
2024-09-19 12:32:38.020000,422.8138525707889,1000
2024-09-19 12:32:38.085000,422.8268103609278,1003
2024-09-19 12:32:38.226000,422.86636284216473,7
2024-09-19 12:32:38.242000,422.8201662118504,98
2024-09-19 12:32:38.394000,422.8133891570483,998
2024-09-19 12:32:38.401000,422.8369405909992,1001
2024-09-19 12:32:38.478000,422.8168593687915,999
2024-09-19 12:32:38.508000,422.83033431101336,105
2024-09-19 12:32:38.594000,422.8863132037058,14
2024-09-19 12:32:38.848000,422.8904052694415,1004
2024-09-19 12:32:38.905000,422.82070260300674,5
2024-09-19 12:32:39.536000,422.8210743051997,1003
2024-09-19 12:32:40.010000,422.8485087597935,100
2024-09-19 12:32:40.048000,422.7911037761264,11
2024-09-19 12:32:40.062000,422.8519728144928,1000
2024-09-19 12:32:40.074000,422.79253835362425,102
2024-09-19 12:32:40.076000,422.8206858680097,1000
2024-09-19 12:32:40.084000,422.8539983479928,102
2024-09-19 12:32:40.149000,422.834193374441,102
2024-09-19 12:32:40.248000,422.82419402457896,97
2024-09-19 12:32:40.259000,422.8211527512189,1003
2024-09-19 12:32:40.344000,422.81211572939714,1000
2024-09-19 12:32:40.360000,422.8462967201783,7
2024-09-19 12:32:40.369000,422.8080909653556,1004
2024-09-19 12:32:40.394000,422.8345462955374,99
2024-09-19 12:32:40.441000,422.84672170050055,13
2024-09-19 12:32:40.465000,422.81925360521575,1001
2024-09-19 12:32:40.496000,422.82776010793214,1000
2024-09-19 12:32:40.502000,422.8170162639051,98
2024-09-19 12:32:40.523000,422.8071680949379,97
2024-09-19 12:32:40.528000,422.84039585005536,9
2024-09-19 12:32:40.549000,422.8204900830699,1003
2024-09-19 12:32:40.552000,422.8067138353976,102
2024-09-19 12:32:40.646000,422.8180274225192,12
2024-09-19 12:32:40.700000,422.8119479322717,14
2024-09-19 12:32:40.724000,422.8168777991184,99
2024-09-19 12:32:40.798000,422.8254947148312,1001
2024-09-19 12:32:40.888000,422.8288534834487,95
2024-09-19 12:32:40.985000,422.791935375988,11
2024-09-19 12:32:41.018000,422.7823758835498,1002
2024-09-19 12:32:41.045000,422.7777038025833,10
2024-09-19 12:32:41.090000,422.8492700836036,102
2024-09-19 12:32:41.130000,422.7951694423952,103
2024-09-19 12:32:41.243000,422.7962157542449,7
2024-09-19 12:32:41.246000,422.8249674450451,1001
2024-09-19 12:32:41.248000,422.83643780992674,999
2024-09-19 12:32:41.375000,422.8466076208537,996
2024-09-19 12:32:41.409000,422.793502949993,10
2024-09-19 12:32:41.455000,422.7634833571809,105
2024-09-19 12:32:41.515000,422.8108996833778,5
2024-09-19 12:32:41.525000,422.7880457474579,999
2024-09-19 12:32:41.545000,422.76828699420565,999
2024-09-19 12:32:41.586000,422.7707701661613,11
2024-09-19 12:32:41.606000,422.76625513511095,7
2024-09-19 12:32:41.631000,422.8268680385388,998
2024-09-19 12:32:41.634000,422.7701500078082,98
2024-09-19 12:32:41.635000,422.8080798821511,13
2024-09-19 12:32:41.707000,422.7438851216975,101
2024-09-19 12:32:41.745000,422.8139608318168,1000
2024-09-19 12:32:41.838000,422.7528205165243,996
2024-09-19 12:32:41.851000,422.8065786089604,8
2024-09-19 12:32:41.917000,422.8293438472489,97
2024-09-19 12:32:41.968000,422.8134993062847,1000
2024-09-19 12:32:41.969000,422.749558766148,999
2024-09-19 12:32:42.034000,422.79947983400143,6
2024-09-19 12:32:42.220000,422.795814856469,13
2024-09-19 12:32:42.223000,422.79006950635255,1000
2024-09-19 12:32:42.259000,422.82584311206966,15
2024-09-19 12:32:42.637000,422.7941374458453,7
2024-09-19 12:32:42.668000,422.81036631610704,10
2024-09-19 12:32:42.753000,422.8160663933993,1000
2024-09-19 12:32:42.841000,422.8265626580746,101
2024-09-19 12:32:42.888000,422.81976555967424,98
2024-09-19 12:32:42.941000,422.7912982807789,95
2024-09-19 12:32:42.972000,422.8081898202673,10
2024-09-19 12:32:43.343000,422.81708140684174,100
2024-09-19 12:32:43.533000,422.8123753148759,1000
2024-09-19 12:32:43.535000,422.80390795648,8
2024-09-19 12:32:43.805000,422.8165898502908,96
2024-09-19 12:32:44.029000,422.85342130144426,102
2024-09-19 12:32:44.088000,422.84500781968535,9
2024-09-19 12:32:44.101000,422.8013869377582,14
2024-09-19 12:32:44.232000,422.80201229227686,13
2024-09-19 12:32:44.399000,422.8283726577904,12
2024-09-19 12:32:44.436000,422.81690351485184,103
2024-09-19 12:32:44.485000,422.8147287044149,9
2024-09-19 12:32:44.488000,422.8338414066485,1000
2024-09-19 12:32:44.531000,422.8581901528903,100
2024-09-19 12:32:44.558000,422.82307544972434,103
2024-09-19 12:32:44.568000,422.8305745559737,100
2024-09-19 12:32:44.649000,422.8274088105002,1004
2024-09-19 12:32:44.781000,422.8162042209728,97
2024-09-19 12:32:44.792000,422.8331334043427,995
2024-09-19 12:32:44.849000,422.8582985218577,1000
2024-09-19 12:32:44.873000,422.84076190676205,1001
2024-09-19 12:32:44.880000,422.8352903881982,996
2024-09-19 12:32:44.960000,422.8251355261211,104
2024-09-19 12:32:45,423.00473179183547,10
2024-09-19 12:32:45.003000,422.91330373607855,98
2024-09-19 12:32:45.010000,422.9842007917676,9
2024-09-19 12:32:45.102000,422.8895027135068,999
2024-09-19 12:32:45.130000,422.9718590386292,5
2024-09-19 12:32:45.148000,422.9594198988588,103
2024-09-19 12:32:45.190000,422.9961549329173,101
2024-09-19 12:32:45.194000,422.9237843393387,97
2024-09-19 12:32:45.199000,422.901648309508,104
2024-09-19 12:32:45.240000,422.97090158605937,103
2024-09-19 12:32:45.275000,422.9195439293832,1004
2024-09-19 12:32:45.308000,422.97943346061913,995
2024-09-19 12:32:45.327000,422.9716999394965,101
2024-09-19 12:32:45.368000,422.9727403687596,1005
2024-09-19 12:32:45.382000,423.0026936298914,997
2024-09-19 12:32:45.387000,422.9758788632853,12
2024-09-19 12:32:45.414000,423.01185487553846,1002
2024-09-19 12:32:45.418000,422.90936337732944,999
2024-09-19 12:32:45.460000,422.97860083630025,1005
2024-09-19 12:32:45.463000,422.9671975170455,997
2024-09-19 12:32:45.463000,422.9911367724204,10
2024-09-19 12:32:45.620000,422.9201849551856,8
2024-09-19 12:32:45.793000,422.8946078761848,102
2024-09-19 12:32:45.837000,422.9234835558431,996
2024-09-19 12:32:45.850000,422.9252556862068,998
2024-09-19 12:32:45.970000,423.0247035673571,15
2024-09-19 12:32:45.986000,422.8686447429702,95
2024-09-19 12:32:46.092000,422.9987611294083,9
2024-09-19 12:32:46.161000,423.0072488047668,9
2024-09-19 12:32:46.190000,422.976280677371,95
2024-09-19 12:32:46.192000,422.98724485402687,12
2024-09-19 12:32:46.215000,422.9555320804843,10
2024-09-19 12:32:46.291000,422.994571919457,1000
2024-09-19 12:32:46.307000,423.0063186467573,5
2024-09-19 12:32:46.432000,422.9667677811808,9
2024-09-19 12:32:46.453000,422.97446314332825,1005
2024-09-19 12:32:46.503000,422.983575042293,98
2024-09-19 12:32:46.507000,422.9696744374892,97
2024-09-19 12:32:46.595000,422.9861530754764,5
2024-09-19 12:32:46.677000,423.01325572053287,97
2024-09-19 12:32:46.696000,423.00755315690094,97
2024-09-19 12:32:46.739000,422.97603088218005,996
2024-09-19 12:32:46.874000,422.9962741486967,7
2024-09-19 12:32:46.955000,423.0112738067537,7
2024-09-19 12:32:46.995000,423.01545144764407,998
2024-09-19 12:32:48.221000,423.00905758318254,8
2024-09-19 12:32:48.227000,423.009001604266,103
2024-09-19 12:32:48.267000,422.9997971898755,95
2024-09-19 12:32:48.342000,423.0135951247523,97
2024-09-19 12:32:48.419000,422.9978854429716,1001
2024-09-19 12:32:48.434000,422.9783119222657,102
2024-09-19 12:32:48.450000,423.0322792211069,97
2024-09-19 12:32:48.501000,423.017288731602,1004
2024-09-19 12:32:48.607000,423.0210660091341,97
2024-09-19 12:32:48.692000,423.0110212874526,995
2024-09-19 12:32:48.812000,423.0163358442245,15
2024-09-19 12:32:48.827000,422.9871972441816,5
2024-09-19 12:32:48.900000,423.0189054309176,12
2024-09-19 12:32:48.906000,422.9612823555643,5
2024-09-19 12:32:48.910000,423.00153119826416,997
2024-09-19 12:32:48.965000,423.0067830016549,8
2024-09-19 12:32:48.994000,422.9805230373398,996
2024-09-19 12:32:49.062000,422.934712797489,104
2024-09-19 12:32:49.067000,422.9223582065403,98
2024-09-19 12:32:49.078000,422.97720973331457,105
2024-09-19 12:32:49.080000,422.9724987363323,15
2024-09-19 12:32:49.083000,422.91925853639015,8
2024-09-19 12:32:49.083000,423.01600375377694,99
2024-09-19 12:32:49.185000,422.9106701052206,103
2024-09-19 12:32:49.241000,423.0246201917872,1004
2024-09-19 12:32:49.258000,423.0233999442585,1003
2024-09-19 12:32:49.278000,422.9512753650807,13
2024-09-19 12:32:49.313000,422.9324531387094,9
2024-09-19 12:32:49.314000,422.97915968540366,997
2024-09-19 12:32:49.330000,422.9452617503404,99
2024-09-19 12:32:49.338000,422.9649316297196,15
2024-09-19 12:32:49.378000,422.91298994723326,995
2024-09-19 12:32:49.418000,422.9575925984444,105
2024-09-19 12:32:49.421000,422.92296682976496,100
2024-09-19 12:32:49.424000,422.9563507656642,100
2024-09-19 12:32:49.530000,422.9361729576053,999
2024-09-19 12:32:49.598000,422.9252724555912,998
2024-09-19 12:32:49.676000,423.00489430708194,99
2024-09-19 12:32:49.698000,422.9098853619468,104
2024-09-19 12:32:49.763000,422.968311483526,11
2024-09-19 12:32:49.822000,422.9130630885912,9
2024-09-19 12:32:49.840000,422.93913879505226,8
2024-09-19 12:32:49.853000,422.9098443501324,1001
2024-09-19 12:32:49.867000,422.9853266597453,1000
2024-09-19 12:32:49.930000,423.0008237852393,102
2024-09-19 12:32:50.052000,422.9020841416436,1005
2024-09-19 12:32:50.083000,422.9312276941436,99
2024-09-19 12:32:50.098000,422.96289924884974,10
2024-09-19 12:32:50.176000,422.9518280147502,100
2024-09-19 12:32:50.187000,422.9708002344052,9
2024-09-19 12:32:50.217000,422.9485451435437,1002
2024-09-19 12:32:50.225000,422.97017245015,5
2024-09-19 12:32:50.232000,422.9616052988667,98
2024-09-19 12:32:50.317000,422.9098826147069,11
2024-09-19 12:32:50.357000,422.9543831688024,99
2024-09-19 12:32:50.417000,422.9931031765785,102
2024-09-19 12:32:50.498000,422.9438711992256,997
2024-09-19 12:32:50.515000,422.90371344727816,997
2024-09-19 12:32:50.548000,422.9133757181149,104
2024-09-19 12:32:50.558000,422.9552232998706,7
2024-09-19 12:32:50.585000,422.9759512667929,11
2024-09-19 12:32:50.591000,422.9522502696564,10
2024-09-19 12:32:50.615000,422.9489988250697,1005
2024-09-19 12:32:50.625000,422.983426627914,995
2024-09-19 12:32:50.671000,422.979460310574,1003
2024-09-19 12:32:50.773000,422.9762262377776,101
2024-09-19 12:32:50.799000,422.90704932951934,15
2024-09-19 12:32:50.827000,422.95258101046034,97
2024-09-19 12:32:50.886000,422.96232769555576,7
2024-09-19 12:32:51.045000,422.9866242364316,11
2024-09-19 12:32:51.171000,422.96022725379663,1001
2024-09-19 12:32:51.366000,422.9763520842996,999
2024-09-19 12:32:51.375000,422.9730741127593,13
2024-09-19 12:32:51.425000,422.9426294999397,998
2024-09-19 12:32:51.608000,422.9857552237736,101
2024-09-19 12:32:51.643000,422.98687926521234,98
2024-09-19 12:32:51.722000,422.9636521487339,8
2024-09-19 12:32:51.874000,422.95492063422375,101
2024-09-19 12:32:51.880000,422.92909028556414,13
2024-09-19 12:32:51.947000,422.9518886367962,998
2024-09-19 12:32:52.028000,422.9824987441385,1001
2024-09-19 12:32:52.064000,422.9875449647182,104
2024-09-19 12:32:52.146000,423.002927727885,10
2024-09-19 12:32:52.212000,422.9700680966362,96
2024-09-19 12:32:52.282000,422.9605256156562,1002
2024-09-19 12:32:52.318000,422.9782698814037,98
2024-09-19 12:32:52.342000,422.961995708393,5
2024-09-19 12:32:52.347000,422.9599491900144,998
2024-09-19 12:32:52.359000,422.9992834313823,1003
2024-09-19 12:32:52.361000,422.9930181842431,1003
2024-09-19 12:32:52.476000,423.0055612155812,997
2024-09-19 12:32:52.505000,423.0145892408314,7
2024-09-19 12:32:52.555000,422.97595793903696,98
2024-09-19 12:32:52.560000,422.9661526087045,102
2024-09-19 12:32:52.609000,422.999697271016,105
2024-09-19 12:32:52.640000,422.986784712284,1002
2024-09-19 12:32:52.746000,423.0171054989159,9
2024-09-19 12:32:52.763000,422.9845457446882,11
2024-09-19 12:32:52.897000,422.9700749416968,1005
2024-09-19 12:32:52.906000,422.9713999420095,9
2024-09-19 12:32:52.943000,423.010142236069,995
2024-09-19 12:32:53.099000,423.00343504824696,101
2024-09-19 12:32:53.116000,423.03696793793614,97
2024-09-19 12:32:53.196000,423.0484099085944,99
2024-09-19 12:32:53.213000,423.0385309311033,1003
2024-09-19 12:32:53.251000,422.9973866157023,9
2024-09-19 12:32:53.265000,423.00186207506704,103
2024-09-19 12:32:53.335000,423.0391799367817,99
2024-09-19 12:32:53.423000,423.0299873566992,11
2024-09-19 12:32:53.474000,423.04526014996105,13
2024-09-19 12:32:53.501000,423.0333726947623,1004
2024-09-19 12:32:53.510000,423.0558248921489,1000
2024-09-19 12:32:53.512000,423.0504889547015,7
2024-09-19 12:32:53.596000,423.0201750567025,1001
2024-09-19 12:32:53.749000,423.005875242052,95
2024-09-19 12:32:53.755000,423.0319231224355,13
2024-09-19 12:32:53.799000,423.034307077525,995
2024-09-19 12:32:53.803000,423.0136315692435,995
2024-09-19 12:32:53.816000,423.02662559550816,1003
2024-09-19 12:32:53.839000,423.0478934550337,12
2024-09-19 12:32:53.966000,423.0442490501367,95
2024-09-19 12:32:54.081000,423.0388349114062,1003
2024-09-19 12:32:54.300000,423.0328605918946,998
2024-09-19 12:32:54.510000,423.0325084782156,1005
2024-09-19 12:32:54.873000,423.0413373849702,8
2024-09-19 12:32:54.930000,423.054625633342,995
2024-09-19 12:32:55.020000,423.05581480162095,15
2024-09-19 12:32:55.028000,423.0387864680509,10
2024-09-19 12:32:55.044000,423.0256188590743,15
2024-09-19 12:32:55.049000,423.05450046901234,12
2024-09-19 12:32:55.131000,423.0403724756618,101
2024-09-19 12:32:55.156000,423.06186034421626,103
2024-09-19 12:32:55.183000,423.0159108921853,5
2024-09-19 12:32:55.243000,423.0585773975145,1000
2024-09-19 12:32:55.286000,423.0604801350737,1001
2024-09-19 12:32:55.287000,423.04808157142674,998
2024-09-19 12:32:55.415000,423.0371381556748,998
2024-09-19 12:32:55.417000,423.0461436905382,12
2024-09-19 12:32:55.422000,423.0581302224413,1004
2024-09-19 12:32:55.423000,423.0444129082348,104
2024-09-19 12:32:55.457000,423.0326640714962,11
2024-09-19 12:32:55.479000,423.0290988132292,11
2024-09-19 12:32:55.488000,423.0447362480684,995
2024-09-19 12:32:55.515000,423.0409575620465,104
2024-09-19 12:32:55.564000,423.0454746173921,104
2024-09-19 12:32:55.637000,423.058516440658,6
2024-09-19 12:32:55.772000,423.0541376725681,9
2024-09-19 12:32:55.784000,423.048507621534,15
2024-09-19 12:32:55.868000,423.05803925563,15
2024-09-19 12:32:55.868000,423.0435122350677,10
2024-09-19 12:32:55.929000,423.0477368109573,105
2024-09-19 12:32:55.949000,423.0428358087661,1004
2024-09-19 12:32:56.060000,423.0416256524552,1004
2024-09-19 12:32:56.160000,423.0475917409297,11
2024-09-19 12:32:56.188000,423.05024310406486,1000
2024-09-19 12:32:56.243000,423.0544032392056,9
2024-09-19 12:32:56.245000,423.0340961883751,998
2024-09-19 12:32:56.413000,423.0004452428194,7
2024-09-19 12:32:56.432000,423.0547745797269,105
2024-09-19 12:32:56.494000,423.0775108579767,105
2024-09-19 12:32:56.521000,423.0429548736216,998
2024-09-19 12:32:56.572000,423.0418038768411,95
2024-09-19 12:32:56.644000,423.0796291641817,5
2024-09-19 12:32:56.645000,423.04120410495386,11
2024-09-19 12:32:56.752000,423.0398089033645,1003
2024-09-19 12:32:56.760000,423.0421581293396,5
2024-09-19 12:32:56.774000,422.994806723816,101
2024-09-19 12:32:56.831000,423.0430466194416,1000
2024-09-19 12:32:56.844000,423.0196871844432,105
2024-09-19 12:32:56.848000,423.0618829025478,1002
2024-09-19 12:32:56.941000,423.0624097357672,14
2024-09-19 12:32:56.981000,423.0121351689645,100
2024-09-19 12:32:57.036000,423.05714233897714,1001
2024-09-19 12:32:57.140000,423.03119085813495,1004
2024-09-19 12:32:57.219000,423.0338719998402,10
2024-09-19 12:32:57.344000,423.0359537693967,1004
2024-09-19 12:32:57.345000,423.1011197604633,7
2024-09-19 12:32:57.365000,423.0612688837262,997
2024-09-19 12:32:57.436000,423.0306610754848,6
2024-09-19 12:32:57.526000,423.08979779096353,104
2024-09-19 12:32:57.583000,423.03821951533,9
2024-09-19 12:32:57.624000,423.0718883477626,15
2024-09-19 12:32:57.625000,423.04729252295743,998
2024-09-19 12:32:57.678000,423.0615909927325,7
2024-09-19 12:32:57.698000,423.0668915946039,97
2024-09-19 12:32:57.732000,423.072797108597,104
2024-09-19 12:32:57.753000,423.03165409381535,7
2024-09-19 12:32:57.789000,423.05133930118177,1002
2024-09-19 12:32:58.071000,423.1324918025605,8
2024-09-19 12:32:58.094000,423.1108996172344,105
2024-09-19 12:32:58.224000,423.1142191080528,96
2024-09-19 12:32:58.369000,423.0988593641456,1002
2024-09-19 12:32:58.413000,423.09623159999,998
2024-09-19 12:32:58.472000,423.0945686095448,998
2024-09-19 12:32:58.557000,423.1205561188943,9
2024-09-19 12:32:58.569000,423.1628072307393,10
2024-09-19 12:32:58.644000,423.1411444639327,15
2024-09-19 12:32:58.739000,423.13560061520354,12
2024-09-19 12:32:58.758000,423.0952257470543,14
2024-09-19 12:32:58.766000,423.1175928816955,996
2024-09-19 12:32:58.805000,423.15341553671067,100
2024-09-19 12:32:58.823000,423.1433336882536,14
2024-09-19 12:32:58.839000,423.129615543698,105
2024-09-19 12:32:58.853000,423.1520228933111,997
2024-09-19 12:32:58.858000,423.1279635078654,1003
2024-09-19 12:32:58.883000,423.10931571680175,15
2024-09-19 12:32:58.928000,423.1406021116712,1005
2024-09-19 12:32:58.987000,423.0981336357129,102
2024-09-19 12:32:59.094000,423.0867183620765,1002
2024-09-19 12:32:59.164000,423.0787171456748,998
2024-09-19 12:32:59.209000,423.0634659153742,8
2024-09-19 12:32:59.237000,423.08912501849926,13
2024-09-19 12:32:59.336000,423.0860907725153,8
2024-09-19 12:32:59.348000,423.1436933948645,95
2024-09-19 12:32:59.376000,423.1560037388403,7
2024-09-19 12:32:59.474000,423.08094983467055,7
2024-09-19 12:32:59.524000,423.0918788767049,1005
2024-09-19 12:32:59.554000,423.1078985127777,98
2024-09-19 12:32:59.594000,423.1035825280197,13
2024-09-19 12:32:59.639000,423.0827165973734,1005
2024-09-19 12:32:59.665000,423.0853793088831,5
2024-09-19 12:32:59.720000,423.0775107363036,8
2024-09-19 12:32:59.727000,423.0692009286391,1000
