Timestamp,Price,Size
2024-09-17 10:55:00.131000,414.8786929603185,11
2024-09-17 10:55:00.154000,414.8720427130824,995
2024-09-17 10:55:00.182000,414.9002352255472,102
2024-09-17 10:55:00.231000,414.8609605630263,11
2024-09-17 10:55:00.275000,414.8891472407423,1003
2024-09-17 10:55:00.362000,414.8649256377376,7
2024-09-17 10:55:00.442000,414.8859660417847,997
2024-09-17 10:55:00.541000,414.9053887009088,97
2024-09-17 10:55:00.697000,414.8970077625075,104
2024-09-17 10:55:01.013000,414.7432505430419,10
2024-09-17 10:55:01.038000,414.73702598753215,104
2024-09-17 10:55:01.239000,414.7711964747263,8
2024-09-17 10:55:01.252000,414.8408134725784,100
2024-09-17 10:55:01.263000,414.8632223427631,7
2024-09-17 10:55:01.282000,414.7525904432254,8
2024-09-17 10:55:01.290000,414.78267558675344,1004
2024-09-17 10:55:01.305000,414.8836176851855,97
2024-09-17 10:55:01.320000,414.73482273299953,1001
2024-09-17 10:55:01.332000,414.83035584587833,998
2024-09-17 10:55:01.352000,414.8652674385263,97
2024-09-17 10:55:01.354000,414.76146112124985,1004
2024-09-17 10:55:01.380000,414.78322024350206,5
2024-09-17 10:55:01.394000,414.73061113159855,995
2024-09-17 10:55:01.463000,414.7355656849112,999
2024-09-17 10:55:01.491000,414.87771114898015,15
2024-09-17 10:55:01.516000,414.7708801806677,1002
2024-09-17 10:55:01.561000,414.7486853898483,14
2024-09-17 10:55:01.569000,414.8805778951389,6
2024-09-17 10:55:01.579000,414.78030281894536,13
2024-09-17 10:55:01.582000,414.79105862749896,995
2024-09-17 10:55:01.584000,414.8539156584274,999
2024-09-17 10:55:01.731000,414.86789249341234,5
2024-09-17 10:55:01.793000,414.87297249855504,6
2024-09-17 10:55:01.812000,414.70706070451416,10
2024-09-17 10:55:01.923000,414.794866951652,14
2024-09-17 10:55:01.939000,414.7559723629552,10
2024-09-17 10:55:01.952000,414.7110501951752,8
2024-09-17 10:55:01.997000,414.78794353507146,7
2024-09-17 10:55:02.043000,414.73487757065095,10
2024-09-17 10:55:02.265000,414.7365582949896,98
2024-09-17 10:55:02.342000,414.8080136279909,6
2024-09-17 10:55:02.491000,414.71638154939535,996
2024-09-17 10:55:02.537000,414.8133496907036,105
2024-09-17 10:55:02.696000,414.7969867483948,6
2024-09-17 10:55:02.698000,414.8030244505119,1002
2024-09-17 10:55:02.722000,414.807129729389,5
2024-09-17 10:55:02.784000,414.71435858776135,97
2024-09-17 10:55:02.850000,414.8010538034327,101
2024-09-17 10:55:02.850000,414.7566144956616,999
2024-09-17 10:55:02.876000,414.7355138157432,95
2024-09-17 10:55:02.909000,414.77640956866657,100
2024-09-17 10:55:03.450000,414.8310082455517,7
2024-09-17 10:55:03.514000,414.8138798584304,7
2024-09-17 10:55:03.604000,414.82154983146864,103
2024-09-17 10:55:03.620000,414.8238616294326,996
2024-09-17 10:55:03.654000,414.83379388349096,997
2024-09-17 10:55:03.687000,414.8099870727914,103
2024-09-17 10:55:03.758000,414.8463228842794,997
2024-09-17 10:55:03.806000,414.8692307207556,1002
2024-09-17 10:55:04.450000,414.88418540527647,1000
2024-09-17 10:55:04.606000,414.8786029226373,15
2024-09-17 10:55:04.608000,414.8879057948601,96
2024-09-17 10:55:04.618000,414.8944931308942,12
2024-09-17 10:55:04.822000,414.891355408081,13
2024-09-17 10:55:05.008000,414.967990260265,11
2024-09-17 10:55:05.042000,414.9945616435704,97
2024-09-17 10:55:05.045000,414.980909594534,97
2024-09-17 10:55:05.056000,414.98347471941577,105
2024-09-17 10:55:05.074000,414.99134930989857,5
2024-09-17 10:55:05.124000,414.9567376653672,1002
2024-09-17 10:55:05.140000,414.8949085829122,999
2024-09-17 10:55:05.190000,414.9403181438021,999
2024-09-17 10:55:05.238000,415.00704764970095,105
2024-09-17 10:55:05.368000,414.91473201970666,1005
2024-09-17 10:55:05.374000,414.96226888703865,1004
2024-09-17 10:55:05.434000,414.9200564099088,101
2024-09-17 10:55:05.441000,414.9515044533954,102
2024-09-17 10:55:05.458000,414.9763543895877,99
2024-09-17 10:55:05.473000,414.993702623492,8
2024-09-17 10:55:05.478000,414.9872855778687,96
2024-09-17 10:55:05.529000,414.96824156772936,99
2024-09-17 10:55:05.533000,414.9700752758225,1003
2024-09-17 10:55:05.535000,414.9895217243794,1002
2024-09-17 10:55:05.576000,414.9922007500703,102
2024-09-17 10:55:05.678000,414.9240480381237,997
2024-09-17 10:55:05.748000,414.923625407323,1001
2024-09-17 10:55:05.801000,414.8873628536929,995
2024-09-17 10:55:05.804000,414.8989847986264,995
2024-09-17 10:55:05.808000,414.993317286026,95
2024-09-17 10:55:05.859000,414.8959437102863,996
2024-09-17 10:55:05.917000,414.98668210677033,1000
2024-09-17 10:55:05.953000,414.928096211102,99
2024-09-17 10:55:05.965000,414.9215684779593,97
2024-09-17 10:55:06.334000,414.9820232931828,103
2024-09-17 10:55:06.428000,414.98511763296574,102
2024-09-17 10:55:06.532000,414.9683675739618,8
2024-09-17 10:55:09.044000,414.8881848678454,11
2024-09-17 10:55:09.091000,414.87442373092455,8
2024-09-17 10:55:09.105000,414.91393002046834,1005
2024-09-17 10:55:09.125000,414.9055300255027,1003
2024-09-17 10:55:09.129000,414.9559428618933,12
2024-09-17 10:55:09.163000,414.9162715279493,996
2024-09-17 10:55:09.250000,414.9097362705111,998
2024-09-17 10:55:09.281000,414.947765756154,1004
2024-09-17 10:55:09.286000,414.8905508576625,98
2024-09-17 10:55:09.321000,414.9550109602139,105
2024-09-17 10:55:09.323000,414.882315522936,96
2024-09-17 10:55:09.381000,414.9384662717754,8
2024-09-17 10:55:09.409000,414.9182669509695,98
2024-09-17 10:55:09.503000,414.8980261404264,6
2024-09-17 10:55:09.512000,414.8915039374592,11
2024-09-17 10:55:09.564000,414.88644247442153,8
2024-09-17 10:55:09.648000,414.9066264923328,101
2024-09-17 10:55:09.658000,414.94368837832974,103
2024-09-17 10:55:09.692000,414.9149240800823,8
2024-09-17 10:55:09.733000,414.9181389290569,13
2024-09-17 10:55:09.793000,414.89507698302725,7
2024-09-17 10:55:09.800000,414.9005453048171,996
2024-09-17 10:55:09.819000,414.8905418385572,5
2024-09-17 10:55:09.888000,414.95484078288473,5
2024-09-17 10:55:10.001000,414.8961125201308,996
2024-09-17 10:55:10.011000,414.9538026540398,1000
2024-09-17 10:55:10.055000,414.9061096968717,5
2024-09-17 10:55:10.093000,414.8908348622865,6
2024-09-17 10:55:10.129000,414.8756522145882,12
2024-09-17 10:55:10.130000,414.9307848162716,103
2024-09-17 10:55:10.176000,414.8829321057364,101
2024-09-17 10:55:10.250000,414.9747824418631,5
2024-09-17 10:55:10.262000,414.902688879883,15
2024-09-17 10:55:10.285000,414.8925777985251,5
2024-09-17 10:55:10.366000,414.92418278386174,14
2024-09-17 10:55:10.392000,414.9821681169533,10
2024-09-17 10:55:10.425000,414.9731084867932,14
2024-09-17 10:55:10.545000,414.90750059855975,1001
2024-09-17 10:55:10.558000,414.92748465029337,7
2024-09-17 10:55:10.599000,414.9405570344982,104
2024-09-17 10:55:10.708000,414.9356022566792,1003
2024-09-17 10:55:10.712000,414.9041784101778,1003
2024-09-17 10:55:10.756000,414.949648268096,105
2024-09-17 10:55:10.787000,414.8834775823758,14
2024-09-17 10:55:10.802000,414.8913075219858,11
2024-09-17 10:55:10.824000,414.9455005799149,1001
2024-09-17 10:55:10.846000,414.940599489302,98
2024-09-17 10:55:10.901000,414.9218168975979,14
2024-09-17 10:55:10.959000,414.89164841520267,97
2024-09-17 10:55:10.961000,414.8964732315257,101
2024-09-17 10:55:10.971000,414.8861456765576,1003
2024-09-17 10:55:10.972000,414.8925078183414,105
2024-09-17 10:55:10.974000,414.9023994223736,15
2024-09-17 10:55:11.004000,414.9982551662709,1003
2024-09-17 10:55:11.030000,415.0733236512328,999
2024-09-17 10:55:11.061000,415.0256756382178,995
2024-09-17 10:55:11.216000,415.046039188603,5
2024-09-17 10:55:11.259000,415.0031224967057,999
2024-09-17 10:55:11.437000,415.0564761082094,1003
2024-09-17 10:55:11.476000,415.01221896204186,997
2024-09-17 10:55:11.534000,415.04963553200673,96
2024-09-17 10:55:11.593000,415.00734787138407,7
2024-09-17 10:55:11.613000,415.07829676381743,9
2024-09-17 10:55:11.666000,415.0485410849102,999
2024-09-17 10:55:11.808000,415.0072598194829,998
2024-09-17 10:55:11.882000,414.9854416894018,101
2024-09-17 10:55:11.883000,415.0458014194734,97
2024-09-17 10:55:11.966000,415.0114119996843,96
2024-09-17 10:55:11.967000,415.00664993938943,997
2024-09-17 10:55:11.978000,415.05984249688913,1004
2024-09-17 10:55:12.019000,415.06450789967136,102
2024-09-17 10:55:12.094000,415.0873664301294,15
2024-09-17 10:55:12.137000,415.08407311838624,6
2024-09-17 10:55:12.162000,415.07452344888793,1000
2024-09-17 10:55:12.236000,415.0855983963643,97
2024-09-17 10:55:12.293000,415.0688645988248,98
2024-09-17 10:55:12.344000,415.0706938749185,104
2024-09-17 10:55:12.346000,415.0616672619468,997
2024-09-17 10:55:12.396000,415.0807194975407,1001
2024-09-17 10:55:12.416000,415.0716359492166,13
2024-09-17 10:55:12.449000,415.0748510519154,100
2024-09-17 10:55:12.706000,415.07994370835087,12
2024-09-17 10:55:12.723000,415.0579501539109,96
2024-09-17 10:55:12.918000,415.10131300272747,1000
2024-09-17 10:55:12.980000,415.0767650923142,14
2024-09-17 10:55:13.016000,415.13973993946377,99
2024-09-17 10:55:13.040000,415.1027812865595,7
2024-09-17 10:55:13.463000,415.118602494608,14
2024-09-17 10:55:13.472000,415.13943162020985,1001
2024-09-17 10:55:13.514000,415.1409513739269,14
2024-09-17 10:55:13.673000,415.12574425375567,1005
2024-09-17 10:55:13.761000,415.064144897816,1002
2024-09-17 10:55:13.784000,415.0931489339192,1005
2024-09-17 10:55:13.892000,415.0783048897369,97
2024-09-17 10:55:13.974000,415.1262283393091,96
2024-09-17 10:55:14.033000,415.1883857662642,999
2024-09-17 10:55:14.108000,415.165767375078,96
2024-09-17 10:55:14.123000,415.1725258788261,1001
2024-09-17 10:55:14.124000,415.2041421335492,9
2024-09-17 10:55:14.151000,415.1530567514949,105
2024-09-17 10:55:14.185000,415.1771410476761,10
2024-09-17 10:55:14.231000,415.1612670629832,6
2024-09-17 10:55:14.264000,415.17576006944006,99
2024-09-17 10:55:14.292000,415.1442901973716,9
2024-09-17 10:55:14.299000,415.1889591643068,999
2024-09-17 10:55:14.362000,415.164282753334,1003
2024-09-17 10:55:14.365000,415.176523648487,96
2024-09-17 10:55:14.368000,415.1840815954269,1001
2024-09-17 10:55:14.440000,415.1621463767432,1004
2024-09-17 10:55:14.470000,415.13399391961417,99
2024-09-17 10:55:14.572000,415.1421698159993,997
2024-09-17 10:55:14.601000,415.1639158399936,8
2024-09-17 10:55:14.638000,415.1579498881742,1001
2024-09-17 10:55:14.701000,415.1293104616671,11
2024-09-17 10:55:14.784000,415.17771793769936,1003
2024-09-17 10:55:14.843000,415.1654566911127,999
2024-09-17 10:55:14.864000,415.1805595337112,104
2024-09-17 10:55:14.938000,415.1417200026509,95
2024-09-17 10:55:14.989000,415.1960873862779,105
2024-09-17 10:55:15,415.267839332719,14
2024-09-17 10:55:15.012000,415.27096415818704,1005
2024-09-17 10:55:15.034000,415.2449090458076,95
2024-09-17 10:55:15.043000,415.24898824007823,5
2024-09-17 10:55:15.140000,415.2441389264972,102
2024-09-17 10:55:15.372000,415.2652446900095,14
2024-09-17 10:55:15.572000,415.2488620493397,8
2024-09-17 10:55:15.582000,415.2596111760062,101
2024-09-17 10:55:15.817000,415.2662876389476,12
2024-09-17 10:55:15.868000,415.21780668225296,1005
2024-09-17 10:55:15.886000,415.2695416763429,996
2024-09-17 10:55:16.274000,415.3009634750973,6
2024-09-17 10:55:17.484000,415.3111793538412,105
2024-09-17 10:55:17.490000,415.3247202805237,96
2024-09-17 10:55:17.616000,415.311801415208,98
2024-09-17 10:55:17.641000,415.3225074813023,103
2024-09-17 10:55:17.680000,415.3193643110325,8
2024-09-17 10:55:18.012000,415.3038733221592,998
2024-09-17 10:55:18.024000,415.29122918256127,97
2024-09-17 10:55:18.061000,415.3306541645174,102
2024-09-17 10:55:18.067000,415.2783525498948,99
2024-09-17 10:55:18.104000,415.3451391983628,5
2024-09-17 10:55:18.219000,415.3345920929671,103
2024-09-17 10:55:18.231000,415.27975712851287,1000
2024-09-17 10:55:18.269000,415.3458614076218,1003
2024-09-17 10:55:18.269000,415.3539897832093,5
2024-09-17 10:55:18.288000,415.3371349904312,98
2024-09-17 10:55:18.299000,415.3466036197344,1005
2024-09-17 10:55:18.303000,415.3177785409246,997
2024-09-17 10:55:18.363000,415.3204696831121,12
2024-09-17 10:55:18.443000,415.2804050175717,15
2024-09-17 10:55:18.502000,415.3101489907911,12
2024-09-17 10:55:18.517000,415.3340057503905,102
2024-09-17 10:55:18.564000,415.3243930087975,1002
2024-09-17 10:55:18.579000,415.3542541173645,998
2024-09-17 10:55:18.623000,415.3064150935659,1002
2024-09-17 10:55:18.623000,415.315612040197,103
2024-09-17 10:55:18.629000,415.3072227350154,996
2024-09-17 10:55:18.640000,415.3159698562022,95
2024-09-17 10:55:18.663000,415.3210101892924,101
2024-09-17 10:55:18.671000,415.3619340584391,12
2024-09-17 10:55:18.744000,415.2951158882617,1003
2024-09-17 10:55:18.785000,415.2963780158485,97
2024-09-17 10:55:18.818000,415.31259855373054,1001
2024-09-17 10:55:18.834000,415.3516729751036,1005
2024-09-17 10:55:18.854000,415.367707934162,102
2024-09-17 10:55:19.046000,415.40441352919447,96
2024-09-17 10:55:19.282000,415.3744121557277,998
2024-09-17 10:55:19.363000,415.4038195674011,6
2024-09-17 10:55:19.433000,415.3649099912599,13
2024-09-17 10:55:19.481000,415.35027983305,8
2024-09-17 10:55:19.637000,415.3973777171578,95
2024-09-17 10:55:19.665000,415.36585813572447,15
2024-09-17 10:55:19.685000,415.3577652846974,9
2024-09-17 10:55:19.814000,415.39721292843006,98
2024-09-17 10:55:20.115000,415.3175705421939,97
2024-09-17 10:55:20.127000,415.3191831948176,95
2024-09-17 10:55:20.128000,415.343928624482,1000
2024-09-17 10:55:20.174000,415.4055466376354,99
2024-09-17 10:55:20.177000,415.33123161648257,1002
2024-09-17 10:55:20.183000,415.4016801209984,101
2024-09-17 10:55:20.188000,415.3265279496482,15
2024-09-17 10:55:20.269000,415.36247431116,1004
2024-09-17 10:55:20.305000,415.3212022908122,99
2024-09-17 10:55:20.327000,415.3338378153254,12
2024-09-17 10:55:20.334000,415.3465082738367,7
2024-09-17 10:55:20.337000,415.3471049100993,5
2024-09-17 10:55:20.363000,415.3885478384289,999
2024-09-17 10:55:20.367000,415.3196484645417,995
2024-09-17 10:55:20.544000,415.3340234574287,102
2024-09-17 10:55:20.570000,415.397044995796,5
2024-09-17 10:55:20.645000,415.31060141037074,6
2024-09-17 10:55:20.714000,415.3071026422844,10
2024-09-17 10:55:20.719000,415.3854778373786,9
2024-09-17 10:55:20.764000,415.2968049841856,1003
2024-09-17 10:55:20.774000,415.34476330651785,97
2024-09-17 10:55:20.775000,415.2979603446879,99
2024-09-17 10:55:20.776000,415.3569257754178,1001
2024-09-17 10:55:20.796000,415.342989748543,1005
2024-09-17 10:55:20.905000,415.30621049248754,1004
2024-09-17 10:55:20.930000,415.388611695222,99
2024-09-17 10:55:20.957000,415.31397570773066,10
2024-09-17 10:55:21.053000,415.4695865897624,1002
2024-09-17 10:55:21.108000,415.4361522942413,100
2024-09-17 10:55:21.164000,415.4616656128961,15
2024-09-17 10:55:21.249000,415.4639505187589,96
2024-09-17 10:55:21.556000,415.4686450058653,6
2024-09-17 10:55:21.624000,415.4518245537362,99
2024-09-17 10:55:21.781000,415.40768105230063,5
2024-09-17 10:55:21.823000,415.4874504374195,7
2024-09-17 10:55:21.863000,415.3953763106811,9
2024-09-17 10:55:21.878000,415.4569557400669,1002
2024-09-17 10:55:21.954000,415.4705798692974,1001
2024-09-17 10:55:22.178000,415.5106460023069,97
2024-09-17 10:55:22.403000,415.5029034887677,1003
2024-09-17 10:55:22.530000,415.5121342663992,1001
2024-09-17 10:55:22.635000,415.50543274562784,13
2024-09-17 10:55:22.668000,415.49695150121687,11
2024-09-17 10:55:22.684000,415.5032744169338,1005
2024-09-17 10:55:22.707000,415.4946072057151,6
2024-09-17 10:55:22.728000,415.47800243819336,12
2024-09-17 10:55:22.741000,415.5011862475411,100
2024-09-17 10:55:22.893000,415.4930224772644,8
2024-09-17 10:55:23.039000,415.5015957200327,104
2024-09-17 10:55:23.150000,415.4938825737418,12
2024-09-17 10:55:23.187000,415.4960567967511,95
2024-09-17 10:55:23.462000,415.48998210811766,998
2024-09-17 10:55:23.608000,415.50019027805087,6
2024-09-17 10:55:23.640000,415.5181809408693,5
2024-09-17 10:55:23.876000,415.500777052052,997
2024-09-17 10:55:24.025000,415.4472477373945,995
2024-09-17 10:55:24.064000,415.3896325924231,1004
2024-09-17 10:55:24.097000,415.4334924337426,8
2024-09-17 10:55:24.123000,415.4575948627335,104
2024-09-17 10:55:24.149000,415.4385422125654,1005
2024-09-17 10:55:24.227000,415.45154717062377,7
2024-09-17 10:55:24.257000,415.481762810148,105
2024-09-17 10:55:24.308000,415.41976663426914,8
2024-09-17 10:55:24.367000,415.406145592548,12
2024-09-17 10:55:24.382000,415.4598968385544,99
2024-09-17 10:55:24.483000,415.48815771991246,995
2024-09-17 10:55:24.569000,415.4839155075832,998
2024-09-17 10:55:24.600000,415.4927813130685,98
2024-09-17 10:55:24.603000,415.45089476851774,6
2024-09-17 10:55:24.660000,415.4692187137964,96
2024-09-17 10:55:24.668000,415.4894340458189,1003
2024-09-17 10:55:24.676000,415.45232444536975,14
2024-09-17 10:55:24.700000,415.47005328321774,996
2024-09-17 10:55:24.745000,415.4611798938183,101
2024-09-17 10:55:24.750000,415.39616144894376,998
2024-09-17 10:55:24.793000,415.4722394511779,96
2024-09-17 10:55:24.833000,415.4854533420515,97
2024-09-17 10:55:24.884000,415.467632700737,997
2024-09-17 10:55:24.919000,415.4647307082435,995
2024-09-17 10:55:24.963000,415.4703784956473,101
2024-09-17 10:55:24.991000,415.4259811941281,8
2024-09-17 10:55:24.998000,415.4456889876972,9
2024-09-17 10:55:25,415.38089348401314,103
2024-09-17 10:55:25.060000,415.42919900434384,7
2024-09-17 10:55:25.162000,415.42036686079416,10
2024-09-17 10:55:25.247000,415.40268803400994,1004
2024-09-17 10:55:25.525000,415.4335435124655,103
2024-09-17 10:55:25.615000,415.4137736996439,999
2024-09-17 10:55:25.749000,415.43588259267113,998
2024-09-17 10:55:25.946000,415.39007967577726,103
2024-09-17 10:55:26.551000,415.4159106070545,1000
2024-09-17 10:55:27.096000,415.4520372297644,9
2024-09-17 10:55:27.139000,415.4563756071575,7
2024-09-17 10:55:27.225000,415.4288842596095,999
2024-09-17 10:55:27.260000,415.4310775509412,1004
2024-09-17 10:55:27.388000,415.4527706908706,1005
2024-09-17 10:55:27.404000,415.44721423983,100
2024-09-17 10:55:27.445000,415.4373941415947,104
2024-09-17 10:55:27.480000,415.463645373784,102
2024-09-17 10:55:27.480000,415.43106702464326,999
2024-09-17 10:55:27.509000,415.4288473313738,1001
2024-09-17 10:55:27.529000,415.45558595380027,1004
2024-09-17 10:55:27.549000,415.451232763126,7
2024-09-17 10:55:27.624000,415.4581841704084,10
2024-09-17 10:55:27.717000,415.4639573896947,98
2024-09-17 10:55:27.746000,415.44363579752473,1003
2024-09-17 10:55:27.839000,415.4262690232276,10
2024-09-17 10:55:27.845000,415.4558059777202,14
2024-09-17 10:55:27.847000,415.4222992835937,103
2024-09-17 10:55:27.883000,415.4365595852113,11
2024-09-17 10:55:27.885000,415.4436377930791,9
2024-09-17 10:55:27.954000,415.4557049979123,11
2024-09-17 10:55:27.958000,415.45658243121807,96
2024-09-17 10:55:28.008000,415.4705576346513,1000
2024-09-17 10:55:28.052000,415.4959881392289,1002
2024-09-17 10:55:28.139000,415.463528001916,1000
2024-09-17 10:55:28.166000,415.4868070974524,100
2024-09-17 10:55:28.398000,415.479818401138,999
2024-09-17 10:55:28.484000,415.4726328587013,98
2024-09-17 10:55:28.530000,415.5007877172359,995
2024-09-17 10:55:28.569000,415.4819471564823,105
2024-09-17 10:55:28.620000,415.4702640677261,995
2024-09-17 10:55:28.685000,415.47744974069946,99
2024-09-17 10:55:28.804000,415.4918259377524,12
2024-09-17 10:55:28.847000,415.469164392785,15
2024-09-17 10:55:28.954000,415.4636743292716,996
2024-09-17 10:55:29.025000,415.5706306707593,14
2024-09-17 10:55:29.068000,415.5876975968533,1005
2024-09-17 10:55:29.083000,415.5154837797571,100
2024-09-17 10:55:29.133000,415.5113394323608,1000
2024-09-17 10:55:29.168000,415.5722686881791,1004
2024-09-17 10:55:29.175000,415.5531187360909,9
2024-09-17 10:55:29.269000,415.4803765483916,996
2024-09-17 10:55:29.312000,415.5203611465786,100
2024-09-17 10:55:29.343000,415.5746382622104,96
2024-09-17 10:55:29.375000,415.5224005399828,15
2024-09-17 10:55:29.426000,415.4855622715677,1004
2024-09-17 10:55:29.443000,415.4988470801249,103
2024-09-17 10:55:29.552000,415.50902020157866,101
2024-09-17 10:55:29.573000,415.5629007637602,1001
2024-09-17 10:55:29.626000,415.5808882028941,996
2024-09-17 10:55:29.656000,415.5790579038052,97
2024-09-17 10:55:29.781000,415.531561598212,11
2024-09-17 10:55:29.825000,415.4969842585255,12
2024-09-17 10:55:29.840000,415.5671269318465,1002
2024-09-17 10:55:29.849000,415.5684521915989,9
2024-09-17 10:55:29.909000,415.5708197810325,999
2024-09-17 10:55:29.947000,415.5966400301726,1000
2024-09-17 10:55:29.960000,415.4848715353727,15
2024-09-17 10:55:29.970000,415.5738500585782,96
2024-09-17 10:55:29.989000,415.5002771687221,13
2024-09-17 10:55:30.016000,415.596134814928,1002
2024-09-17 10:55:30.024000,415.59991783891513,1003
2024-09-17 10:55:30.429000,415.57196548962025,998
2024-09-17 10:55:30.469000,415.5613516075242,96
2024-09-17 10:55:30.630000,415.5671831449029,13
2024-09-17 10:55:30.636000,415.59357086554223,5
2024-09-17 10:55:30.670000,415.5593419453496,103
2024-09-17 10:55:30.696000,415.6000513617635,1005
2024-09-17 10:55:30.772000,415.6075472592681,99
2024-09-17 10:55:30.854000,415.621443718632,15
2024-09-17 10:55:30.916000,415.58279970129786,103
2024-09-17 10:55:30.939000,415.5605476519215,6
2024-09-17 10:55:30.948000,415.5799767771844,995
2024-09-17 10:55:30.961000,415.5840459427902,10
2024-09-17 10:55:30.967000,415.5744601901224,998
2024-09-17 10:55:31.036000,415.5544632331088,9
2024-09-17 10:55:31.141000,415.55541302979776,1002
2024-09-17 10:55:31.161000,415.5350513855948,99
2024-09-17 10:55:31.219000,415.5381479801191,999
2024-09-17 10:55:31.225000,415.5574292951106,97
2024-09-17 10:55:31.226000,415.5302909764334,997
2024-09-17 10:55:31.519000,415.55720375766094,997
2024-09-17 10:55:31.521000,415.5276720130647,14
2024-09-17 10:55:31.569000,415.5486039162198,6
2024-09-17 10:55:31.708000,415.5400452664252,9
2024-09-17 10:55:31.719000,415.55939694765897,997
2024-09-17 10:55:31.749000,415.5476791855669,11
2024-09-17 10:55:31.888000,415.5682305277209,11
2024-09-17 10:55:31.900000,415.5450554249933,7
2024-09-17 10:55:31.925000,415.5556669098914,97
2024-09-17 10:55:32.075000,415.5852215291617,1005
2024-09-17 10:55:32.286000,415.5878453060313,13
2024-09-17 10:55:32.294000,415.5968964572463,104
2024-09-17 10:55:32.358000,415.5638509496071,1004
2024-09-17 10:55:32.412000,415.5843529362372,996
2024-09-17 10:55:32.530000,415.5583377971945,1000
2024-09-17 10:55:32.551000,415.5974315859005,105
2024-09-17 10:55:32.612000,415.6017521879188,95
2024-09-17 10:55:32.706000,415.5676363651293,7
2024-09-17 10:55:32.921000,415.568926196959,101
2024-09-17 10:55:33.570000,415.5954864151018,6
2024-09-17 10:55:34.027000,415.575029850144,15
2024-09-17 10:55:34.028000,415.5939359604181,12
2024-09-17 10:55:34.043000,415.5838842208999,8
2024-09-17 10:55:34.071000,415.588358427886,95
2024-09-17 10:55:34.106000,415.5968627665199,13
2024-09-17 10:55:34.141000,415.5501067373331,12
2024-09-17 10:55:34.161000,415.57148027140965,101
2024-09-17 10:55:34.182000,415.60367043125257,1005
2024-09-17 10:55:34.188000,415.5887266543191,14
2024-09-17 10:55:34.231000,415.62771995905,999
2024-09-17 10:55:34.280000,415.5620088815161,1005
2024-09-17 10:55:34.335000,415.5807708682371,105
2024-09-17 10:55:34.437000,415.5870210083488,100
2024-09-17 10:55:34.444000,415.56435993882167,15
2024-09-17 10:55:34.532000,415.5692822262863,8
2024-09-17 10:55:34.668000,415.5573995883955,14
2024-09-17 10:55:34.729000,415.5931381468362,12
2024-09-17 10:55:34.854000,415.56964563257424,6
2024-09-17 10:55:34.910000,415.58782008899607,15
2024-09-17 10:55:34.916000,415.54647546130894,11
2024-09-17 10:55:34.921000,415.5847536965052,998
2024-09-17 10:55:34.937000,415.607198624187,105
2024-09-17 10:55:34.938000,415.59380914051206,15
2024-09-17 10:55:35.002000,415.6497896574489,9
2024-09-17 10:55:35.052000,415.59905191947615,15
2024-09-17 10:55:35.052000,415.6120103245267,105
2024-09-17 10:55:35.066000,415.656755008988,1003
2024-09-17 10:55:35.243000,415.6096513390085,995
2024-09-17 10:55:35.248000,415.59171106719714,13
2024-09-17 10:55:35.286000,415.6502358753289,98
2024-09-17 10:55:35.361000,415.614895182825,7
2024-09-17 10:55:35.368000,415.6409012151304,998
2024-09-17 10:55:35.398000,415.6387176141317,995
2024-09-17 10:55:35.436000,415.65619812272587,102
2024-09-17 10:55:35.452000,415.6292738377175,1004
2024-09-17 10:55:35.509000,415.6315688051478,100
2024-09-17 10:55:35.519000,415.65432053559294,1003
2024-09-17 10:55:35.558000,415.596996639998,998
2024-09-17 10:55:35.630000,415.65405144976216,102
2024-09-17 10:55:35.635000,415.6534959258313,999
2024-09-17 10:55:35.648000,415.6441093563543,105
2024-09-17 10:55:35.670000,415.6435945705455,13
2024-09-17 10:55:35.723000,415.6101584481566,996
2024-09-17 10:55:35.802000,415.6288248767456,1003
2024-09-17 10:55:35.952000,415.64543576745217,99
2024-09-17 10:55:36.164000,415.5980960763628,1000
2024-09-17 10:55:36.211000,415.5866924146275,1003
2024-09-17 10:55:36.629000,415.58253132663936,995
2024-09-17 10:55:36.644000,415.5899500673615,104
2024-09-17 10:55:37.120000,415.6131338366413,15
2024-09-17 10:55:37.129000,415.6050075078389,1001
2024-09-17 10:55:37.151000,415.5846777998668,103
2024-09-17 10:55:37.156000,415.559701879742,10
2024-09-17 10:55:37.184000,415.6224314354479,97
2024-09-17 10:55:37.191000,415.5801316610472,99
2024-09-17 10:55:37.213000,415.5880318851548,998
2024-09-17 10:55:37.227000,415.5991887868229,8
2024-09-17 10:55:37.289000,415.59818582248175,1003
2024-09-17 10:55:37.329000,415.6060833665994,100
2024-09-17 10:55:37.351000,415.6114588628648,103
2024-09-17 10:55:37.375000,415.5869232567884,997
2024-09-17 10:55:37.391000,415.5901896254596,99
2024-09-17 10:55:37.434000,415.6209849777797,101
2024-09-17 10:55:37.438000,415.60563597664486,8
2024-09-17 10:55:37.479000,415.56289431885006,1004
2024-09-17 10:55:37.514000,415.6194017924274,9
2024-09-17 10:55:37.562000,415.60470421738086,12
2024-09-17 10:55:37.595000,415.5976236690625,1000
2024-09-17 10:55:37.629000,415.5858138920141,8
2024-09-17 10:55:37.633000,415.601951160351,14
2024-09-17 10:55:37.791000,415.6044626272193,104
2024-09-17 10:55:37.816000,415.599176311435,999
2024-09-17 10:55:37.851000,415.6121037220476,10
2024-09-17 10:55:37.853000,415.5856033642508,1004
2024-09-17 10:55:37.920000,415.61267860987664,1000
2024-09-17 10:55:37.929000,415.6022907578976,97
2024-09-17 10:55:37.963000,415.572036811437,105
2024-09-17 10:55:37.974000,415.5601580679844,10
2024-09-17 10:55:37.976000,415.61239453994006,95
2024-09-17 10:55:38.044000,415.54978982149896,999
2024-09-17 10:55:38.052000,415.6076863017289,104
2024-09-17 10:55:38.076000,415.5101713831512,9
2024-09-17 10:55:38.105000,415.6020247078048,10
2024-09-17 10:55:38.129000,415.6027515433449,105
2024-09-17 10:55:38.198000,415.5522164237769,11
2024-09-17 10:55:38.202000,415.55909965837935,96
2024-09-17 10:55:38.238000,415.52527736613627,101
2024-09-17 10:55:38.308000,415.6119403080384,6
2024-09-17 10:55:38.318000,415.5203903106252,5
2024-09-17 10:55:38.344000,415.57156038587806,12
2024-09-17 10:55:38.352000,415.537279801277,11
2024-09-17 10:55:38.406000,415.5322169563223,96
2024-09-17 10:55:38.543000,415.59299239084015,101
2024-09-17 10:55:38.551000,415.6108043277968,98
2024-09-17 10:55:38.632000,415.5525228369377,1003
2024-09-17 10:55:38.678000,415.5506762109061,99
2024-09-17 10:55:38.718000,415.5654484067306,9
2024-09-17 10:55:38.749000,415.5915996758667,12
2024-09-17 10:55:38.878000,415.51497257486506,100
2024-09-17 10:55:38.884000,415.5785393424409,6
2024-09-17 10:55:38.920000,415.6105883789412,997
2024-09-17 10:55:38.931000,415.4976741843777,1003
2024-09-17 10:55:38.977000,415.61126899126174,95
2024-09-17 10:55:38.985000,415.60228309782246,104
2024-09-17 10:55:39.066000,415.4909855737591,102
2024-09-17 10:55:39.090000,415.4807250799241,97
2024-09-17 10:55:39.093000,415.5043304575715,100
2024-09-17 10:55:39.285000,415.5207080336946,10
2024-09-17 10:55:39.334000,415.519853855661,99
2024-09-17 10:55:39.360000,415.49436168392754,998
2024-09-17 10:55:39.434000,415.516322773469,1000
2024-09-17 10:55:39.599000,415.4923101482188,96
2024-09-17 10:55:39.754000,415.5062635116605,10
2024-09-17 10:55:39.765000,415.497811235016,105
2024-09-17 10:55:39.815000,415.5070034464376,102
2024-09-17 10:55:39.869000,415.5277095297829,12
2024-09-17 10:55:39.927000,415.51815173690966,998
2024-09-17 10:55:39.932000,415.51319554137206,999
2024-09-17 10:55:39.990000,415.5124768900891,100
2024-09-17 10:55:40.020000,415.5084988942302,97
2024-09-17 10:55:40.065000,415.4979583338428,104
2024-09-17 10:55:40.091000,415.5126765660584,7
2024-09-17 10:55:40.143000,415.5112886430792,97
2024-09-17 10:55:40.184000,415.5394276750956,97
2024-09-17 10:55:40.303000,415.536381138324,995
2024-09-17 10:55:40.341000,415.5207100478783,1005
2024-09-17 10:55:40.546000,415.51802739744335,997
2024-09-17 10:55:40.587000,415.5358073788798,104
2024-09-17 10:55:40.606000,415.5155793064321,8
2024-09-17 10:55:40.684000,415.5467288792335,997
2024-09-17 10:55:40.729000,415.522248929808,1004
2024-09-17 10:55:40.775000,415.4983197314114,997
2024-09-17 10:55:40.910000,415.5266888795034,996
2024-09-17 10:55:40.911000,415.52030668760136,12
2024-09-17 10:55:41.002000,415.4129528782513,98
2024-09-17 10:55:41.048000,415.41404703511074,1000
2024-09-17 10:55:41.167000,415.54174918643935,10
2024-09-17 10:55:41.175000,415.531581650387,13
2024-09-17 10:55:41.176000,415.5343395918151,6
2024-09-17 10:55:41.187000,415.4869284822857,997
2024-09-17 10:55:41.223000,415.427548631366,13
2024-09-17 10:55:41.289000,415.52301081133646,98
2024-09-17 10:55:41.323000,415.471763595879,999
2024-09-17 10:55:41.360000,415.4521543634892,11
2024-09-17 10:55:41.422000,415.55006207295526,999
2024-09-17 10:55:41.479000,415.4884348732884,5
2024-09-17 10:55:41.514000,415.5282806881791,97
2024-09-17 10:55:41.528000,415.3990982882453,1004
2024-09-17 10:55:41.615000,415.4142917171704,10
2024-09-17 10:55:41.691000,415.5077378048357,998
2024-09-17 10:55:41.696000,415.4781952418488,98
2024-09-17 10:55:41.809000,415.4016011841266,99
2024-09-17 10:55:41.857000,415.46966817403273,5
2024-09-17 10:55:41.864000,415.49392731003263,12
2024-09-17 10:55:41.902000,415.5336796095837,1003
2024-09-17 10:55:41.939000,415.4776751797474,7
2024-09-17 10:55:41.939000,415.527462607672,15
2024-09-17 10:55:41.974000,415.42559905226574,96
2024-09-17 10:55:42.561000,415.43703237969896,6
2024-09-17 10:55:43.088000,415.4258858403801,1001
2024-09-17 10:55:43.126000,415.4614274549812,10
2024-09-17 10:55:43.149000,415.45903786694686,11
2024-09-17 10:55:43.321000,415.46981443518615,10
2024-09-17 10:55:43.350000,415.4674177401708,102
2024-09-17 10:55:43.400000,415.46351744879496,103
2024-09-17 10:55:43.607000,415.4244796903657,96
2024-09-17 10:55:43.661000,415.4250262748851,1005
2024-09-17 10:55:43.701000,415.46159532458887,1003
2024-09-17 10:55:43.718000,415.4464261976703,14
2024-09-17 10:55:43.827000,415.4598747353387,104
2024-09-17 10:55:43.924000,415.42006839118136,15
2024-09-17 10:55:43.929000,415.435303507738,998
2024-09-17 10:55:43.963000,415.4261553517965,1005
2024-09-17 10:55:43.982000,415.4815940385416,7
2024-09-17 10:55:44.013000,415.41934366499856,1005
2024-09-17 10:55:44.044000,415.49241048748434,10
2024-09-17 10:55:44.049000,415.4400950668721,13
2024-09-17 10:55:44.120000,415.5231879688418,97
2024-09-17 10:55:44.151000,415.4661002511376,105
2024-09-17 10:55:44.182000,415.432057748535,101
2024-09-17 10:55:44.187000,415.474326427318,97
2024-09-17 10:55:44.306000,415.48945367030456,102
2024-09-17 10:55:44.342000,415.49293467501406,999
2024-09-17 10:55:44.355000,415.48121718380565,1004
2024-09-17 10:55:44.408000,415.4749358400287,95
2024-09-17 10:55:44.476000,415.4774429794596,6
2024-09-17 10:55:44.615000,415.465837432781,11
2024-09-17 10:55:44.659000,415.5080017590104,104
2024-09-17 10:55:44.697000,415.49073198082135,998
2024-09-17 10:55:44.735000,415.4698898012642,13
2024-09-17 10:55:44.785000,415.46202253901504,1005
2024-09-17 10:55:44.816000,415.4893636635961,104
2024-09-17 10:55:44.842000,415.4797304849545,105
2024-09-17 10:55:44.905000,415.45836691248473,11
2024-09-17 10:55:44.938000,415.51532947796994,96
2024-09-17 10:55:44.953000,415.4623199442469,95
2024-09-17 10:55:44.968000,415.50569575392376,15
2024-09-17 10:55:45.507000,415.46538697854754,14
2024-09-17 10:55:45.526000,415.4953117909623,13
2024-09-17 10:55:45.686000,415.4976395406478,13
2024-09-17 10:55:45.729000,415.5101322826205,1000
2024-09-17 10:55:46.214000,415.49985737858776,99
2024-09-17 10:55:46.259000,415.48926264196695,104
2024-09-17 10:55:46.327000,415.48317308338886,15
2024-09-17 10:55:46.345000,415.4931492938272,100
2024-09-17 10:55:46.673000,415.48770002957633,104
2024-09-17 10:55:46.873000,415.4881037628783,5
2024-09-17 10:55:46.962000,415.491049676029,100
2024-09-17 10:55:47.079000,415.445895923982,97
2024-09-17 10:55:47.112000,415.49929438437096,1004
2024-09-17 10:55:47.151000,415.4640079781767,1001
2024-09-17 10:55:47.200000,415.5115513437078,1003
2024-09-17 10:55:47.217000,415.4938779165949,999
2024-09-17 10:55:47.258000,415.47814615325626,1001
2024-09-17 10:55:47.283000,415.5037754941989,100
2024-09-17 10:55:47.298000,415.4837063278525,102
2024-09-17 10:55:47.373000,415.51242936067376,1003
2024-09-17 10:55:47.412000,415.46445528518046,6
2024-09-17 10:55:47.448000,415.4642188724283,8
2024-09-17 10:55:47.450000,415.5095351660095,998
2024-09-17 10:55:47.501000,415.50614540545456,1001
2024-09-17 10:55:47.528000,415.4688454839673,1000
2024-09-17 10:55:47.554000,415.5063725858781,15
2024-09-17 10:55:47.598000,415.4786807615556,96
2024-09-17 10:55:47.645000,415.505428323149,1004
2024-09-17 10:55:47.676000,415.4757911576492,7
2024-09-17 10:55:47.682000,415.49827800235386,1005
2024-09-17 10:55:47.683000,415.4655404374425,100
2024-09-17 10:55:47.689000,415.495401463525,999
2024-09-17 10:55:47.716000,415.47602822223496,105
2024-09-17 10:55:47.730000,415.46114798222624,105
2024-09-17 10:55:47.810000,415.4726710806425,1004
2024-09-17 10:55:47.836000,415.51459769832815,14
2024-09-17 10:55:47.871000,415.4687730903159,99
2024-09-17 10:55:47.954000,415.5070251369685,95
2024-09-17 10:55:47.998000,415.4542269316474,8
2024-09-17 10:55:48.019000,415.4673442957257,1000
2024-09-17 10:55:48.026000,415.4447373990269,97
2024-09-17 10:55:48.032000,415.4308752603295,995
2024-09-17 10:55:48.041000,415.4259058215924,104
2024-09-17 10:55:48.071000,415.42701351524863,96
2024-09-17 10:55:48.112000,415.4758244839274,10
2024-09-17 10:55:48.121000,415.48622650444935,100
2024-09-17 10:55:48.129000,415.4633474590494,103
2024-09-17 10:55:48.295000,415.481480217011,7
2024-09-17 10:55:48.296000,415.4062834394046,102
2024-09-17 10:55:48.497000,415.4826272547488,103
2024-09-17 10:55:48.503000,415.47660625263694,96
2024-09-17 10:55:48.572000,415.4770143389507,13
2024-09-17 10:55:48.582000,415.4740733473317,15
2024-09-17 10:55:48.602000,415.4083667877039,98
2024-09-17 10:55:48.703000,415.4496934598299,95
2024-09-17 10:55:48.722000,415.46942396580937,5
2024-09-17 10:55:48.777000,415.4922943573756,98
2024-09-17 10:55:48.818000,415.46239491887343,105
2024-09-17 10:55:49.179000,415.4355223174317,6
2024-09-17 10:55:49.362000,415.4493732253423,97
2024-09-17 10:55:49.557000,415.4210488955649,98
2024-09-17 10:55:49.594000,415.41737711571017,6
2024-09-17 10:55:49.628000,415.42469241112207,97
2024-09-17 10:55:49.673000,415.4254185723186,6
2024-09-17 10:55:49.677000,415.453562713151,1004
2024-09-17 10:55:49.697000,415.43879638406287,5
2024-09-17 10:55:49.711000,415.4361844546704,101
2024-09-17 10:55:49.779000,415.4273719409342,96
2024-09-17 10:55:49.820000,415.44199884904896,8
2024-09-17 10:55:49.946000,415.4393199461991,1005
2024-09-17 10:55:49.973000,415.44762601031965,103
2024-09-17 10:55:50.002000,415.46727571379097,1002
2024-09-17 10:55:50.006000,415.48271703553246,1003
2024-09-17 10:55:50.051000,415.4541929799124,1003
2024-09-17 10:55:50.063000,415.436710355801,96
2024-09-17 10:55:50.192000,415.44753840959714,102
2024-09-17 10:55:50.229000,415.47857824795,998
2024-09-17 10:55:50.257000,415.4369999835063,1002
2024-09-17 10:55:50.285000,415.4271078134993,13
2024-09-17 10:55:50.384000,415.465337587209,104
2024-09-17 10:55:50.396000,415.4431746806876,102
2024-09-17 10:55:50.407000,415.4461671851469,996
2024-09-17 10:55:50.502000,415.42571542006783,98
2024-09-17 10:55:50.527000,415.448698907475,1003
2024-09-17 10:55:50.610000,415.42411177634665,1001
2024-09-17 10:55:50.618000,415.4449345291625,995
2024-09-17 10:55:50.655000,415.4463518977995,99
2024-09-17 10:55:50.664000,415.4610954101767,95
2024-09-17 10:55:50.700000,415.4347146550003,997
2024-09-17 10:55:50.783000,415.4772965956584,1001
2024-09-17 10:55:50.882000,415.4342918665982,103
2024-09-17 10:55:50.904000,415.4412002650678,98
2024-09-17 10:55:50.922000,415.4234270251882,1001
2024-09-17 10:55:50.940000,415.4421918501821,5
2024-09-17 10:55:50.994000,415.4540461577609,103
2024-09-17 10:55:51.050000,415.4313975897125,5
2024-09-17 10:55:51.362000,415.4316344932552,998
2024-09-17 10:55:51.442000,415.4377735263816,97
2024-09-17 10:55:51.470000,415.4575478071403,99
2024-09-17 10:55:51.511000,415.4183010833372,1004
2024-09-17 10:55:51.519000,415.4610368465919,1003
2024-09-17 10:55:51.562000,415.420887520108,1004
2024-09-17 10:55:51.573000,415.43126087609687,8
2024-09-17 10:55:51.892000,415.4412548448645,15
2024-09-17 10:55:52.004000,415.5069319132696,15
2024-09-17 10:55:52.138000,415.4879862301784,8
2024-09-17 10:55:52.267000,415.5010848450856,95
2024-09-17 10:55:52.314000,415.4937509844081,95
2024-09-17 10:55:52.318000,415.4775117527743,1001
2024-09-17 10:55:52.326000,415.4936974982044,5
2024-09-17 10:55:52.328000,415.4810550328843,1004
2024-09-17 10:55:52.436000,415.4699222011486,6
2024-09-17 10:55:52.500000,415.4971093398796,103
2024-09-17 10:55:52.644000,415.4938660146941,1000
2024-09-17 10:55:52.654000,415.508252141612,5
2024-09-17 10:55:52.678000,415.465186133581,5
2024-09-17 10:55:52.703000,415.4437654294477,98
2024-09-17 10:55:52.710000,415.5046757690387,7
2024-09-17 10:55:52.748000,415.5143304298903,1003
2024-09-17 10:55:52.763000,415.5049595471544,1005
2024-09-17 10:55:52.781000,415.4826554108188,1004
2024-09-17 10:55:52.791000,415.4858383029244,103
2024-09-17 10:55:52.879000,415.4830003561222,98
2024-09-17 10:55:52.908000,415.4802097442882,998
2024-09-17 10:55:52.910000,415.4744556445171,5
2024-09-17 10:55:52.922000,415.4659022642219,9
2024-09-17 10:55:53.827000,415.48987780094006,1005
2024-09-17 10:55:54.423000,415.4860205192369,101
2024-09-17 10:55:54.519000,415.4766593584063,996
2024-09-17 10:55:55.080000,415.4515468549826,95
2024-09-17 10:55:55.092000,415.4695269946167,105
2024-09-17 10:55:55.111000,415.4485693657758,996
2024-09-17 10:55:55.221000,415.4571164455342,12
2024-09-17 10:55:55.256000,415.43168984613504,11
2024-09-17 10:55:55.267000,415.44160749756105,1005
2024-09-17 10:55:55.270000,415.48516177355066,6
2024-09-17 10:55:55.296000,415.4476698168827,103
2024-09-17 10:55:55.296000,415.45609585838383,95
2024-09-17 10:55:55.317000,415.4502445491433,8
2024-09-17 10:55:55.344000,415.4537324367918,996
2024-09-17 10:55:55.397000,415.46469214461047,14
2024-09-17 10:55:55.446000,415.4543976559664,7
2024-09-17 10:55:55.478000,415.44464718787697,105
2024-09-17 10:55:55.487000,415.4670677763811,102
2024-09-17 10:55:55.509000,415.4336054356159,104
2024-09-17 10:55:55.510000,415.478213858454,9
2024-09-17 10:55:55.605000,415.5080795682647,8
2024-09-17 10:55:55.649000,415.4345843233802,14
2024-09-17 10:55:55.745000,415.4334985622173,9
2024-09-17 10:55:55.751000,415.42911146886087,1004
2024-09-17 10:55:55.756000,415.4428128221011,1005
2024-09-17 10:55:55.760000,415.4581886925849,97
2024-09-17 10:55:55.805000,415.4649148222329,11
2024-09-17 10:55:55.806000,415.4447813166085,996
2024-09-17 10:55:55.840000,415.46607393400063,98
2024-09-17 10:55:55.951000,415.4682786090403,1000
2024-09-17 10:55:55.979000,415.44297208077984,1004
2024-09-17 10:55:55.994000,415.4537491460388,95
2024-09-17 10:55:56.015000,415.3554389317634,95
2024-09-17 10:55:56.027000,415.4097357362781,1003
2024-09-17 10:55:56.079000,415.3371890408041,999
2024-09-17 10:55:56.119000,415.3944223870974,1001
2024-09-17 10:55:56.170000,415.40314934651127,101
2024-09-17 10:55:56.325000,415.3844622374104,7
2024-09-17 10:55:56.357000,415.35058218219257,8
2024-09-17 10:55:56.519000,415.4124381134168,100
2024-09-17 10:55:56.568000,415.41583105282217,999
2024-09-17 10:55:56.592000,415.408880824216,998
2024-09-17 10:55:56.656000,415.4210332223193,98
2024-09-17 10:55:56.760000,415.350606371874,1003
2024-09-17 10:55:56.792000,415.3634267253644,15
2024-09-17 10:55:56.895000,415.4092704341169,14
2024-09-17 10:55:56.960000,415.3408624607209,8
2024-09-17 10:55:56.963000,415.4151267586445,97
2024-09-17 10:55:57.129000,415.443055249216,14
2024-09-17 10:55:57.187000,415.3866848821463,8
2024-09-17 10:55:57.189000,415.4168923901419,9
2024-09-17 10:55:57.194000,415.40511491392175,95
2024-09-17 10:55:57.198000,415.4297448691847,15
2024-09-17 10:55:57.264000,415.398665116306,99
2024-09-17 10:55:57.375000,415.4125679568569,1001
2024-09-17 10:55:57.430000,415.44813904880647,100
2024-09-17 10:55:57.467000,415.4168079947208,98
2024-09-17 10:55:57.564000,415.428195324514,105
2024-09-17 10:55:57.597000,415.439719966977,13
2024-09-17 10:55:57.664000,415.4090332701843,1005
2024-09-17 10:55:57.668000,415.4322895120535,96
2024-09-17 10:55:57.773000,415.4403686682506,96
2024-09-17 10:55:57.788000,415.4038538337416,8
2024-09-17 10:55:57.806000,415.4361707405761,13
2024-09-17 10:55:57.908000,415.4361331504623,12
2024-09-17 10:55:57.916000,415.4018849078526,1001
2024-09-17 10:55:57.945000,415.43736134107104,7
2024-09-17 10:55:57.988000,415.36900972369216,6
2024-09-17 10:55:58.808000,415.4492680498879,9
2024-09-17 10:55:59.016000,415.453129186917,13
2024-09-17 10:55:59.019000,415.4908751657631,95
2024-09-17 10:55:59.095000,415.5391928787498,6
2024-09-17 10:55:59.213000,415.4423624195415,105
2024-09-17 10:55:59.318000,415.44852369818784,13
2024-09-17 10:55:59.349000,415.4614551271357,1001
2024-09-17 10:55:59.438000,415.4832824775975,8
2024-09-17 10:55:59.497000,415.4971790790704,1005
2024-09-17 10:55:59.519000,415.4363516106634,15
2024-09-17 10:55:59.564000,415.5321522797265,12
2024-09-17 10:55:59.575000,415.4465492013832,9
2024-09-17 10:55:59.631000,415.44613721156907,99
2024-09-17 10:55:59.775000,415.439089839964,99
2024-09-17 10:55:59.824000,415.4348895810519,999
2024-09-17 10:55:59.872000,415.5309746584172,105
2024-09-17 10:55:59.910000,415.502483822678,1005
2024-09-17 10:55:59.955000,415.4393312382738,10
2024-09-17 10:55:59.993000,415.45161705947424,99
