Timestamp,Price,Size
2024-09-20 10:34:01.012000,422.5111978494787,1005
2024-09-20 10:34:01.186000,422.537090759304,1001
2024-09-20 10:34:01.218000,422.5382463959545,11
2024-09-20 10:34:01.226000,422.5113301239342,96
2024-09-20 10:34:01.287000,422.5229337125896,995
2024-09-20 10:34:01.442000,422.5595080228678,1001
2024-09-20 10:34:01.452000,422.5224090149577,1003
2024-09-20 10:34:01.474000,422.51474660143793,96
2024-09-20 10:34:01.486000,422.5396428612789,12
2024-09-20 10:34:01.576000,422.4937732070046,10
2024-09-20 10:34:01.603000,422.51680520904017,95
2024-09-20 10:34:01.647000,422.54540222328615,102
2024-09-20 10:34:01.704000,422.5371348532354,1001
2024-09-20 10:34:01.812000,422.5070508969973,12
2024-09-20 10:34:01.828000,422.4944953248978,100
2024-09-20 10:34:01.839000,422.5101988163077,1004
2024-09-20 10:34:02.507000,422.5172740157494,8
2024-09-20 10:34:02.527000,422.5208633938627,99
2024-09-20 10:34:02.540000,422.5168680553512,5
2024-09-20 10:34:02.546000,422.50919270309146,998
2024-09-20 10:34:02.790000,422.5278709929459,1004
2024-09-20 10:34:02.805000,422.5233664196418,14
2024-09-20 10:34:02.909000,422.52115186834976,997
2024-09-20 10:34:03.046000,422.5433384479402,11
2024-09-20 10:34:03.055000,422.5214288592493,997
2024-09-20 10:34:03.070000,422.5077419646127,997
2024-09-20 10:34:03.116000,422.5263131903802,97
2024-09-20 10:34:03.218000,422.5201708304056,13
2024-09-20 10:34:03.258000,422.5213822115144,12
2024-09-20 10:34:03.281000,422.5200438770692,1003
2024-09-20 10:34:03.336000,422.52324990921306,1004
2024-09-20 10:34:03.350000,422.52691771851886,999
2024-09-20 10:34:03.360000,422.5323087970282,996
2024-09-20 10:34:03.403000,422.5224112256937,996
2024-09-20 10:34:03.435000,422.516442585149,98
2024-09-20 10:34:03.453000,422.5499574120096,95
2024-09-20 10:34:03.467000,422.5247171783284,8
2024-09-20 10:34:03.608000,422.50708390651664,9
2024-09-20 10:34:03.617000,422.5170820628866,8
2024-09-20 10:34:03.624000,422.5495126634417,13
2024-09-20 10:34:03.644000,422.5151798340956,96
2024-09-20 10:34:03.664000,422.5213975961112,98
2024-09-20 10:34:03.758000,422.5481620270241,1001
2024-09-20 10:34:03.858000,422.5096100010816,997
2024-09-20 10:34:03.860000,422.56264053036745,96
2024-09-20 10:34:03.865000,422.51317933339584,98
2024-09-20 10:34:03.931000,422.52200982206574,11
2024-09-20 10:34:03.972000,422.4998883899484,5
2024-09-20 10:34:03.996000,422.5682557077752,100
2024-09-20 10:34:04.154000,422.495592739379,996
2024-09-20 10:34:04.224000,422.521749181231,98
2024-09-20 10:34:04.292000,422.483783859522,12
2024-09-20 10:34:04.320000,422.5306280038373,1005
2024-09-20 10:34:04.380000,422.5049070122661,15
2024-09-20 10:34:04.470000,422.4672865726212,1005
2024-09-20 10:34:04.490000,422.5235811398301,5
2024-09-20 10:34:04.530000,422.5189224261523,1002
2024-09-20 10:34:04.545000,422.4778657828131,103
2024-09-20 10:34:04.555000,422.50291833847245,7
2024-09-20 10:34:04.574000,422.5170688083048,99
2024-09-20 10:34:04.623000,422.483615358993,95
2024-09-20 10:34:04.777000,422.5009292178557,15
2024-09-20 10:34:04.809000,422.50487589852327,101
2024-09-20 10:34:04.889000,422.475139685137,996
2024-09-20 10:34:04.915000,422.4782643542969,999
2024-09-20 10:34:04.951000,422.4865775809159,1004
2024-09-20 10:34:04.975000,422.50229418100895,13
2024-09-20 10:34:05.014000,422.4853689172487,11
2024-09-20 10:34:05.025000,422.4658934975342,11
2024-09-20 10:34:05.054000,422.46376388755766,8
2024-09-20 10:34:05.091000,422.4768033951282,995
2024-09-20 10:34:05.252000,422.4737873581816,105
2024-09-20 10:34:05.335000,422.4901890954456,996
2024-09-20 10:34:05.338000,422.47562928875226,103
2024-09-20 10:34:05.448000,422.4812949204217,997
2024-09-20 10:34:05.547000,422.48221747230144,999
2024-09-20 10:34:05.586000,422.4802461172689,7
2024-09-20 10:34:05.631000,422.4838202116267,95
2024-09-20 10:34:05.651000,422.47941189347614,13
2024-09-20 10:34:05.693000,422.4620984082631,103
2024-09-20 10:34:05.818000,422.46445263356514,6
2024-09-20 10:34:05.858000,422.48347596551713,997
2024-09-20 10:34:05.987000,422.4620306077989,995
2024-09-20 10:34:06.135000,422.5408804472352,1002
2024-09-20 10:34:06.352000,422.5340945461419,1004
2024-09-20 10:34:06.430000,422.4983252259783,103
2024-09-20 10:34:06.459000,422.514544646647,96
2024-09-20 10:34:06.481000,422.53783832207176,99
2024-09-20 10:34:06.646000,422.5285653976638,13
2024-09-20 10:34:06.730000,422.4789948610602,95
2024-09-20 10:34:06.765000,422.5384875024526,1004
2024-09-20 10:34:06.766000,422.5270230578837,12
2024-09-20 10:34:06.771000,422.5009641252825,999
2024-09-20 10:34:06.785000,422.5055824038628,101
2024-09-20 10:34:06.816000,422.5237629778412,9
2024-09-20 10:34:06.818000,422.4863033934073,998
2024-09-20 10:34:06.842000,422.5153939662084,5
2024-09-20 10:34:06.869000,422.5349301105591,98
2024-09-20 10:34:06.971000,422.4755741826196,1000
2024-09-20 10:34:06.986000,422.4838187264406,104
2024-09-20 10:34:07.030000,422.5480460914437,101
2024-09-20 10:34:07.385000,422.55164622979817,96
2024-09-20 10:34:07.747000,422.5477558431001,1003
2024-09-20 10:34:08.158000,422.5317887205265,10
2024-09-20 10:34:08.214000,422.5111443202706,102
2024-09-20 10:34:08.233000,422.517783883842,998
2024-09-20 10:34:08.529000,422.5415597824641,95
2024-09-20 10:34:08.793000,422.51879649859154,996
2024-09-20 10:34:08.823000,422.5183163816586,997
2024-09-20 10:34:09.080000,422.4767209171733,9
2024-09-20 10:34:09.080000,422.5026663344999,999
2024-09-20 10:34:09.160000,422.5422540239091,1000
2024-09-20 10:34:09.168000,422.5427544448957,100
2024-09-20 10:34:09.181000,422.53501069604806,98
2024-09-20 10:34:09.212000,422.5601805373011,97
2024-09-20 10:34:09.220000,422.5031902115794,105
2024-09-20 10:34:09.239000,422.5052403404287,9
2024-09-20 10:34:09.265000,422.5063006383546,1002
2024-09-20 10:34:09.302000,422.4698498860095,98
2024-09-20 10:34:09.377000,422.5156123434841,14
2024-09-20 10:34:09.384000,422.4949675907891,15
2024-09-20 10:34:09.404000,422.5264813338547,12
2024-09-20 10:34:09.412000,422.48312672566215,1005
2024-09-20 10:34:09.451000,422.4796662194975,1001
2024-09-20 10:34:09.467000,422.5268290199633,97
2024-09-20 10:34:09.492000,422.5480427712708,1002
2024-09-20 10:34:09.502000,422.54551455156064,5
2024-09-20 10:34:09.554000,422.5364172217687,11
2024-09-20 10:34:09.585000,422.51718483970654,1000
2024-09-20 10:34:09.620000,422.4954107817202,105
2024-09-20 10:34:09.784000,422.5515922845444,999
2024-09-20 10:34:09.785000,422.49388064229225,996
2024-09-20 10:34:09.886000,422.5125696785781,10
2024-09-20 10:34:09.905000,422.51765957060826,95
2024-09-20 10:34:09.946000,422.53305691756304,14
2024-09-20 10:34:10.032000,422.6151734136868,1005
2024-09-20 10:34:10.037000,422.6196068499066,8
2024-09-20 10:34:10.073000,422.5755208110779,104
2024-09-20 10:34:10.083000,422.5940911405824,6
2024-09-20 10:34:10.215000,422.63985392825913,998
2024-09-20 10:34:10.244000,422.6131641901374,998
2024-09-20 10:34:10.254000,422.6094122203051,105
2024-09-20 10:34:10.300000,422.6218831491972,102
2024-09-20 10:34:10.342000,422.6327874915857,14
2024-09-20 10:34:10.395000,422.63401844614015,1003
2024-09-20 10:34:10.437000,422.6056309790851,8
2024-09-20 10:34:10.471000,422.5212985483283,105
2024-09-20 10:34:10.588000,422.5461060258301,98
2024-09-20 10:34:10.604000,422.61890322032747,97
2024-09-20 10:34:10.614000,422.6362749298576,1002
2024-09-20 10:34:10.655000,422.6227639862289,9
2024-09-20 10:34:10.667000,422.6128792551988,6
2024-09-20 10:34:10.679000,422.5636925135794,101
2024-09-20 10:34:10.694000,422.59557729536914,997
2024-09-20 10:34:10.790000,422.6350522671936,99
2024-09-20 10:34:10.828000,422.6345801108457,100
2024-09-20 10:34:10.885000,422.6069505199628,100
2024-09-20 10:34:10.917000,422.5862336475526,9
2024-09-20 10:34:10.928000,422.5516296864438,100
2024-09-20 10:34:10.941000,422.6466253034869,12
2024-09-20 10:34:10.950000,422.515295770103,96
2024-09-20 10:34:11.169000,422.6004114088556,100
2024-09-20 10:34:11.287000,422.6225988041084,1003
2024-09-20 10:34:11.358000,422.5966697762838,14
2024-09-20 10:34:11.784000,422.5814873766137,104
2024-09-20 10:34:12.025000,422.5615924162993,998
2024-09-20 10:34:12.149000,422.5777378107205,1004
2024-09-20 10:34:12.162000,422.5984425693752,97
2024-09-20 10:34:12.185000,422.6027597522335,1001
2024-09-20 10:34:12.222000,422.6130003599461,6
2024-09-20 10:34:12.262000,422.5731077128064,100
2024-09-20 10:34:12.293000,422.5714282164785,1001
2024-09-20 10:34:12.294000,422.5669315851747,6
2024-09-20 10:34:12.375000,422.63141023443626,100
2024-09-20 10:34:12.377000,422.5588813120148,7
2024-09-20 10:34:12.416000,422.6149514365267,6
2024-09-20 10:34:12.417000,422.6090925361358,10
2024-09-20 10:34:12.474000,422.5918758292808,998
2024-09-20 10:34:12.557000,422.611394951861,102
2024-09-20 10:34:12.561000,422.5770402273915,1003
2024-09-20 10:34:12.600000,422.6295539063322,996
2024-09-20 10:34:12.617000,422.5768827357559,9
2024-09-20 10:34:12.620000,422.5490037390397,99
2024-09-20 10:34:12.640000,422.5500858156527,104
2024-09-20 10:34:12.713000,422.5928988384037,1002
2024-09-20 10:34:12.797000,422.61274145117096,97
2024-09-20 10:34:12.798000,422.6061656763487,997
2024-09-20 10:34:12.853000,422.6026678343649,101
2024-09-20 10:34:12.872000,422.59046042375616,1004
2024-09-20 10:34:12.878000,422.576746261021,105
2024-09-20 10:34:12.975000,422.5596146328673,105
2024-09-20 10:34:13.049000,422.6211254526119,1003
2024-09-20 10:34:13.187000,422.6314943982948,11
2024-09-20 10:34:13.278000,422.6061339059099,100
2024-09-20 10:34:13.447000,422.562586338758,998
2024-09-20 10:34:13.475000,422.6359512016477,102
2024-09-20 10:34:13.671000,422.59971075562737,6
2024-09-20 10:34:13.879000,422.6070915663323,999
2024-09-20 10:34:13.982000,422.59385075281983,95
2024-09-20 10:34:14.069000,422.5717090364482,15
2024-09-20 10:34:14.080000,422.5255481405824,1000
2024-09-20 10:34:14.091000,422.57027427541743,99
2024-09-20 10:34:14.147000,422.5481354778066,996
2024-09-20 10:34:14.234000,422.5309071968665,14
2024-09-20 10:34:14.237000,422.54422205324,11
2024-09-20 10:34:14.329000,422.5339993175934,10
2024-09-20 10:34:14.357000,422.5500168458214,9
2024-09-20 10:34:14.420000,422.5283589280117,103
2024-09-20 10:34:14.427000,422.5946387999635,9
2024-09-20 10:34:14.482000,422.542149700551,98
2024-09-20 10:34:14.549000,422.5423253615356,997
2024-09-20 10:34:14.559000,422.5695346559448,998
2024-09-20 10:34:14.580000,422.5948791633716,11
2024-09-20 10:34:14.617000,422.5184948620337,995
2024-09-20 10:34:14.681000,422.5269983025235,8
2024-09-20 10:34:14.720000,422.58350083918464,13
2024-09-20 10:34:14.729000,422.5487616068159,12
2024-09-20 10:34:14.731000,422.54658153445314,95
2024-09-20 10:34:14.732000,422.56200030965744,6
2024-09-20 10:34:14.753000,422.5819243517989,11
2024-09-20 10:34:14.760000,422.5846752758892,11
2024-09-20 10:34:14.773000,422.5624931168288,5
2024-09-20 10:34:14.844000,422.5490500555185,12
2024-09-20 10:34:14.858000,422.588628360534,997
2024-09-20 10:34:14.890000,422.5436131705316,11
2024-09-20 10:34:14.937000,422.5503093405367,1000
2024-09-20 10:34:14.944000,422.56179462512034,8
2024-09-20 10:34:14.957000,422.5560605709389,97
2024-09-20 10:34:14.982000,422.5357779522132,5
2024-09-20 10:34:15.018000,422.56500495244296,95
2024-09-20 10:34:15.145000,422.559569071786,6
2024-09-20 10:34:15.416000,422.5868992697369,999
2024-09-20 10:34:15.650000,422.5643652192754,14
2024-09-20 10:34:15.880000,422.5760667796984,6
2024-09-20 10:34:16.105000,422.61135635091,96
2024-09-20 10:34:16.423000,422.5737862527143,1002
2024-09-20 10:34:16.525000,422.59165909995,997
2024-09-20 10:34:16.596000,422.638396576352,102
2024-09-20 10:34:16.654000,422.5939146386066,98
2024-09-20 10:34:16.916000,422.60480341841503,1003
2024-09-20 10:34:17.295000,422.6430727207413,1004
2024-09-20 10:34:17.861000,422.65769351890526,1005
2024-09-20 10:34:18.032000,422.65841388027474,7
2024-09-20 10:34:18.084000,422.6393693464998,95
2024-09-20 10:34:18.135000,422.6462495064093,1003
2024-09-20 10:34:18.140000,422.6407252839258,100
2024-09-20 10:34:18.175000,422.6659732942183,105
2024-09-20 10:34:18.188000,422.6819215718535,14
2024-09-20 10:34:18.202000,422.6512433671372,9
2024-09-20 10:34:18.250000,422.64805988248816,97
2024-09-20 10:34:18.286000,422.6730913261079,6
2024-09-20 10:34:18.380000,422.65031107663486,98
2024-09-20 10:34:18.384000,422.6695684364507,101
2024-09-20 10:34:18.401000,422.6210753682003,99
2024-09-20 10:34:18.446000,422.6593752157259,103
2024-09-20 10:34:18.467000,422.6132686082506,1001
2024-09-20 10:34:18.524000,422.6711609120017,13
2024-09-20 10:34:18.593000,422.64535746705695,1000
2024-09-20 10:34:18.615000,422.6312705900152,13
2024-09-20 10:34:18.626000,422.70125620454047,8
2024-09-20 10:34:18.659000,422.67089418685305,13
2024-09-20 10:34:18.685000,422.62139538177536,7
2024-09-20 10:34:18.710000,422.64584853221686,97
2024-09-20 10:34:18.749000,422.6639374214874,104
2024-09-20 10:34:18.798000,422.63048899672464,100
2024-09-20 10:34:18.886000,422.66117521049375,995
2024-09-20 10:34:18.903000,422.65965731193216,1002
2024-09-20 10:34:18.909000,422.64376366578455,998
2024-09-20 10:34:19.001000,422.6053560665868,96
2024-09-20 10:34:19.129000,422.6045683986302,98
2024-09-20 10:34:19.197000,422.6172201460917,1002
2024-09-20 10:34:19.219000,422.6471911139955,999
2024-09-20 10:34:19.270000,422.630691075168,11
2024-09-20 10:34:19.366000,422.5883192105964,99
2024-09-20 10:34:19.582000,422.5897295430873,1000
2024-09-20 10:34:19.585000,422.64162257287154,999
2024-09-20 10:34:19.626000,422.6232106461113,9
2024-09-20 10:34:20.022000,422.5827777231092,999
2024-09-20 10:34:20.055000,422.610705129119,5
2024-09-20 10:34:20.100000,422.5979330807229,99
2024-09-20 10:34:20.145000,422.6067236364372,96
2024-09-20 10:34:20.224000,422.6135920195849,8
2024-09-20 10:34:20.225000,422.621890679352,104
2024-09-20 10:34:20.225000,422.59952175810446,95
2024-09-20 10:34:20.506000,422.6229939583104,98
2024-09-20 10:34:20.520000,422.60336063618325,997
2024-09-20 10:34:20.566000,422.60134916414665,98
2024-09-20 10:34:20.592000,422.6278792446173,97
2024-09-20 10:34:20.609000,422.5903300356362,12
2024-09-20 10:34:20.695000,422.6259456398536,13
2024-09-20 10:34:20.714000,422.62291317838606,103
2024-09-20 10:34:20.718000,422.5944022520736,1000
2024-09-20 10:34:20.744000,422.6067046848581,999
2024-09-20 10:34:20.857000,422.58812938035857,1001
2024-09-20 10:34:20.875000,422.60552337227045,999
2024-09-20 10:34:20.893000,422.6123835624707,995
2024-09-20 10:34:21.016000,422.6158467406218,96
2024-09-20 10:34:21.042000,422.6094594846118,999
2024-09-20 10:34:21.070000,422.6255911538608,8
2024-09-20 10:34:21.092000,422.6324659588396,1001
2024-09-20 10:34:21.122000,422.6189458056497,1001
2024-09-20 10:34:21.164000,422.6566495452953,11
2024-09-20 10:34:21.170000,422.6233340675977,98
2024-09-20 10:34:21.216000,422.6090792563729,1001
2024-09-20 10:34:21.252000,422.6103824438284,102
2024-09-20 10:34:21.447000,422.6333265563737,14
2024-09-20 10:34:21.447000,422.6498305824673,95
2024-09-20 10:34:21.450000,422.6338333124842,97
2024-09-20 10:34:21.516000,422.65748978893714,96
2024-09-20 10:34:21.548000,422.61583969278377,8
2024-09-20 10:34:21.554000,422.6240588258513,1005
2024-09-20 10:34:21.676000,422.6298463375383,996
2024-09-20 10:34:21.679000,422.6500067739194,999
2024-09-20 10:34:21.681000,422.61496461750806,9
2024-09-20 10:34:21.730000,422.6730919456781,15
2024-09-20 10:34:21.845000,422.6709415186097,97
2024-09-20 10:34:21.916000,422.6342244239364,5
2024-09-20 10:34:21.981000,422.61892175909713,10
2024-09-20 10:34:21.995000,422.61425811887466,103
2024-09-20 10:34:22.063000,422.6328558306045,102
2024-09-20 10:34:22.104000,422.6469553933369,7
2024-09-20 10:34:22.157000,422.5793088577344,999
2024-09-20 10:34:22.179000,422.5801301457679,100
2024-09-20 10:34:22.256000,422.6266165698534,995
2024-09-20 10:34:22.276000,422.642560095913,999
2024-09-20 10:34:22.323000,422.66456889560703,102
2024-09-20 10:34:22.335000,422.6360014054141,8
2024-09-20 10:34:22.375000,422.62932020671934,104
2024-09-20 10:34:22.393000,422.5903231374529,13
2024-09-20 10:34:22.396000,422.6096864100922,104
2024-09-20 10:34:22.443000,422.6168920598497,1005
2024-09-20 10:34:22.465000,422.59699794201134,8
2024-09-20 10:34:22.511000,422.5817245275451,10
2024-09-20 10:34:22.549000,422.63528572903584,995
2024-09-20 10:34:22.553000,422.5850209709802,97
2024-09-20 10:34:22.613000,422.5996929860757,11
2024-09-20 10:34:22.637000,422.5865464795744,105
2024-09-20 10:34:22.656000,422.6277650674946,15
2024-09-20 10:34:22.680000,422.6220622976292,8
2024-09-20 10:34:22.681000,422.6371384415791,1005
2024-09-20 10:34:22.787000,422.5719999920656,97
2024-09-20 10:34:22.845000,422.61420006664144,12
2024-09-20 10:34:22.845000,422.6328613525753,11
2024-09-20 10:34:22.862000,422.59236890592416,96
2024-09-20 10:34:22.882000,422.6386500985791,105
2024-09-20 10:34:22.936000,422.6375838617124,10
2024-09-20 10:34:22.985000,422.6286682537069,997
2024-09-20 10:34:23.004000,422.5512283017856,10
2024-09-20 10:34:23.032000,422.531060189568,97
2024-09-20 10:34:23.033000,422.5757631555455,13
2024-09-20 10:34:23.105000,422.5357619113943,5
2024-09-20 10:34:23.129000,422.5688566226324,105
2024-09-20 10:34:23.172000,422.58200381026313,10
2024-09-20 10:34:23.183000,422.5289327390942,999
2024-09-20 10:34:23.190000,422.607080571538,13
2024-09-20 10:34:23.255000,422.5408525038504,7
2024-09-20 10:34:23.392000,422.5836306646228,11
2024-09-20 10:34:23.466000,422.5474393219834,997
2024-09-20 10:34:23.724000,422.5483719572212,998
2024-09-20 10:34:23.746000,422.54803326193127,95
2024-09-20 10:34:23.818000,422.5649169573712,12
2024-09-20 10:34:23.863000,422.5375352578781,1004
2024-09-20 10:34:23.865000,422.5335192379936,997
2024-09-20 10:34:23.888000,422.5442053630481,96
2024-09-20 10:34:23.926000,422.5535887094062,11
2024-09-20 10:34:23.933000,422.5418400809544,103
2024-09-20 10:34:23.942000,422.58712749753386,103
2024-09-20 10:34:23.955000,422.5488342811311,6
2024-09-20 10:34:23.978000,422.6048691298854,1002
2024-09-20 10:34:23.979000,422.5487200656853,1003
2024-09-20 10:34:24.043000,422.53820905785307,9
2024-09-20 10:34:24.125000,422.5542019420533,8
2024-09-20 10:34:24.128000,422.53697033484633,98
2024-09-20 10:34:24.134000,422.5400123079019,996
2024-09-20 10:34:24.648000,422.54389279594807,1004
2024-09-20 10:34:25.125000,422.5566031074224,105
2024-09-20 10:34:26.004000,422.57972877906985,105
2024-09-20 10:34:26.040000,422.60250986918845,101
2024-09-20 10:34:26.050000,422.5931401146221,996
2024-09-20 10:34:26.112000,422.5141665199892,95
2024-09-20 10:34:26.114000,422.53388415499074,995
2024-09-20 10:34:26.175000,422.5014608919162,998
2024-09-20 10:34:26.183000,422.5066194676066,97
2024-09-20 10:34:26.233000,422.51079262715547,10
2024-09-20 10:34:26.294000,422.5885396522205,998
2024-09-20 10:34:26.294000,422.4951192216864,10
2024-09-20 10:34:26.328000,422.58631568821176,97
2024-09-20 10:34:26.364000,422.4968204233651,95
2024-09-20 10:34:26.372000,422.4855928646375,98
2024-09-20 10:34:26.462000,422.52579403879713,98
2024-09-20 10:34:26.480000,422.5045568202445,998
2024-09-20 10:34:26.546000,422.5808651862826,96
2024-09-20 10:34:26.554000,422.5128800514693,11
2024-09-20 10:34:26.595000,422.593836339624,101
2024-09-20 10:34:26.638000,422.4997945878699,13
2024-09-20 10:34:26.644000,422.5347761110617,999
2024-09-20 10:34:26.736000,422.5648692381242,5
2024-09-20 10:34:26.860000,422.570679863745,102
2024-09-20 10:34:26.937000,422.5693188347436,11
2024-09-20 10:34:26.956000,422.523423219571,6
2024-09-20 10:34:27.191000,422.522945030261,12
2024-09-20 10:34:28.008000,422.5282212331672,98
2024-09-20 10:34:28.077000,422.530066828707,13
2024-09-20 10:34:28.493000,422.5319720553052,15
2024-09-20 10:34:28.521000,422.5238867908243,6
2024-09-20 10:34:28.775000,422.5425606299197,102
2024-09-20 10:34:29.001000,422.4961216500459,100
2024-09-20 10:34:29.034000,422.5720009738252,1004
2024-09-20 10:34:29.046000,422.5264916336113,104
2024-09-20 10:34:29.078000,422.4821559010584,105
2024-09-20 10:34:29.114000,422.5005310143322,15
2024-09-20 10:34:29.144000,422.4802924443002,11
2024-09-20 10:34:29.144000,422.4660434972301,6
2024-09-20 10:34:29.164000,422.4836962071481,1002
2024-09-20 10:34:29.227000,422.46862384485127,97
2024-09-20 10:34:29.266000,422.55985916926346,15
2024-09-20 10:34:29.304000,422.4864619828005,5
2024-09-20 10:34:29.306000,422.46856610468905,99
2024-09-20 10:34:29.412000,422.49313800009713,103
2024-09-20 10:34:29.480000,422.5723788644029,98
2024-09-20 10:34:29.498000,422.54264484811046,5
2024-09-20 10:34:29.503000,422.4971023797673,7
2024-09-20 10:34:29.617000,422.4882279490077,999
2024-09-20 10:34:29.681000,422.5314263578745,98
2024-09-20 10:34:29.690000,422.53501110189376,105
2024-09-20 10:34:29.723000,422.5683163895206,1003
2024-09-20 10:34:29.840000,422.50357710141714,96
2024-09-20 10:34:29.848000,422.5542477469865,103
2024-09-20 10:34:29.889000,422.5738788303871,1003
2024-09-20 10:34:29.901000,422.4800352642641,105
2024-09-20 10:34:29.926000,422.5718772353056,1000
2024-09-20 10:34:29.952000,422.50496449472985,97
2024-09-20 10:34:30.023000,422.4468054125475,14
2024-09-20 10:34:30.170000,422.4644185369408,1003
2024-09-20 10:34:30.179000,422.4964242232281,1000
2024-09-20 10:34:30.206000,422.4338447737222,998
2024-09-20 10:34:30.366000,422.4648864954169,1005
2024-09-20 10:34:30.370000,422.4778305256523,6
2024-09-20 10:34:30.401000,422.4487814738082,999
2024-09-20 10:34:30.513000,422.48423971163305,95
2024-09-20 10:34:30.596000,422.4407914167804,995
2024-09-20 10:34:30.743000,422.4555928474823,104
2024-09-20 10:34:30.743000,422.4294369330996,10
2024-09-20 10:34:30.795000,422.4695089304089,10
2024-09-20 10:34:30.847000,422.504280075164,12
2024-09-20 10:34:30.861000,422.45335507502335,12
2024-09-20 10:34:30.892000,422.4655533342413,999
2024-09-20 10:34:30.974000,422.4716052522298,1005
2024-09-20 10:34:31.008000,422.4566371605864,1002
2024-09-20 10:34:31.069000,422.4435582689349,1000
2024-09-20 10:34:31.140000,422.4317539451325,105
2024-09-20 10:34:31.303000,422.43528430378217,12
2024-09-20 10:34:31.393000,422.4376865881664,11
2024-09-20 10:34:31.709000,422.45741367897807,13
2024-09-20 10:34:31.911000,422.4367110370016,105
2024-09-20 10:34:31.947000,422.4287943540406,1003
2024-09-20 10:34:31.948000,422.4335978511467,5
2024-09-20 10:34:32.021000,422.4354572677069,97
2024-09-20 10:34:32.370000,422.42379274787874,15
2024-09-20 10:34:32.743000,422.4350138923165,15
2024-09-20 10:34:32.780000,422.41484725023344,6
2024-09-20 10:34:32.935000,422.42301235799056,13
2024-09-20 10:34:32.979000,422.4322829188919,6
2024-09-20 10:34:33,422.39886592061663,101
2024-09-20 10:34:33.076000,422.4168503464802,104
2024-09-20 10:34:33.117000,422.3937404190136,8
2024-09-20 10:34:33.128000,422.4103159219761,7
2024-09-20 10:34:33.139000,422.400760488839,1003
2024-09-20 10:34:33.147000,422.4102233709478,11
2024-09-20 10:34:33.311000,422.4012516681707,11
2024-09-20 10:34:33.333000,422.4333882299944,12
2024-09-20 10:34:33.482000,422.4223758892676,96
2024-09-20 10:34:33.542000,422.4174983437709,102
2024-09-20 10:34:33.545000,422.4330065433318,11
2024-09-20 10:34:33.701000,422.42352644973295,96
2024-09-20 10:34:33.715000,422.4054626435749,5
2024-09-20 10:34:33.933000,422.4146890206813,103
2024-09-20 10:34:34.246000,422.42195882696967,100
2024-09-20 10:34:34.500000,422.4232391699575,1001
2024-09-20 10:34:34.752000,422.4181653029143,1004
2024-09-20 10:34:35.205000,422.4122766148819,1004
2024-09-20 10:34:35.255000,422.4261558666125,998
2024-09-20 10:34:35.305000,422.415495076194,13
2024-09-20 10:34:35.444000,422.4243220057623,12
2024-09-20 10:34:35.561000,422.4107341989427,996
2024-09-20 10:34:35.593000,422.42466773418806,995
2024-09-20 10:34:35.731000,422.4330394634394,5
2024-09-20 10:34:35.776000,422.4237429257664,95
2024-09-20 10:34:35.794000,422.41847779310166,997
2024-09-20 10:34:35.809000,422.42383689291296,96
2024-09-20 10:34:35.916000,422.4177080906654,11
2024-09-20 10:34:36.017000,422.43804139854655,15
2024-09-20 10:34:36.065000,422.43975892620017,1005
2024-09-20 10:34:36.236000,422.4167894009611,97
2024-09-20 10:34:36.383000,422.4087183718014,9
2024-09-20 10:34:36.420000,422.41923966446126,8
2024-09-20 10:34:36.629000,422.4436520881172,14
2024-09-20 10:34:36.830000,422.4162777494929,12
2024-09-20 10:34:37.227000,422.42338258043264,99
2024-09-20 10:34:37.381000,422.4337711036756,8
2024-09-20 10:34:37.427000,422.4359083940578,98
2024-09-20 10:34:37.442000,422.4230194293567,998
2024-09-20 10:34:37.561000,422.4094706643437,1003
2024-09-20 10:34:37.883000,422.4235570987541,96
2024-09-20 10:34:38.013000,422.3813296662914,10
2024-09-20 10:34:38.020000,422.3854128844423,104
2024-09-20 10:34:38.035000,422.3644945278864,996
2024-09-20 10:34:38.425000,422.3866156456236,6
2024-09-20 10:34:38.667000,422.371678885638,995
2024-09-20 10:34:38.890000,422.3758170832198,1002
2024-09-20 10:34:38.956000,422.38443628508094,95
2024-09-20 10:34:39.113000,422.45946130837234,102
2024-09-20 10:34:39.229000,422.4141379562606,9
2024-09-20 10:34:39.281000,422.42090114716746,10
2024-09-20 10:34:39.330000,422.39836872078087,104
2024-09-20 10:34:39.386000,422.391455636181,11
2024-09-20 10:34:39.410000,422.3981201745522,11
2024-09-20 10:34:39.461000,422.40446724302257,10
2024-09-20 10:34:39.539000,422.42443732072144,98
2024-09-20 10:34:39.608000,422.4101428729896,99
2024-09-20 10:34:39.657000,422.459659015834,1003
2024-09-20 10:34:39.671000,422.39416126100457,998
2024-09-20 10:34:39.700000,422.3877792109496,8
2024-09-20 10:34:39.777000,422.4248633922421,998
2024-09-20 10:34:39.789000,422.4539025515175,95
2024-09-20 10:34:39.852000,422.4369111562997,998
2024-09-20 10:34:39.929000,422.40820951062136,1000
2024-09-20 10:34:39.969000,422.4358856912406,13
2024-09-20 10:34:39.974000,422.3924135578111,1001
2024-09-20 10:34:40.028000,422.472978152264,13
2024-09-20 10:34:40.034000,422.47190642596325,99
2024-09-20 10:34:40.249000,422.4409657520077,7
2024-09-20 10:34:40.472000,422.430087580179,14
2024-09-20 10:34:40.548000,422.4349180320439,12
2024-09-20 10:34:40.610000,422.4343288161923,98
2024-09-20 10:34:40.644000,422.4212996380268,998
2024-09-20 10:34:40.833000,422.4385866339909,98
2024-09-20 10:34:41.012000,422.4531016064457,14
2024-09-20 10:34:41.040000,422.4835604285666,13
2024-09-20 10:34:41.044000,422.4657534862815,95
2024-09-20 10:34:41.048000,422.4615274573775,14
2024-09-20 10:34:41.065000,422.4804985542426,5
2024-09-20 10:34:41.090000,422.4590407449945,1002
2024-09-20 10:34:41.120000,422.4877449511522,1003
2024-09-20 10:34:41.210000,422.4411035106066,12
2024-09-20 10:34:41.239000,422.45774867058975,7
2024-09-20 10:34:41.261000,422.4654235687569,100
2024-09-20 10:34:41.281000,422.4706083881478,15
2024-09-20 10:34:41.292000,422.4715955251089,995
2024-09-20 10:34:41.333000,422.4403386558435,102
2024-09-20 10:34:41.417000,422.47441634718376,14
2024-09-20 10:34:41.516000,422.4770788051621,102
2024-09-20 10:34:41.558000,422.4847327371157,13
2024-09-20 10:34:41.624000,422.43247276027273,1005
2024-09-20 10:34:41.645000,422.46514429949616,1004
2024-09-20 10:34:41.672000,422.4668487102163,5
2024-09-20 10:34:41.684000,422.46453073224274,7
2024-09-20 10:34:41.712000,422.4774089221741,10
2024-09-20 10:34:41.722000,422.4526910672705,14
2024-09-20 10:34:41.739000,422.468623360708,11
2024-09-20 10:34:41.771000,422.4610807183359,95
2024-09-20 10:34:41.792000,422.4498213631039,5
2024-09-20 10:34:41.816000,422.4776509584128,997
2024-09-20 10:34:41.956000,422.4760072076564,1000
2024-09-20 10:34:42.002000,422.4505727316184,6
2024-09-20 10:34:42.005000,422.4544155702344,998
2024-09-20 10:34:42.036000,422.3882013676552,98
2024-09-20 10:34:42.079000,422.41560907099904,14
2024-09-20 10:34:42.110000,422.4519476648526,103
2024-09-20 10:34:42.251000,422.43324862316064,95
2024-09-20 10:34:42.290000,422.4058549896792,7
2024-09-20 10:34:42.313000,422.4648434118363,99
2024-09-20 10:34:42.342000,422.4262709174291,13
2024-09-20 10:34:42.380000,422.4072036084708,995
2024-09-20 10:34:42.418000,422.41895898485785,1005
2024-09-20 10:34:42.450000,422.44253905361154,101
2024-09-20 10:34:42.491000,422.4467418274574,995
2024-09-20 10:34:42.504000,422.4468286686441,103
2024-09-20 10:34:42.541000,422.39906347726657,97
2024-09-20 10:34:42.612000,422.4769062820177,997
2024-09-20 10:34:42.666000,422.46152020309785,5
2024-09-20 10:34:42.709000,422.46339389431455,98
2024-09-20 10:34:42.741000,422.4599705630822,96
2024-09-20 10:34:42.766000,422.4355938482355,9
2024-09-20 10:34:42.785000,422.4314292377233,13
2024-09-20 10:34:42.808000,422.3969986180383,7
2024-09-20 10:34:42.842000,422.42737749601673,8
2024-09-20 10:34:42.866000,422.43581948778615,1005
2024-09-20 10:34:42.960000,422.4437276804183,996
2024-09-20 10:34:42.978000,422.46607812649233,105
2024-09-20 10:34:42.988000,422.474616759747,14
2024-09-20 10:34:43.007000,422.3999698810732,98
2024-09-20 10:34:43.009000,422.4058313710888,102
2024-09-20 10:34:43.045000,422.3759333744884,15
2024-09-20 10:34:43.160000,422.4030953052237,6
2024-09-20 10:34:43.214000,422.3890041555222,1001
2024-09-20 10:34:43.248000,422.4082470529007,97
2024-09-20 10:34:43.292000,422.39666820757554,10
2024-09-20 10:34:43.404000,422.4009952273249,98
2024-09-20 10:34:43.519000,422.36481118004616,995
2024-09-20 10:34:43.584000,422.3792373304511,96
2024-09-20 10:34:43.588000,422.4013230013556,997
2024-09-20 10:34:43.638000,422.4055404805623,98
2024-09-20 10:34:43.709000,422.3632077773999,14
2024-09-20 10:34:43.744000,422.3902956855753,99
2024-09-20 10:34:43.814000,422.3854639473872,1001
2024-09-20 10:34:43.888000,422.3981513642828,998
2024-09-20 10:34:43.890000,422.3938555900564,14
2024-09-20 10:34:43.943000,422.3730047441169,10
2024-09-20 10:34:43.982000,422.4216121198292,14
2024-09-20 10:34:43.982000,422.4173336972407,1002
2024-09-20 10:34:44.373000,422.377996530463,100
2024-09-20 10:34:44.754000,422.3681564453137,996
2024-09-20 10:34:44.828000,422.36467269534194,102
2024-09-20 10:34:45.027000,422.3857308085044,1003
2024-09-20 10:34:45.100000,422.3782193603664,10
2024-09-20 10:34:45.127000,422.3716636477801,97
2024-09-20 10:34:45.151000,422.3691727440856,13
2024-09-20 10:34:45.185000,422.39017645605793,101
2024-09-20 10:34:45.223000,422.3794283610482,12
2024-09-20 10:34:45.323000,422.3876363296384,996
2024-09-20 10:34:45.409000,422.3780442019647,1005
2024-09-20 10:34:45.424000,422.3939292695296,1000
2024-09-20 10:34:45.457000,422.39080217975055,997
2024-09-20 10:34:45.540000,422.3802174735967,5
2024-09-20 10:34:45.624000,422.3815678060651,102
2024-09-20 10:34:45.676000,422.37318986290506,101
2024-09-20 10:34:45.716000,422.3788319868734,103
2024-09-20 10:34:45.842000,422.3974977007484,13
2024-09-20 10:34:47.130000,422.394166758709,1001
2024-09-20 10:34:47.210000,422.3427519057556,7
2024-09-20 10:34:47.327000,422.3834435758422,1005
2024-09-20 10:34:47.547000,422.369682957584,10
2024-09-20 10:34:47.715000,422.3227284906527,7
2024-09-20 10:34:47.766000,422.32243845216016,97
2024-09-20 10:34:47.805000,422.35608539483405,11
2024-09-20 10:34:47.943000,422.3612723911224,9
2024-09-20 10:34:47.993000,422.33867013460286,7
2024-09-20 10:34:48.054000,422.3194225485524,997
2024-09-20 10:34:48.055000,422.31939173520334,96
2024-09-20 10:34:48.090000,422.2877654200829,14
2024-09-20 10:34:48.199000,422.3126842213252,1002
2024-09-20 10:34:48.203000,422.3024662632821,6
2024-09-20 10:34:48.231000,422.2990793104258,15
2024-09-20 10:34:48.492000,422.3375908026308,8
2024-09-20 10:34:48.505000,422.3141015907517,97
2024-09-20 10:34:48.507000,422.32137111934856,97
2024-09-20 10:34:48.526000,422.3138068246648,97
2024-09-20 10:34:48.689000,422.29641886255473,999
2024-09-20 10:34:48.709000,422.3245308619199,15
2024-09-20 10:34:48.775000,422.28068879156615,100
2024-09-20 10:34:48.965000,422.32236500273206,995
2024-09-20 10:34:48.978000,422.3425410702108,1000
2024-09-20 10:34:49.054000,422.3064308653636,102
2024-09-20 10:34:49.186000,422.3073737170041,102
2024-09-20 10:34:49.194000,422.3210748194583,95
2024-09-20 10:34:49.215000,422.3117752830595,1002
2024-09-20 10:34:49.238000,422.3337208003846,1004
2024-09-20 10:34:49.253000,422.3207983102329,995
2024-09-20 10:34:49.278000,422.30577944584365,1005
2024-09-20 10:34:49.307000,422.3145588165386,99
2024-09-20 10:34:49.374000,422.3135996762344,1000
2024-09-20 10:34:49.430000,422.2947378310657,104
2024-09-20 10:34:49.493000,422.3097433350975,102
2024-09-20 10:34:49.550000,422.3051256396797,11
2024-09-20 10:34:49.675000,422.30744487892895,99
2024-09-20 10:34:49.742000,422.3386056529912,105
2024-09-20 10:34:49.768000,422.3346164002092,997
2024-09-20 10:34:49.785000,422.3019143260482,97
2024-09-20 10:34:49.824000,422.3124369715702,103
2024-09-20 10:34:49.901000,422.30343554873343,1000
2024-09-20 10:34:49.924000,422.32693353640025,5
2024-09-20 10:34:50,422.2793066825551,6
2024-09-20 10:34:50.010000,422.3142045526189,104
2024-09-20 10:34:50.023000,422.2946710037477,15
2024-09-20 10:34:50.058000,422.2884236022693,100
2024-09-20 10:34:50.148000,422.2717133687494,103
2024-09-20 10:34:50.188000,422.27331267836985,11
2024-09-20 10:34:50.208000,422.23391215281646,995
2024-09-20 10:34:50.225000,422.2642711657623,15
2024-09-20 10:34:50.237000,422.2988755665856,996
2024-09-20 10:34:50.285000,422.3030567869837,1000
2024-09-20 10:34:50.315000,422.3195926260891,1001
2024-09-20 10:34:50.358000,422.27901601746015,105
2024-09-20 10:34:50.368000,422.272492590982,9
2024-09-20 10:34:50.429000,422.2518694769688,97
2024-09-20 10:34:50.453000,422.2985610896958,8
2024-09-20 10:34:50.561000,422.231291944365,103
2024-09-20 10:34:50.610000,422.264377188845,997
2024-09-20 10:34:50.619000,422.2855590436264,105
2024-09-20 10:34:50.631000,422.2891593996756,105
2024-09-20 10:34:50.669000,422.2787173944088,999
2024-09-20 10:34:50.687000,422.2926349448118,998
2024-09-20 10:34:50.733000,422.3007241003685,1005
2024-09-20 10:34:50.774000,422.263229896964,95
2024-09-20 10:34:50.822000,422.2799664248205,103
2024-09-20 10:34:50.838000,422.29048323423206,1004
2024-09-20 10:34:50.859000,422.25348323113445,100
2024-09-20 10:34:51.024000,422.3131583292976,13
2024-09-20 10:34:51.050000,422.29725894495016,1001
2024-09-20 10:34:51.091000,422.3474659060491,104
2024-09-20 10:34:51.147000,422.3092661366845,997
2024-09-20 10:34:51.294000,422.30562130742686,12
2024-09-20 10:34:51.376000,422.2967705125452,1002
2024-09-20 10:34:51.434000,422.2533133125136,1002
2024-09-20 10:34:51.550000,422.31690492190097,1004
2024-09-20 10:34:51.557000,422.3129809596306,101
2024-09-20 10:34:51.680000,422.3109970422842,11
2024-09-20 10:34:51.681000,422.29297284685407,97
2024-09-20 10:34:51.689000,422.3142309203968,1002
2024-09-20 10:34:51.692000,422.2859809005623,15
2024-09-20 10:34:51.736000,422.3071279503625,10
2024-09-20 10:34:51.754000,422.30932553629685,12
2024-09-20 10:34:51.819000,422.2816133781645,102
2024-09-20 10:34:51.848000,422.2955747857261,995
2024-09-20 10:34:51.851000,422.3069437943026,1004
2024-09-20 10:34:51.897000,422.353097481109,11
2024-09-20 10:34:51.915000,422.3326534171591,1000
2024-09-20 10:34:51.945000,422.33091323150654,99
2024-09-20 10:34:51.980000,422.2534596061314,96
2024-09-20 10:34:52.132000,422.2995119198636,996
2024-09-20 10:34:52.148000,422.3314059315956,97
2024-09-20 10:34:52.206000,422.3179577796094,10
2024-09-20 10:34:52.258000,422.3337325073927,6
2024-09-20 10:34:52.262000,422.3054129308012,95
2024-09-20 10:34:52.273000,422.3020249761128,14
2024-09-20 10:34:52.286000,422.3120755705016,998
2024-09-20 10:34:52.364000,422.33286739978047,100
2024-09-20 10:34:52.371000,422.3404783157269,995
2024-09-20 10:34:52.407000,422.3029759420917,97
2024-09-20 10:34:52.407000,422.3292069265856,7
2024-09-20 10:34:52.425000,422.3036065852848,7
2024-09-20 10:34:52.426000,422.352916517347,1003
2024-09-20 10:34:52.464000,422.3349838114737,96
2024-09-20 10:34:52.605000,422.3328515562128,9
2024-09-20 10:34:52.623000,422.2826999880338,104
2024-09-20 10:34:52.759000,422.3081543564527,999
2024-09-20 10:34:52.766000,422.3221266492424,101
2024-09-20 10:34:52.884000,422.3136587894336,995
2024-09-20 10:34:53.023000,422.3232350678365,15
2024-09-20 10:34:53.043000,422.3143297351874,7
2024-09-20 10:34:53.047000,422.27385302192937,13
2024-09-20 10:34:53.068000,422.2980082504274,997
2024-09-20 10:34:53.355000,422.31600665952976,99
2024-09-20 10:34:53.386000,422.3509869244087,999
2024-09-20 10:34:53.419000,422.3063836142148,97
2024-09-20 10:34:53.440000,422.27838184008107,996
2024-09-20 10:34:53.503000,422.3370773340289,99
2024-09-20 10:34:53.514000,422.2745998515932,1005
2024-09-20 10:34:53.533000,422.2994284489719,8
2024-09-20 10:34:53.634000,422.3521955466409,96
2024-09-20 10:34:53.636000,422.2774920848303,15
2024-09-20 10:34:53.679000,422.2826395002626,104
2024-09-20 10:34:53.688000,422.2604305338162,9
2024-09-20 10:34:53.692000,422.3172749652828,8
2024-09-20 10:34:53.696000,422.3003061351211,103
2024-09-20 10:34:53.714000,422.3263021274408,101
2024-09-20 10:34:53.716000,422.3522992646463,1005
2024-09-20 10:34:53.736000,422.30233751857565,7
2024-09-20 10:34:53.814000,422.3489653434143,1002
2024-09-20 10:34:53.968000,422.34498793922495,1002
2024-09-20 10:34:54.111000,422.3313549284477,100
2024-09-20 10:34:54.735000,422.3286856775675,103
2024-09-20 10:34:54.768000,422.35649360288886,103
2024-09-20 10:34:54.879000,422.3280324573103,1003
2024-09-20 10:34:55.070000,422.3475134738644,1001
2024-09-20 10:34:55.078000,422.3309276473545,14
2024-09-20 10:34:55.093000,422.3372930878078,105
2024-09-20 10:34:55.189000,422.3775685490068,99
2024-09-20 10:34:55.228000,422.3273927140024,1002
2024-09-20 10:34:55.295000,422.3326694701854,7
2024-09-20 10:34:55.331000,422.344568250134,7
2024-09-20 10:34:55.363000,422.3421375894699,5
2024-09-20 10:34:55.386000,422.3207064139164,103
2024-09-20 10:34:55.390000,422.334716060756,7
2024-09-20 10:34:55.579000,422.348479930144,996
2024-09-20 10:34:55.617000,422.3238829910578,995
2024-09-20 10:34:55.636000,422.359664199509,98
2024-09-20 10:34:55.770000,422.3222317131919,95
2024-09-20 10:34:55.859000,422.3419701365448,12
2024-09-20 10:34:55.896000,422.33330353054384,97
2024-09-20 10:34:55.903000,422.3439918523924,1002
2024-09-20 10:34:55.912000,422.3732966935004,999
2024-09-20 10:34:55.946000,422.31666152550105,995
2024-09-20 10:34:56.040000,422.3813392180946,100
2024-09-20 10:34:56.516000,422.3810169927383,5
2024-09-20 10:34:57.014000,422.4178091419818,102
2024-09-20 10:34:57.088000,422.3954891391285,99
2024-09-20 10:34:57.113000,422.36551542417845,95
2024-09-20 10:34:57.270000,422.3600475124673,1004
2024-09-20 10:34:57.363000,422.2726233524885,998
2024-09-20 10:34:57.517000,422.3945928991109,998
2024-09-20 10:34:57.563000,422.2865589953587,1002
2024-09-20 10:34:57.606000,422.2952592856907,1005
2024-09-20 10:34:57.607000,422.29776005724426,95
2024-09-20 10:34:57.652000,422.32355168188906,5
2024-09-20 10:34:57.665000,422.34073239321697,100
2024-09-20 10:34:57.696000,422.3731330457061,10
2024-09-20 10:34:57.786000,422.3142342764865,8
2024-09-20 10:34:57.806000,422.2851738286837,1000
2024-09-20 10:34:57.820000,422.4152659223088,9
2024-09-20 10:34:57.865000,422.3532605262298,9
2024-09-20 10:34:57.882000,422.282612979917,5
2024-09-20 10:34:57.901000,422.3605263617366,12
2024-09-20 10:34:57.942000,422.30749141139,10
2024-09-20 10:34:57.944000,422.3504962521848,6
2024-09-20 10:34:57.965000,422.2985633156329,101
2024-09-20 10:34:58.070000,422.4236907754121,101
2024-09-20 10:34:58.112000,422.3696516559391,102
2024-09-20 10:34:58.118000,422.37395879908286,9
2024-09-20 10:34:58.160000,422.4185250999346,5
2024-09-20 10:34:58.190000,422.4016123142696,998
2024-09-20 10:34:58.232000,422.31613610985215,103
2024-09-20 10:34:58.233000,422.4304125059096,998
2024-09-20 10:34:58.253000,422.3672165657933,13
2024-09-20 10:34:58.287000,422.307070480986,1001
2024-09-20 10:34:58.340000,422.3698756222544,105
2024-09-20 10:34:58.387000,422.3808050315372,1002
2024-09-20 10:34:58.402000,422.39193164173344,97
2024-09-20 10:34:58.418000,422.41532416205393,8
2024-09-20 10:34:58.442000,422.4184382275254,99
2024-09-20 10:34:58.477000,422.3603212251898,95
2024-09-20 10:34:58.494000,422.3677537473382,11
2024-09-20 10:34:58.552000,422.3757601722946,13
2024-09-20 10:34:58.564000,422.434697802332,995
2024-09-20 10:34:58.578000,422.2944660498673,100
2024-09-20 10:34:58.585000,422.3751621164268,8
2024-09-20 10:34:58.594000,422.3731298397623,97
2024-09-20 10:34:58.677000,422.3553642747185,1005
2024-09-20 10:34:58.723000,422.29386559762935,104
2024-09-20 10:34:58.877000,422.371617203011,995
2024-09-20 10:34:58.893000,422.3729595490912,5
2024-09-20 10:34:58.957000,422.3370485565907,998
2024-09-20 10:34:59.322000,422.4173026553125,8
2024-09-20 10:34:59.545000,422.40803225092304,104
2024-09-20 10:34:59.582000,422.41132589123225,102
