Timestamp,Price,Size
2024-09-20 14:58:00.080000,431.4475638797445,101
2024-09-20 14:58:00.095000,423.71564074232464,101
2024-09-20 14:58:00.348000,431.3692715343858,96
2024-09-20 14:58:00.391000,431.410152168796,997
2024-09-20 14:58:00.392000,431.3718578953817,7
2024-09-20 14:58:00.415000,431.4138746418291,10
2024-09-20 14:58:00.472000,431.41786603616094,99
2024-09-20 14:58:00.527000,431.4038464165056,1005
2024-09-20 14:58:00.547000,431.3875379790557,997
2024-09-20 14:58:00.596000,431.3673759297191,13
2024-09-20 14:58:00.732000,431.4372791463036,999
2024-09-20 14:58:00.851000,431.4121431329485,13
2024-09-20 14:58:00.947000,431.4081416779413,12
2024-09-20 14:58:00.951000,431.4344000421499,98
2024-09-20 14:58:00.961000,431.4417235576271,999
2024-09-20 14:58:00.962000,431.43673349683945,6
2024-09-20 14:58:00.964000,431.40899506791897,997
2024-09-20 14:58:01.294000,431.376171095684,9
2024-09-20 14:58:01.449000,431.3965495234596,1001
2024-09-20 14:58:01.466000,431.3821571758332,9
2024-09-20 14:58:01.545000,431.4069938881712,10
2024-09-20 14:58:01.625000,431.39924614940753,104
2024-09-20 14:58:01.688000,431.3946106185324,105
2024-09-20 14:58:01.690000,431.4177032171323,997
2024-09-20 14:58:01.731000,431.4088258124983,1004
2024-09-20 14:58:01.733000,431.3792143096479,98
2024-09-20 14:58:01.783000,431.3827381274517,1003
2024-09-20 14:58:01.911000,431.396709378931,102
2024-09-20 14:58:01.931000,431.4225952039404,1001
2024-09-20 14:58:02.067000,431.3863231507356,999
2024-09-20 14:58:02.517000,431.3715355240425,105
2024-09-20 14:58:02.540000,431.3774371139551,1000
2024-09-20 14:58:02.617000,431.3746693749396,101
2024-09-20 14:58:02.662000,431.37380315688193,999
2024-09-20 14:58:02.731000,431.3826397269361,998
2024-09-20 14:58:02.982000,431.3821352903118,98
2024-09-20 14:58:02.985000,423.63498978946114,13
2024-09-20 14:58:03.200000,431.332500985989,13
2024-09-20 14:58:03.241000,431.31330283241977,100
2024-09-20 14:58:03.251000,431.3131287801745,105
2024-09-20 14:58:03.255000,431.3594677725037,1000
2024-09-20 14:58:03.256000,431.3287579207009,995
2024-09-20 14:58:03.285000,431.3661452115941,99
2024-09-20 14:58:03.298000,431.3242124434013,13
2024-09-20 14:58:03.396000,431.37631632695314,97
2024-09-20 14:58:03.451000,431.3419037050398,1004
2024-09-20 14:58:03.481000,431.32696941938286,99
2024-09-20 14:58:03.501000,431.3144938111503,98
2024-09-20 14:58:03.542000,431.36709323694174,997
2024-09-20 14:58:03.701000,431.3074210978533,1005
2024-09-20 14:58:03.727000,423.6626295094308,102
2024-09-20 14:58:03.747000,431.35649958735,101
2024-09-20 14:58:03.806000,431.3150768869326,9
2024-09-20 14:58:03.818000,431.32763339274817,9
2024-09-20 14:58:03.842000,431.334709469938,996
2024-09-20 14:58:03.991000,431.3206963901957,11
2024-09-20 14:58:04.033000,431.39438010173865,11
2024-09-20 14:58:04.040000,431.35608727102,102
2024-09-20 14:58:04.051000,431.3655479047243,97
2024-09-20 14:58:04.053000,431.3860108233715,102
2024-09-20 14:58:04.064000,431.3373095185768,1001
2024-09-20 14:58:04.165000,431.3384971035681,998
2024-09-20 14:58:04.165000,431.3788906186821,1005
2024-09-20 14:58:04.173000,431.3220888780133,1004
2024-09-20 14:58:04.184000,431.29211531700975,1005
2024-09-20 14:58:04.211000,431.2876830394384,7
2024-09-20 14:58:04.266000,431.3308235180551,103
2024-09-20 14:58:04.302000,431.3669420561608,995
2024-09-20 14:58:04.352000,431.3074634160655,998
2024-09-20 14:58:04.386000,431.3299959358992,12
2024-09-20 14:58:04.395000,431.339861355365,8
2024-09-20 14:58:04.399000,431.3291738552321,104
2024-09-20 14:58:04.446000,431.31161824493927,998
2024-09-20 14:58:04.449000,431.30878022865954,1001
2024-09-20 14:58:04.676000,431.34748040351616,998
2024-09-20 14:58:04.700000,431.3213732522016,98
2024-09-20 14:58:04.808000,431.3094869979101,15
2024-09-20 14:58:04.885000,431.3437221943214,1000
2024-09-20 14:58:04.889000,431.3301788750853,101
2024-09-20 14:58:04.910000,431.3107602471005,10
2024-09-20 14:58:04.925000,431.34568690500873,100
2024-09-20 14:58:04.930000,431.3026071822016,15
2024-09-20 14:58:04.949000,431.32321726012447,996
2024-09-20 14:58:05.079000,431.30103239679136,998
2024-09-20 14:58:05.080000,431.3096142496998,5
2024-09-20 14:58:05.085000,431.2909918075942,13
2024-09-20 14:58:05.159000,431.3026386452039,1000
2024-09-20 14:58:05.170000,431.34486423422777,8
2024-09-20 14:58:05.188000,431.3278293186185,7
2024-09-20 14:58:05.205000,431.26866904481926,102
2024-09-20 14:58:05.269000,431.2696130133518,95
2024-09-20 14:58:05.307000,431.3335114073043,101
2024-09-20 14:58:05.352000,431.2988253027182,10
2024-09-20 14:58:05.379000,431.2712652352169,1004
2024-09-20 14:58:05.384000,431.296269289974,5
2024-09-20 14:58:05.500000,431.28616786742026,15
2024-09-20 14:58:05.565000,431.257606930999,995
2024-09-20 14:58:05.614000,423.63396099861154,5
2024-09-20 14:58:05.725000,431.3180733303089,102
2024-09-20 14:58:05.892000,431.3309798791864,1003
2024-09-20 14:58:05.996000,431.2891313656961,98
2024-09-20 14:58:06.296000,431.3214147152357,999
2024-09-20 14:58:07.003000,431.3274090105522,95
2024-09-20 14:58:07.040000,431.2911084717209,98
2024-09-20 14:58:07.078000,431.3028162248313,14
2024-09-20 14:58:07.105000,431.31754404475697,13
2024-09-20 14:58:07.151000,431.3072560434042,995
2024-09-20 14:58:07.154000,431.3133823282452,99
2024-09-20 14:58:07.275000,431.2629074457399,10
2024-09-20 14:58:07.310000,431.293839183418,98
2024-09-20 14:58:07.412000,431.3149610324959,97
2024-09-20 14:58:07.557000,431.2880559801206,999
2024-09-20 14:58:07.690000,431.2978144252701,101
2024-09-20 14:58:07.702000,431.27775869249655,12
2024-09-20 14:58:07.724000,431.2473294260862,96
2024-09-20 14:58:07.827000,431.2834442246709,101
2024-09-20 14:58:07.893000,431.2908955666345,15
2024-09-20 14:58:07.937000,431.32023675944566,1004
2024-09-20 14:58:07.983000,431.2556998568249,100
2024-09-20 14:58:07.999000,431.3048896996247,96
2024-09-20 14:58:08.016000,431.32201540412217,101
2024-09-20 14:58:08.069000,431.3302256693591,15
2024-09-20 14:58:08.094000,431.3275587844108,10
2024-09-20 14:58:08.103000,431.3134507733073,97
2024-09-20 14:58:08.105000,431.3559072006857,1001
2024-09-20 14:58:08.296000,431.3118874596415,6
2024-09-20 14:58:08.330000,431.33308823458873,105
2024-09-20 14:58:08.488000,431.3181349418484,1002
2024-09-20 14:58:08.546000,431.3392246021541,1001
2024-09-20 14:58:08.583000,431.3235771054596,996
2024-09-20 14:58:08.602000,431.3155512123069,98
2024-09-20 14:58:08.603000,431.3390145579818,1001
2024-09-20 14:58:08.639000,431.3294655249962,100
2024-09-20 14:58:08.683000,431.3271977882045,13
2024-09-20 14:58:08.710000,431.3288156080343,1002
2024-09-20 14:58:08.730000,431.3236520637311,1002
2024-09-20 14:58:08.755000,431.3232337974272,98
2024-09-20 14:58:09.049000,431.3071968222915,8
2024-09-20 14:58:09.062000,431.33313902386976,12
2024-09-20 14:58:09.179000,431.3379645308869,97
2024-09-20 14:58:09.208000,431.3330225254181,96
2024-09-20 14:58:09.227000,431.3541225095574,100
2024-09-20 14:58:09.254000,431.31032507666816,15
2024-09-20 14:58:09.257000,431.3171217156989,1002
2024-09-20 14:58:09.269000,431.2984890841066,100
2024-09-20 14:58:09.276000,431.3048813665751,101
2024-09-20 14:58:09.290000,431.3293847585263,1005
2024-09-20 14:58:09.306000,431.2990757637828,7
2024-09-20 14:58:09.418000,431.3310838278987,104
2024-09-20 14:58:09.458000,431.312188227826,103
2024-09-20 14:58:09.462000,431.3302544334328,95
2024-09-20 14:58:09.668000,431.3341565852032,101
2024-09-20 14:58:09.684000,431.3086761857607,6
2024-09-20 14:58:09.705000,431.3454868071661,103
2024-09-20 14:58:09.827000,431.3045454129633,96
2024-09-20 14:58:09.842000,431.3273913066079,105
2024-09-20 14:58:09.849000,431.3000665694169,997
2024-09-20 14:58:09.859000,431.3113473812732,5
2024-09-20 14:58:09.881000,431.30750472101,99
2024-09-20 14:58:09.901000,431.32301269184416,996
2024-09-20 14:58:10.097000,431.3416552218709,1002
2024-09-20 14:58:10.222000,431.3458285652384,6
2024-09-20 14:58:10.574000,431.333542402511,998
2024-09-20 14:58:10.643000,431.3257869809593,997
2024-09-20 14:58:11.057000,431.3458543158884,95
2024-09-20 14:58:11.126000,431.3661367256957,100
2024-09-20 14:58:11.185000,431.35161956628906,15
2024-09-20 14:58:11.268000,431.3379839695937,999
2024-09-20 14:58:11.367000,431.3440826499879,95
2024-09-20 14:58:11.768000,431.3273384464707,5
2024-09-20 14:58:11.876000,431.3566852595194,101
2024-09-20 14:58:12.030000,431.3796699622692,1001
2024-09-20 14:58:12.043000,431.370467777505,102
2024-09-20 14:58:12.091000,431.35612677189897,98
2024-09-20 14:58:12.186000,431.3802278016439,1004
2024-09-20 14:58:12.199000,431.3855404424358,1000
2024-09-20 14:58:12.214000,431.3669019027275,7
2024-09-20 14:58:12.300000,431.3653368493386,998
2024-09-20 14:58:12.328000,431.3757148763278,6
2024-09-20 14:58:12.422000,431.376962223564,100
2024-09-20 14:58:12.528000,431.3651545404509,101
2024-09-20 14:58:12.545000,431.38078409904114,95
2024-09-20 14:58:12.546000,431.3698213272771,99
2024-09-20 14:58:12.563000,431.35678452990487,102
2024-09-20 14:58:12.579000,431.3852576308733,1002
2024-09-20 14:58:12.585000,431.3591589907717,9
2024-09-20 14:58:12.653000,431.3748123056703,11
2024-09-20 14:58:12.693000,431.3625225264682,1002
2024-09-20 14:58:12.800000,431.3765464296762,14
2024-09-20 14:58:12.906000,431.3741368055037,11
2024-09-20 14:58:13.012000,431.4695402832084,1003
2024-09-20 14:58:13.025000,431.405119610752,1000
2024-09-20 14:58:13.103000,431.44061578881343,999
2024-09-20 14:58:13.130000,431.4060000683126,1003
2024-09-20 14:58:13.154000,431.4478680597464,5
2024-09-20 14:58:13.169000,431.4164939332866,97
2024-09-20 14:58:13.194000,431.4578637470421,6
2024-09-20 14:58:13.211000,431.4148098109287,1005
2024-09-20 14:58:13.234000,431.43668914147446,9
2024-09-20 14:58:13.270000,431.4503515875404,5
2024-09-20 14:58:13.287000,431.3914238664254,97
2024-09-20 14:58:13.300000,431.4118547836744,1001
2024-09-20 14:58:13.403000,431.42451137844137,95
2024-09-20 14:58:13.437000,431.43128459122977,97
2024-09-20 14:58:13.442000,431.44569240613487,1000
2024-09-20 14:58:13.451000,431.4641548454336,999
2024-09-20 14:58:13.462000,431.40021048620986,102
2024-09-20 14:58:13.481000,431.4089042919768,1004
2024-09-20 14:58:13.687000,431.46466750771134,998
2024-09-20 14:58:13.871000,431.3932351617921,996
2024-09-20 14:58:13.893000,431.3843718916653,1005
2024-09-20 14:58:13.912000,431.4286122420483,1002
2024-09-20 14:58:14.860000,431.420290675692,102
2024-09-20 14:58:14.916000,431.4157305195076,100
2024-09-20 14:58:15.866000,431.402521936162,95
2024-09-20 14:58:16.219000,431.4205926362368,5
2024-09-20 14:58:16.239000,431.41022615294304,997
2024-09-20 14:58:16.419000,431.3972436052712,1002
2024-09-20 14:58:16.456000,431.42689869948447,10
2024-09-20 14:58:16.712000,431.3750756230039,1003
2024-09-20 14:58:17.011000,431.3981262651738,1003
2024-09-20 14:58:17.014000,431.4336172368276,1003
2024-09-20 14:58:17.074000,431.4026821730848,1002
2024-09-20 14:58:17.084000,431.3641952406732,11
2024-09-20 14:58:17.218000,431.3917416276764,6
2024-09-20 14:58:17.255000,431.4112078700809,1005
2024-09-20 14:58:17.321000,431.3668444231992,9
2024-09-20 14:58:17.328000,431.39190119764,98
2024-09-20 14:58:17.339000,431.3879310069543,1005
2024-09-20 14:58:17.371000,431.4025168938158,9
2024-09-20 14:58:17.485000,431.38842218115946,15
2024-09-20 14:58:17.529000,431.42360781694015,100
2024-09-20 14:58:17.540000,431.4110611723013,95
2024-09-20 14:58:17.568000,431.4057456883109,10
2024-09-20 14:58:17.578000,431.3884572024973,97
2024-09-20 14:58:17.616000,431.41684706900105,996
2024-09-20 14:58:17.652000,431.3818015071835,10
2024-09-20 14:58:17.690000,431.39912074551,1001
2024-09-20 14:58:17.699000,431.3591079708022,5
2024-09-20 14:58:17.787000,431.4220405738562,15
2024-09-20 14:58:17.831000,431.4077518522216,13
2024-09-20 14:58:17.909000,431.3942492414299,6
2024-09-20 14:58:18.002000,431.3505972986291,999
2024-09-20 14:58:18.021000,431.3338042824447,102
2024-09-20 14:58:18.138000,431.3520086432567,15
2024-09-20 14:58:18.276000,431.3170413510207,9
2024-09-20 14:58:18.399000,431.3694833432135,11
2024-09-20 14:58:18.449000,431.3141238913309,1003
2024-09-20 14:58:18.514000,431.34323050074215,999
2024-09-20 14:58:18.532000,431.3573095375359,96
2024-09-20 14:58:18.595000,431.3562260703754,105
2024-09-20 14:58:18.679000,431.3357979073908,1002
2024-09-20 14:58:18.839000,431.3508387073151,7
2024-09-20 14:58:18.893000,431.3409648479685,1005
2024-09-20 14:58:18.940000,431.3245937229471,11
2024-09-20 14:58:18.954000,431.3320366713807,15
2024-09-20 14:58:19.265000,431.3508469220447,13
2024-09-20 14:58:19.301000,431.36277751198975,101
2024-09-20 14:58:19.476000,431.3427702655596,996
2024-09-20 14:58:19.566000,431.3754851912771,98
2024-09-20 14:58:19.601000,431.3709659022399,11
2024-09-20 14:58:19.631000,431.35390050102495,11
2024-09-20 14:58:19.658000,431.3646573504571,998
2024-09-20 14:58:19.710000,431.3706030499792,995
2024-09-20 14:58:19.722000,431.3459084951896,1005
2024-09-20 14:58:19.788000,431.3579691177169,1000
2024-09-20 14:58:19.809000,431.3519631542151,97
2024-09-20 14:58:19.937000,431.3526398677717,13
2024-09-20 14:58:19.975000,431.3516661376997,103
2024-09-20 14:58:20.012000,431.3585695375916,1004
2024-09-20 14:58:20.165000,431.3395437237313,102
2024-09-20 14:58:20.241000,423.5984580566944,104
2024-09-20 14:58:20.474000,431.32260457716745,98
2024-09-20 14:58:21.213000,431.3279388921736,997
2024-09-20 14:58:22.092000,431.33705169240807,997
2024-09-20 14:58:22.127000,431.3485625695265,1004
2024-09-20 14:58:22.168000,431.3319570448896,1002
2024-09-20 14:58:22.241000,431.34388754302455,997
2024-09-20 14:58:22.382000,431.34361560774255,1002
2024-09-20 14:58:22.402000,431.3159194540168,103
2024-09-20 14:58:22.516000,431.327632544944,95
2024-09-20 14:58:22.689000,431.3368128373129,11
2024-09-20 14:58:22.746000,431.3384337654318,15
2024-09-20 14:58:22.770000,431.3441311431276,995
2024-09-20 14:58:22.848000,431.3443043424441,13
2024-09-20 14:58:22.924000,431.34213355479113,97
2024-09-20 14:58:22.978000,431.3131979401303,98
2024-09-20 14:58:23.009000,431.3172439080264,98
2024-09-20 14:58:23.142000,431.33223949144696,100
2024-09-20 14:58:23.313000,431.3325460872578,103
2024-09-20 14:58:23.419000,431.3506263924635,995
2024-09-20 14:58:23.639000,431.3274294700354,1000
2024-09-20 14:58:24.089000,431.4070016275756,7
2024-09-20 14:58:24.111000,431.3847162215898,11
2024-09-20 14:58:24.165000,431.37215534235486,9
2024-09-20 14:58:24.216000,431.3785296880589,1000
2024-09-20 14:58:24.222000,431.4197340269944,13
2024-09-20 14:58:24.350000,431.3923442767618,1005
2024-09-20 14:58:24.388000,431.4098868425311,999
2024-09-20 14:58:24.451000,431.4185088266263,8
2024-09-20 14:58:24.472000,431.411107607223,100
2024-09-20 14:58:24.530000,431.4066588413702,10
2024-09-20 14:58:24.534000,431.42659747583554,1001
2024-09-20 14:58:24.563000,431.4215415052877,95
2024-09-20 14:58:24.566000,431.353819494682,102
2024-09-20 14:58:24.575000,431.4088298540117,995
2024-09-20 14:58:24.688000,431.3768592417426,15
2024-09-20 14:58:24.696000,431.3981087572299,101
2024-09-20 14:58:24.711000,431.4210379807826,996
2024-09-20 14:58:24.824000,431.3885203030174,10
2024-09-20 14:58:24.851000,431.41042781403553,1005
2024-09-20 14:58:25.068000,431.55361495483913,996
2024-09-20 14:58:25.079000,431.4550782581864,996
2024-09-20 14:58:25.088000,431.4156333338342,102
2024-09-20 14:58:25.141000,431.4473121107705,5
2024-09-20 14:58:25.196000,431.4450099703511,12
2024-09-20 14:58:25.201000,431.52273933775575,996
2024-09-20 14:58:25.325000,431.4710621363642,9
2024-09-20 14:58:25.421000,431.4612697611712,7
2024-09-20 14:58:25.436000,431.4731545242668,1001
2024-09-20 14:58:25.471000,431.4553945423102,11
2024-09-20 14:58:25.488000,431.5273823015886,6
2024-09-20 14:58:25.522000,431.4734861181148,12
2024-09-20 14:58:25.546000,431.45471748503246,103
2024-09-20 14:58:25.574000,431.5295441004299,1002
2024-09-20 14:58:25.607000,431.5530381230009,103
2024-09-20 14:58:25.634000,431.5218440255008,14
2024-09-20 14:58:25.640000,431.4684057299188,998
2024-09-20 14:58:25.670000,431.4723572809028,1000
2024-09-20 14:58:25.756000,431.4257178044793,9
2024-09-20 14:58:25.778000,431.47625348500577,996
2024-09-20 14:58:25.863000,431.43598280602606,14
2024-09-20 14:58:25.886000,431.4695393657316,95
2024-09-20 14:58:25.960000,431.496765884019,96
2024-09-20 14:58:25.977000,431.5401781305397,97
2024-09-20 14:58:26.027000,431.56246479673047,103
2024-09-20 14:58:26.057000,431.5190880811781,14
2024-09-20 14:58:26.069000,431.51747714294095,1000
2024-09-20 14:58:26.107000,431.5628155503666,11
2024-09-20 14:58:26.112000,431.517219392235,998
2024-09-20 14:58:26.160000,431.53048958823945,996
2024-09-20 14:58:26.167000,431.5276863247061,100
2024-09-20 14:58:26.171000,431.5333777816264,12
2024-09-20 14:58:26.213000,431.5080625908281,14
2024-09-20 14:58:26.261000,431.5244397143524,12
2024-09-20 14:58:26.340000,431.5572464418413,9
2024-09-20 14:58:26.373000,431.58782810126735,996
2024-09-20 14:58:26.410000,431.5394763208743,96
2024-09-20 14:58:26.456000,431.5570539916428,998
2024-09-20 14:58:26.541000,431.5959241958978,8
2024-09-20 14:58:26.560000,431.5653862941263,102
2024-09-20 14:58:26.562000,431.54174560378914,13
2024-09-20 14:58:26.573000,431.5673936595976,101
2024-09-20 14:58:26.637000,431.5059972013559,1003
2024-09-20 14:58:26.664000,431.5196291178172,996
2024-09-20 14:58:26.665000,431.5413762523037,9
2024-09-20 14:58:26.747000,431.5539498567037,1001
2024-09-20 14:58:26.753000,431.54210107704046,98
2024-09-20 14:58:26.788000,431.5385895621494,10
2024-09-20 14:58:26.905000,431.5820280024278,1001
2024-09-20 14:58:26.997000,431.5252226010797,999
2024-09-20 14:58:27.031000,431.5798992926751,96
2024-09-20 14:58:27.033000,431.585696173834,997
2024-09-20 14:58:27.073000,431.5905219697568,105
2024-09-20 14:58:27.093000,431.5874081831022,1004
2024-09-20 14:58:27.100000,431.5735031405556,6
2024-09-20 14:58:27.116000,431.52321476742907,10
2024-09-20 14:58:27.153000,431.5859874308683,996
2024-09-20 14:58:27.167000,431.5808808892557,8
2024-09-20 14:58:27.422000,431.5696651853653,97
2024-09-20 14:58:27.460000,431.5771396199572,103
2024-09-20 14:58:27.484000,431.59822598649976,100
2024-09-20 14:58:27.531000,431.58205946494206,104
2024-09-20 14:58:27.532000,431.5438463674271,1000
2024-09-20 14:58:27.623000,431.59389017145793,104
2024-09-20 14:58:27.624000,431.580754513062,102
2024-09-20 14:58:27.637000,431.5172167470048,10
2024-09-20 14:58:27.732000,431.58469612595127,97
2024-09-20 14:58:27.935000,431.5681050586404,1000
2024-09-20 14:58:27.939000,431.5767580683756,999
2024-09-20 14:58:28.029000,431.5382086595064,7
2024-09-20 14:58:28.038000,431.5727932903683,1003
2024-09-20 14:58:28.071000,431.5048636227909,12
2024-09-20 14:58:28.090000,431.5241207330741,12
2024-09-20 14:58:28.090000,431.5685647647167,95
2024-09-20 14:58:28.121000,431.5392221543202,95
2024-09-20 14:58:28.183000,431.5743098687676,96
2024-09-20 14:58:28.339000,431.5860432322252,6
2024-09-20 14:58:28.405000,431.523579743265,8
2024-09-20 14:58:28.415000,431.48178190907856,15
2024-09-20 14:58:28.424000,431.4907691005928,5
2024-09-20 14:58:28.493000,431.4995185398109,8
2024-09-20 14:58:28.503000,431.55690198199846,996
2024-09-20 14:58:28.506000,431.5024461425038,997
2024-09-20 14:58:28.537000,431.5176893284174,995
2024-09-20 14:58:28.537000,431.53169987756223,998
2024-09-20 14:58:28.581000,431.4809025327601,1000
2024-09-20 14:58:28.593000,431.5001021510958,99
2024-09-20 14:58:28.733000,431.5676385544192,96
2024-09-20 14:58:28.767000,431.5867370439719,101
2024-09-20 14:58:28.770000,431.4893796460368,105
2024-09-20 14:58:28.773000,431.5842384555494,99
2024-09-20 14:58:28.800000,431.5715258124171,10
2024-09-20 14:58:28.858000,431.5610620662265,14
2024-09-20 14:58:28.938000,431.498890364427,104
2024-09-20 14:58:28.985000,431.5140187333747,995
2024-09-20 14:58:29.060000,431.5467316580056,96
2024-09-20 14:58:29.075000,431.5723750793414,8
2024-09-20 14:58:29.121000,431.5399477732706,1001
2024-09-20 14:58:29.122000,431.572242410814,5
2024-09-20 14:58:29.180000,431.5887950821885,998
2024-09-20 14:58:29.197000,431.5807524456768,5
2024-09-20 14:58:29.225000,431.5777836346105,998
2024-09-20 14:58:29.240000,431.54917273495096,105
2024-09-20 14:58:29.240000,431.5538464049588,1004
2024-09-20 14:58:29.287000,431.6015671047613,997
2024-09-20 14:58:29.384000,431.5849194618979,103
2024-09-20 14:58:29.433000,431.5698978658096,997
2024-09-20 14:58:29.458000,431.55908351376,10
2024-09-20 14:58:29.503000,431.596502257358,100
2024-09-20 14:58:29.562000,431.52895875189074,10
2024-09-20 14:58:29.584000,431.54645253622346,1005
2024-09-20 14:58:29.612000,431.53240668923297,998
2024-09-20 14:58:29.632000,431.5501203856231,102
2024-09-20 14:58:29.664000,431.5892166985213,100
2024-09-20 14:58:29.673000,431.5785372041127,995
2024-09-20 14:58:29.765000,431.5253542772276,996
2024-09-20 14:58:29.774000,431.58054000280487,10
2024-09-20 14:58:29.807000,431.58689874291343,8
2024-09-20 14:58:29.899000,431.59294438219206,1000
2024-09-20 14:58:29.952000,431.51232609650464,999
2024-09-20 14:58:30.174000,431.5594552921244,995
2024-09-20 14:58:30.492000,431.5469195066393,102
2024-09-20 14:58:30.679000,431.5398696355364,12
2024-09-20 14:58:31.068000,431.5696911290175,997
2024-09-20 14:58:31.111000,431.5895145393222,999
2024-09-20 14:58:31.154000,431.5632752946021,15
2024-09-20 14:58:31.167000,431.56899976447625,98
2024-09-20 14:58:31.222000,431.5984515675304,95
2024-09-20 14:58:31.291000,431.5622689246399,995
2024-09-20 14:58:31.314000,431.5546141512771,998
2024-09-20 14:58:31.347000,431.5719292527437,999
2024-09-20 14:58:31.429000,431.5880329584834,1002
2024-09-20 14:58:31.584000,431.5710003265092,1000
2024-09-20 14:58:31.720000,431.5489089190003,98
2024-09-20 14:58:31.749000,431.5578976027472,96
2024-09-20 14:58:31.765000,431.60312420631766,101
2024-09-20 14:58:31.773000,431.54395574056593,97
2024-09-20 14:58:31.777000,431.61052976878216,1001
2024-09-20 14:58:31.803000,431.6027916120604,13
2024-09-20 14:58:31.867000,431.5934407817383,98
2024-09-20 14:58:31.957000,431.6007019966023,6
2024-09-20 14:58:31.985000,431.5749987897319,1001
2024-09-20 14:58:32.026000,431.4894124578572,9
2024-09-20 14:58:32.139000,431.4957303683548,11
2024-09-20 14:58:32.221000,423.64872590723047,97
2024-09-20 14:58:32.322000,431.5428267592658,102
2024-09-20 14:58:32.401000,431.554616170179,7
2024-09-20 14:58:32.409000,431.48956446385785,95
2024-09-20 14:58:32.424000,431.509971574802,10
2024-09-20 14:58:32.460000,431.5394220373831,13
2024-09-20 14:58:32.498000,431.5257122099914,11
2024-09-20 14:58:32.509000,431.5105519902291,5
2024-09-20 14:58:32.511000,431.53652069793424,13
2024-09-20 14:58:32.543000,431.5156834401213,10
2024-09-20 14:58:32.587000,431.49931731993473,103
2024-09-20 14:58:32.607000,431.53422311505705,104
2024-09-20 14:58:32.611000,431.5292083381586,96
2024-09-20 14:58:32.624000,431.51382412128,14
2024-09-20 14:58:32.685000,431.4843276273024,996
2024-09-20 14:58:32.691000,431.4860099486937,15
2024-09-20 14:58:32.722000,431.5467895050979,15
2024-09-20 14:58:32.822000,431.5030279030041,1004
2024-09-20 14:58:32.847000,431.4797829614726,103
2024-09-20 14:58:32.882000,431.502185196479,10
2024-09-20 14:58:32.995000,431.4954640426101,95
2024-09-20 14:58:34.014000,431.5177753670682,12
2024-09-20 14:58:34.051000,431.5408629823325,95
2024-09-20 14:58:34.074000,431.5220582045228,103
2024-09-20 14:58:34.087000,431.5821301405461,104
2024-09-20 14:58:34.121000,431.57865555027325,97
2024-09-20 14:58:34.222000,431.55610256916674,12
2024-09-20 14:58:34.296000,431.5089775574511,95
2024-09-20 14:58:34.305000,431.52664639981424,10
2024-09-20 14:58:34.314000,431.5203591023387,99
2024-09-20 14:58:34.345000,431.52908854941217,1003
2024-09-20 14:58:34.400000,431.5609319014508,95
2024-09-20 14:58:34.447000,431.551263556225,13
2024-09-20 14:58:34.478000,431.5499680642337,1005
2024-09-20 14:58:34.618000,431.5613505838248,10
2024-09-20 14:58:34.621000,431.518172032176,99
2024-09-20 14:58:34.655000,431.572565189549,999
2024-09-20 14:58:34.745000,431.5237537879075,99
2024-09-20 14:58:34.758000,431.5421279955405,100
2024-09-20 14:58:34.788000,431.5689476461107,99
2024-09-20 14:58:34.870000,431.5797828549147,102
2024-09-20 14:58:34.875000,431.5762428653732,97
2024-09-20 14:58:34.907000,431.5365940140198,998
2024-09-20 14:58:34.974000,431.55524144823386,1000
2024-09-20 14:58:35.005000,431.5641430227148,8
2024-09-20 14:58:35.055000,431.56749922166085,996
2024-09-20 14:58:35.134000,431.561872124688,11
2024-09-20 14:58:35.217000,431.5551478017058,104
2024-09-20 14:58:35.233000,431.5727998115549,1005
2024-09-20 14:58:35.264000,431.5695523241486,8
2024-09-20 14:58:35.325000,431.5648884577572,9
2024-09-20 14:58:35.383000,431.56072237476167,7
2024-09-20 14:58:35.437000,431.59124447155625,1005
2024-09-20 14:58:35.602000,431.5643723373449,103
2024-09-20 14:58:35.627000,431.5702342109584,96
2024-09-20 14:58:35.999000,431.5741489504852,15
2024-09-20 14:58:36.376000,431.6029949236437,14
2024-09-20 14:58:36.803000,431.6097747900277,105
2024-09-20 14:58:37.050000,431.6369959212669,8
2024-09-20 14:58:37.090000,431.6325661111727,995
2024-09-20 14:58:37.122000,431.6476298608408,1002
2024-09-20 14:58:37.125000,431.6141388290838,96
2024-09-20 14:58:37.152000,431.62283879070907,995
2024-09-20 14:58:37.164000,431.623717531254,997
2024-09-20 14:58:37.192000,431.6289126562538,13
2024-09-20 14:58:37.332000,431.6401790426581,14
2024-09-20 14:58:37.363000,431.63628987515847,96
2024-09-20 14:58:37.460000,431.6218413314296,14
2024-09-20 14:58:37.588000,431.6346405064387,15
2024-09-20 14:58:37.603000,431.6304443633543,995
2024-09-20 14:58:37.649000,431.6474557911159,7
2024-09-20 14:58:37.725000,431.6382514139318,99
2024-09-20 14:58:37.773000,431.632101402929,97
2024-09-20 14:58:37.804000,431.6563510352407,1002
2024-09-20 14:58:37.830000,431.64896298513247,101
2024-09-20 14:58:37.990000,431.62605014285225,13
2024-09-20 14:58:38.007000,431.6684469564555,104
2024-09-20 14:58:38.075000,431.68022775899374,6
2024-09-20 14:58:38.094000,431.6673591409759,995
2024-09-20 14:58:38.115000,431.66820191630177,1005
2024-09-20 14:58:38.199000,431.6658139224323,13
2024-09-20 14:58:38.282000,431.6714883716476,98
2024-09-20 14:58:38.297000,431.6789078013582,95
2024-09-20 14:58:38.346000,431.6849051898196,8
2024-09-20 14:58:38.368000,431.6772708303934,13
2024-09-20 14:58:38.422000,431.6649579386947,995
2024-09-20 14:58:38.453000,431.6586170038248,96
2024-09-20 14:58:38.458000,431.69202847681,997
2024-09-20 14:58:38.641000,431.68491438342033,12
2024-09-20 14:58:38.792000,431.6592377667755,7
2024-09-20 14:58:38.846000,431.6651025816929,5
2024-09-20 14:58:38.903000,431.6858968838647,8
2024-09-20 14:58:38.946000,431.6674414730445,105
2024-09-20 14:58:38.961000,431.66642801234576,8
2024-09-20 14:58:39.630000,431.67840576626855,97
2024-09-20 14:58:39.810000,431.6571125808626,15
2024-09-20 14:58:39.905000,431.6802853278024,996
2024-09-20 14:58:40.049000,423.4780695986216,998
2024-09-20 14:58:40.128000,431.6322692522712,1004
2024-09-20 14:58:40.160000,431.5925628575064,996
2024-09-20 14:58:40.175000,431.5746810798026,105
2024-09-20 14:58:40.259000,431.67711541102346,103
2024-09-20 14:58:40.311000,431.66860666198073,999
2024-09-20 14:58:40.443000,431.6641518864574,15
2024-09-20 14:58:40.460000,431.6722561390553,1002
2024-09-20 14:58:40.462000,431.6323185802582,996
2024-09-20 14:58:40.517000,431.6711095045053,1005
2024-09-20 14:58:40.536000,431.5853145023653,96
2024-09-20 14:58:40.583000,431.5833303976728,13
2024-09-20 14:58:40.731000,431.6723879967009,96
2024-09-20 14:58:40.775000,431.6057924706084,1000
2024-09-20 14:58:40.842000,431.61890221568217,97
2024-09-20 14:58:40.852000,431.63479895653103,5
2024-09-20 14:58:40.885000,431.646363584744,998
2024-09-20 14:58:40.892000,431.60626416713575,95
2024-09-20 14:58:40.931000,431.6371966548354,9
2024-09-20 14:58:40.942000,431.63086296798366,10
2024-09-20 14:58:41.004000,431.6241714265509,101
2024-09-20 14:58:41.036000,431.6171604693157,999
2024-09-20 14:58:41.045000,431.6093448966146,11
2024-09-20 14:58:41.070000,431.515960735804,98
2024-09-20 14:58:41.101000,431.4961081664103,10
2024-09-20 14:58:41.121000,431.5625190805424,996
2024-09-20 14:58:41.141000,431.5623156910052,5
2024-09-20 14:58:41.163000,431.620420185418,1000
2024-09-20 14:58:41.208000,431.5028736444828,7
2024-09-20 14:58:41.381000,431.626397642394,100
2024-09-20 14:58:41.421000,431.6221644237392,9
2024-09-20 14:58:41.573000,431.48764567174845,995
2024-09-20 14:58:41.582000,431.547708651364,11
2024-09-20 14:58:41.602000,431.6232102011025,100
2024-09-20 14:58:41.608000,431.5943636709205,1002
2024-09-20 14:58:41.633000,431.6116305470237,95
2024-09-20 14:58:41.667000,431.5679623685754,13
2024-09-20 14:58:41.677000,431.49929993182207,96
2024-09-20 14:58:41.691000,431.543208303586,1004
2024-09-20 14:58:41.821000,431.61632684183377,98
2024-09-20 14:58:41.826000,431.60550312946737,6
2024-09-20 14:58:41.855000,431.55825185884,100
2024-09-20 14:58:42.026000,431.5000739339224,1005
2024-09-20 14:58:42.040000,431.50903539809184,997
2024-09-20 14:58:42.146000,431.4989353931635,98
2024-09-20 14:58:42.155000,431.5030612738827,5
2024-09-20 14:58:42.156000,431.51020218424674,999
2024-09-20 14:58:42.236000,431.520066162577,1002
2024-09-20 14:58:42.297000,431.4981952059561,996
2024-09-20 14:58:42.393000,431.5192029387576,6
2024-09-20 14:58:42.530000,431.5169008729354,997
2024-09-20 14:58:42.593000,431.5096500911816,1002
2024-09-20 14:58:42.611000,431.51180824791845,98
2024-09-20 14:58:42.658000,431.5075329482223,97
2024-09-20 14:58:42.837000,431.50323891320426,999
2024-09-20 14:58:43.008000,431.5290214828938,95
2024-09-20 14:58:43.077000,431.5585032801548,995
2024-09-20 14:58:43.145000,431.5112756917447,100
2024-09-20 14:58:43.243000,431.5289862138312,9
2024-09-20 14:58:43.349000,431.5402064259599,1003
2024-09-20 14:58:43.388000,431.5272789602612,101
2024-09-20 14:58:43.445000,423.5085966726564,98
2024-09-20 14:58:43.475000,431.5022811758187,995
2024-09-20 14:58:43.538000,431.5271985050538,13
2024-09-20 14:58:43.560000,431.5400511684226,14
2024-09-20 14:58:43.620000,431.5063825359298,997
2024-09-20 14:58:43.620000,431.5487185969776,5
2024-09-20 14:58:43.669000,431.5410224475998,6
2024-09-20 14:58:43.679000,431.5416883143216,1001
2024-09-20 14:58:43.793000,431.51716450967416,102
2024-09-20 14:58:43.838000,431.5470458145529,1005
2024-09-20 14:58:43.842000,431.4904587423216,1005
2024-09-20 14:58:43.889000,431.5376557494256,1002
2024-09-20 14:58:43.916000,431.5452556941598,999
2024-09-20 14:58:43.934000,431.54971679271614,5
2024-09-20 14:58:44.036000,431.4990591500793,101
2024-09-20 14:58:44.079000,431.4998018349408,13
2024-09-20 14:58:44.150000,431.551683564026,1004
2024-09-20 14:58:44.155000,431.5426301011004,14
2024-09-20 14:58:44.171000,431.53127200622407,996
2024-09-20 14:58:44.261000,431.48024443014185,1000
2024-09-20 14:58:44.382000,431.526324136082,1000
2024-09-20 14:58:44.402000,431.5211234773776,995
2024-09-20 14:58:44.485000,431.48879523568513,998
2024-09-20 14:58:44.494000,431.5375601419588,1005
2024-09-20 14:58:44.524000,431.5316159361767,5
2024-09-20 14:58:44.553000,431.5357976994644,98
2024-09-20 14:58:44.580000,431.4943403958296,1000
2024-09-20 14:58:44.594000,431.476977502304,101
2024-09-20 14:58:44.667000,431.5469714277313,12
2024-09-20 14:58:44.688000,431.4850763533013,1001
2024-09-20 14:58:44.714000,431.4870290847057,14
2024-09-20 14:58:44.728000,431.5277200675842,95
2024-09-20 14:58:44.779000,431.5568556063406,9
2024-09-20 14:58:44.821000,431.4932579954891,105
2024-09-20 14:58:44.822000,431.5073162826053,103
2024-09-20 14:58:44.825000,431.4871525232535,104
2024-09-20 14:58:44.884000,431.52278106254687,11
2024-09-20 14:58:44.933000,431.54914177276896,104
2024-09-20 14:58:44.982000,431.491515113546,1005
2024-09-20 14:58:45.002000,431.53552937926105,9
2024-09-20 14:58:45.028000,431.5032658069288,996
2024-09-20 14:58:45.077000,431.4975107874877,10
2024-09-20 14:58:45.143000,431.5251173138358,10
2024-09-20 14:58:45.202000,431.5332602137042,1000
2024-09-20 14:58:45.275000,431.4966977455175,996
2024-09-20 14:58:45.320000,431.5057493774769,100
2024-09-20 14:58:45.385000,431.53764835484407,101
2024-09-20 14:58:45.467000,431.5176636430826,96
2024-09-20 14:58:45.589000,431.5139738920197,97
2024-09-20 14:58:45.596000,431.535716497381,102
2024-09-20 14:58:45.622000,431.5291474265442,12
2024-09-20 14:58:45.623000,431.5290252308323,97
2024-09-20 14:58:45.694000,431.53339066926543,96
2024-09-20 14:58:45.774000,431.51269321883495,5
2024-09-20 14:58:45.820000,431.5412547537269,12
2024-09-20 14:58:45.829000,431.521572442722,102
2024-09-20 14:58:45.833000,431.51783735816616,996
2024-09-20 14:58:46.099000,431.5515573410249,102
2024-09-20 14:58:46.116000,431.55278538643313,1003
2024-09-20 14:58:46.122000,431.5052839285805,14
2024-09-20 14:58:46.124000,431.49864484219086,9
2024-09-20 14:58:46.162000,431.5496840303614,995
2024-09-20 14:58:46.211000,431.5255743846672,104
2024-09-20 14:58:46.289000,431.5100143893693,1000
2024-09-20 14:58:46.298000,431.5311385900686,1003
2024-09-20 14:58:46.361000,431.518610852289,6
2024-09-20 14:58:46.381000,431.5095787874114,95
2024-09-20 14:58:46.407000,431.52264612608224,96
2024-09-20 14:58:46.448000,431.5472876548459,99
2024-09-20 14:58:46.513000,431.5422738380941,104
2024-09-20 14:58:46.557000,431.51742505576,102
2024-09-20 14:58:46.614000,431.5589733406825,98
2024-09-20 14:58:46.618000,431.5065158895248,95
2024-09-20 14:58:46.652000,431.522615948179,14
2024-09-20 14:58:46.677000,431.5132670785029,1005
2024-09-20 14:58:46.749000,431.55129419745873,12
2024-09-20 14:58:46.781000,431.5391308437809,997
2024-09-20 14:58:46.781000,431.52204713622456,1005
2024-09-20 14:58:46.851000,431.5142091631871,100
2024-09-20 14:58:46.863000,431.52066665412354,10
2024-09-20 14:58:46.876000,431.5322875176753,1002
2024-09-20 14:58:46.923000,431.5079293523027,997
2024-09-20 14:58:46.958000,431.5516369181274,15
2024-09-20 14:58:47.163000,431.5119863023416,999
2024-09-20 14:58:47.267000,431.5129483546686,105
2024-09-20 14:58:47.611000,431.5039030674241,105
2024-09-20 14:58:47.653000,431.5384372346358,11
2024-09-20 14:58:47.717000,431.50455998606185,6
2024-09-20 14:58:47.741000,431.512946142584,14
2024-09-20 14:58:47.874000,431.5222291817307,997
2024-09-20 14:58:48.017000,431.52445926043714,1001
2024-09-20 14:58:48.044000,431.515326962096,9
2024-09-20 14:58:48.059000,431.4928440676513,7
2024-09-20 14:58:48.377000,431.5343383897546,1004
2024-09-20 14:58:48.458000,431.5003150058016,100
2024-09-20 14:58:48.468000,431.5019445849732,995
2024-09-20 14:58:48.566000,431.5214652862643,1001
2024-09-20 14:58:48.768000,431.4803087214404,1001
2024-09-20 14:58:48.814000,431.5317693664184,8
2024-09-20 14:58:48.817000,431.5013958826841,6
2024-09-20 14:58:48.822000,431.5085773585437,1000
2024-09-20 14:58:48.853000,431.51165077834185,15
2024-09-20 14:58:48.994000,431.4945413787191,105
2024-09-20 14:58:49.230000,431.518042610898,104
2024-09-20 14:58:49.261000,431.53223905091824,997
2024-09-20 14:58:49.788000,431.5083753265575,998
2024-09-20 14:58:50.075000,431.5291836181323,103
2024-09-20 14:58:50.660000,431.5165542959596,14
2024-09-20 14:58:50.875000,431.5380053691848,5
2024-09-20 14:58:51.004000,431.5467766893788,99
2024-09-20 14:58:51.042000,431.5367914595962,14
2024-09-20 14:58:51.104000,431.5409677053891,10
2024-09-20 14:58:51.108000,431.5508745837967,96
2024-09-20 14:58:51.132000,431.5379573699784,104
2024-09-20 14:58:51.159000,431.5489402279888,100
2024-09-20 14:58:51.198000,431.536897769574,6
2024-09-20 14:58:51.254000,431.55733815952505,96
2024-09-20 14:58:51.320000,431.5341607822124,997
2024-09-20 14:58:51.330000,431.5360969648669,98
2024-09-20 14:58:51.347000,431.5430450317261,999
2024-09-20 14:58:51.355000,431.5106001540085,100
2024-09-20 14:58:51.381000,431.5673757240533,7
2024-09-20 14:58:51.442000,431.5328712566047,105
2024-09-20 14:58:51.460000,431.5189955566188,997
2024-09-20 14:58:51.490000,431.5464866118489,99
2024-09-20 14:58:51.596000,431.5285874939774,99
2024-09-20 14:58:51.686000,431.5168644566583,999
2024-09-20 14:58:51.724000,431.544920506851,13
2024-09-20 14:58:51.822000,431.53283795931554,1000
2024-09-20 14:58:51.837000,431.536138336562,96
2024-09-20 14:58:51.858000,431.5401077757277,96
2024-09-20 14:58:51.864000,431.53242671223495,105
2024-09-20 14:58:51.867000,431.5335356795291,102
2024-09-20 14:58:51.896000,431.5515578893337,998
2024-09-20 14:58:52.037000,431.4850524055704,6
2024-09-20 14:58:52.066000,431.4869933603256,5
2024-09-20 14:58:52.197000,431.4927200491981,12
2024-09-20 14:58:52.329000,431.5058080042178,96
2024-09-20 14:58:52.527000,431.4755818177588,1003
2024-09-20 14:58:52.542000,431.4861556588264,1004
2024-09-20 14:58:52.638000,431.4848016590837,97
2024-09-20 14:58:52.690000,431.49708677662784,998
2024-09-20 14:58:52.778000,423.4822587317879,103
2024-09-20 14:58:52.828000,431.49305217958016,11
2024-09-20 14:58:52.971000,431.4808010929996,1004
2024-09-20 14:58:53.079000,431.51068548408585,995
2024-09-20 14:58:53.174000,431.4839058170196,11
2024-09-20 14:58:53.305000,431.5094719552244,104
2024-09-20 14:58:53.409000,431.51096163255687,1001
2024-09-20 14:58:53.706000,431.4912375319857,11
2024-09-20 14:58:53.924000,431.51164495424695,10
2024-09-20 14:58:53.927000,431.5136794865071,10
2024-09-20 14:58:54.046000,431.49984870278536,12
2024-09-20 14:58:54.113000,431.5572838978015,10
2024-09-20 14:58:54.156000,431.4894212794767,998
2024-09-20 14:58:54.168000,431.50525038254847,96
2024-09-20 14:58:54.190000,431.4992088287714,98
2024-09-20 14:58:54.194000,431.55147168990266,103
2024-09-20 14:58:54.235000,431.5142637786937,1002
2024-09-20 14:58:54.436000,431.5469905823354,1001
2024-09-20 14:58:54.459000,431.50327815784993,997
2024-09-20 14:58:54.470000,431.50366924786505,997
2024-09-20 14:58:54.482000,431.5172609264331,97
2024-09-20 14:58:54.483000,431.5370434550183,100
2024-09-20 14:58:54.545000,431.4941406114384,101
2024-09-20 14:58:54.565000,431.5346672919122,100
2024-09-20 14:58:54.606000,431.4853359636084,1003
2024-09-20 14:58:54.651000,431.4737124941648,12
2024-09-20 14:58:54.758000,431.4760788238595,103
2024-09-20 14:58:54.772000,431.5005234694931,1000
2024-09-20 14:58:54.775000,431.5149564154392,15
2024-09-20 14:58:54.792000,431.53639632342185,7
2024-09-20 14:58:54.820000,431.4891463606551,995
2024-09-20 14:58:54.861000,431.4857843117947,101
2024-09-20 14:58:54.867000,431.534990250218,10
2024-09-20 14:58:54.901000,431.5048629833847,103
2024-09-20 14:58:54.928000,431.5177312506747,1000
2024-09-20 14:58:54.939000,431.5451291084182,995
2024-09-20 14:58:54.988000,431.4959664791516,5
2024-09-20 14:58:55.002000,431.5652789573761,998
2024-09-20 14:58:55.018000,431.6067416702298,105
2024-09-20 14:58:55.073000,431.6066203132638,996
2024-09-20 14:58:55.209000,431.5788256690985,1003
2024-09-20 14:58:55.310000,431.57667100534985,12
2024-09-20 14:58:55.354000,431.6081640078565,1005
2024-09-20 14:58:55.416000,431.61508662607326,996
2024-09-20 14:58:55.470000,431.617944057485,103
2024-09-20 14:58:55.582000,431.6056412905523,8
2024-09-20 14:58:55.667000,431.5696667802302,1000
2024-09-20 14:58:55.707000,431.6155015221907,999
2024-09-20 14:58:55.740000,431.5521714056782,101
2024-09-20 14:58:55.798000,431.5691848000728,1003
2024-09-20 14:58:55.891000,431.6161688050808,98
2024-09-20 14:58:55.906000,431.6126428010908,104
2024-09-20 14:58:56.029000,431.5856562584227,997
2024-09-20 14:58:56.056000,431.5824959768833,1003
2024-09-20 14:58:56.131000,431.5979869840534,102
2024-09-20 14:58:56.391000,431.5927017582893,102
2024-09-20 14:58:56.556000,431.5882809302853,1000
2024-09-20 14:58:56.578000,431.6172779125152,9
2024-09-20 14:58:56.653000,431.5975589526405,1003
2024-09-20 14:58:56.653000,431.61185522161895,102
2024-09-20 14:58:56.978000,431.6095075340727,1004
2024-09-20 14:58:56.987000,431.5753533773397,1004
2024-09-20 14:58:57.053000,431.6385475758448,98
2024-09-20 14:58:57.225000,431.6314153010823,997
2024-09-20 14:58:57.356000,431.61357134216576,102
2024-09-20 14:58:57.543000,431.6144243037686,1004
2024-09-20 14:58:57.981000,431.58811536999065,7
2024-09-20 14:58:58.124000,431.6464931813772,95
2024-09-20 14:58:58.171000,431.57946185174353,8
2024-09-20 14:58:58.208000,431.60948491189055,102
2024-09-20 14:58:58.227000,431.69498502430247,13
2024-09-20 14:58:58.244000,431.6568340107873,1004
2024-09-20 14:58:58.258000,431.6225732088277,1002
2024-09-20 14:58:58.267000,431.6329557375475,997
2024-09-20 14:58:58.295000,431.5981521915903,6
2024-09-20 14:58:58.314000,431.6463005427891,7
2024-09-20 14:58:58.407000,431.6144350799685,98
2024-09-20 14:58:58.453000,431.6895407673919,997
2024-09-20 14:58:58.580000,431.67372040444894,996
2024-09-20 14:58:58.707000,431.6282036537313,1004
2024-09-20 14:58:58.793000,431.6035545265461,1005
2024-09-20 14:58:58.855000,431.62757748764005,96
2024-09-20 14:58:58.863000,431.6352035087865,1002
2024-09-20 14:58:58.968000,431.5949298613083,15
2024-09-20 14:58:59.056000,431.64724330002633,997
2024-09-20 14:58:59.161000,431.6790445097338,8
2024-09-20 14:58:59.233000,431.6644456786755,5
2024-09-20 14:58:59.235000,431.6235282937183,6
2024-09-20 14:58:59.246000,431.685042037975,996
2024-09-20 14:58:59.280000,431.670907599916,1005
2024-09-20 14:58:59.287000,431.6600106805261,95
2024-09-20 14:58:59.472000,431.69300128921134,1003
2024-09-20 14:58:59.474000,431.6671565960894,105
2024-09-20 14:58:59.534000,431.6573104787816,96
2024-09-20 14:58:59.570000,431.6505078620221,997
2024-09-20 14:58:59.608000,431.6559344132073,997
