Timestamp,Price,Size
2024-09-19 09:56:00.026000,415.9561292283387,7
2024-09-19 09:56:00.073000,415.8419469867186,999
2024-09-19 09:56:00.145000,415.8536387563556,97
2024-09-19 09:56:00.228000,415.9025176544501,100
2024-09-19 09:56:00.256000,415.8639161462352,102
2024-09-19 09:56:00.260000,415.8398194057848,11
2024-09-19 09:56:00.294000,415.97352963249455,999
2024-09-19 09:56:00.306000,415.8728933627557,8
2024-09-19 09:56:00.311000,415.8718190161704,10
2024-09-19 09:56:00.312000,415.88679985798086,1004
2024-09-19 09:56:00.336000,415.9376658978869,12
2024-09-19 09:56:00.338000,415.89774969146566,995
2024-09-19 09:56:00.405000,415.8475418516196,998
2024-09-19 09:56:00.438000,415.8502810344718,9
2024-09-19 09:56:00.453000,415.8402130682473,1005
2024-09-19 09:56:00.557000,415.9648883388375,104
2024-09-19 09:56:00.631000,415.82328135751806,103
2024-09-19 09:56:00.660000,415.85657729171066,97
2024-09-19 09:56:00.748000,415.86578493723965,1004
2024-09-19 09:56:00.770000,415.9226405903799,6
2024-09-19 09:56:00.774000,415.8829675159527,995
2024-09-19 09:56:00.775000,415.8835749079789,8
2024-09-19 09:56:00.778000,415.8979722477391,996
2024-09-19 09:56:00.780000,415.8134093438103,14
2024-09-19 09:56:00.803000,415.914243869223,100
2024-09-19 09:56:00.806000,415.8891947953402,5
2024-09-19 09:56:00.836000,415.9041477812799,97
2024-09-19 09:56:01.088000,415.9388828246921,103
2024-09-19 09:56:01.187000,415.9353533095159,14
2024-09-19 09:56:01.535000,415.9460194060076,103
2024-09-19 09:56:01.556000,415.95318019061904,1005
2024-09-19 09:56:01.593000,415.9452664313191,101
2024-09-19 09:56:01.729000,415.94990537692087,7
2024-09-19 09:56:01.772000,415.95724143108345,11
2024-09-19 09:56:01.942000,415.95522057158456,13
2024-09-19 09:56:01.989000,415.9539538336995,97
2024-09-19 09:56:02.042000,415.93907825040907,1001
2024-09-19 09:56:02.114000,415.9486486818835,1001
2024-09-19 09:56:02.142000,415.93829296646646,14
2024-09-19 09:56:02.299000,415.9755284085901,1002
2024-09-19 09:56:02.316000,415.9829817561183,101
2024-09-19 09:56:02.322000,415.9197690643516,1000
2024-09-19 09:56:02.380000,415.9473452885277,7
2024-09-19 09:56:02.443000,415.93965997604096,105
2024-09-19 09:56:02.529000,415.9510216355554,1000
2024-09-19 09:56:02.621000,415.9253762940133,1002
2024-09-19 09:56:02.884000,415.94987406798464,999
2024-09-19 09:56:03.022000,416.05370158744734,11
2024-09-19 09:56:03.064000,415.9761491537012,996
2024-09-19 09:56:03.068000,415.9829322144578,105
2024-09-19 09:56:03.130000,416.0646423365434,997
2024-09-19 09:56:03.190000,415.9977579476279,7
2024-09-19 09:56:03.266000,415.9516099291264,1001
2024-09-19 09:56:03.314000,415.96617568977695,15
2024-09-19 09:56:03.315000,416.0527580169388,13
2024-09-19 09:56:03.373000,415.9931906890489,15
2024-09-19 09:56:03.420000,416.0271303896158,104
2024-09-19 09:56:03.429000,415.978393110341,1000
2024-09-19 09:56:03.496000,416.00039980802273,100
2024-09-19 09:56:03.517000,415.98300078859353,14
2024-09-19 09:56:03.539000,415.9554235012041,995
2024-09-19 09:56:03.559000,415.97488239886405,14
2024-09-19 09:56:03.563000,415.9795201595738,14
2024-09-19 09:56:03.641000,415.9724376164323,100
2024-09-19 09:56:03.652000,415.95673589090296,100
2024-09-19 09:56:03.677000,416.04774922958114,999
2024-09-19 09:56:03.721000,416.07854259890047,97
2024-09-19 09:56:03.777000,415.9807936200663,1005
2024-09-19 09:56:03.784000,416.0046898423137,95
2024-09-19 09:56:03.785000,416.0566805256462,1000
2024-09-19 09:56:03.901000,416.05248067965806,103
2024-09-19 09:56:03.902000,415.95393359113706,997
2024-09-19 09:56:03.912000,415.9537237172552,998
2024-09-19 09:56:03.927000,416.0663133081735,96
2024-09-19 09:56:03.969000,416.0114886964196,997
2024-09-19 09:56:03.970000,416.0601332914923,95
2024-09-19 09:56:05.267000,416.0811746357618,5
2024-09-19 09:56:05.307000,416.0838252468903,12
2024-09-19 09:56:05.466000,416.0594546089167,7
2024-09-19 09:56:05.599000,416.0677157547673,1005
2024-09-19 09:56:05.611000,416.054761865048,999
2024-09-19 09:56:05.672000,416.06025456038833,998
2024-09-19 09:56:06.560000,416.0753390112796,105
2024-09-19 09:56:06.564000,416.1020090837677,10
2024-09-19 09:56:06.725000,416.0878101248559,7
2024-09-19 09:56:06.788000,416.0909875816375,101
2024-09-19 09:56:06.821000,416.0636466478673,15
2024-09-19 09:56:06.878000,416.0756236179936,7
2024-09-19 09:56:06.901000,416.084683839473,1005
2024-09-19 09:56:06.901000,416.08129012439326,12
2024-09-19 09:56:06.980000,416.09074484736254,6
2024-09-19 09:56:07.210000,416.09052753785534,996
2024-09-19 09:56:07.234000,416.0944168515102,5
2024-09-19 09:56:07.343000,416.1046911007786,1002
2024-09-19 09:56:07.516000,416.096452036742,998
2024-09-19 09:56:07.516000,416.11280990217534,103
2024-09-19 09:56:07.646000,416.0949487018042,5
2024-09-19 09:56:07.712000,416.0958309284542,10
2024-09-19 09:56:07.734000,416.09839010910105,8
2024-09-19 09:56:07.832000,416.1097874855232,100
2024-09-19 09:56:07.957000,416.0927011622352,6
2024-09-19 09:56:08.052000,416.0807456682948,104
2024-09-19 09:56:08.080000,416.0974852125241,104
2024-09-19 09:56:08.110000,416.10487502069896,96
2024-09-19 09:56:08.142000,416.0876246776528,15
2024-09-19 09:56:08.151000,416.0911298296171,1004
2024-09-19 09:56:08.199000,416.0851056657522,105
2024-09-19 09:56:08.315000,416.0900830695916,103
2024-09-19 09:56:08.383000,416.10095563888507,11
2024-09-19 09:56:08.462000,416.06737962199895,998
2024-09-19 09:56:08.464000,416.0800097084268,1001
2024-09-19 09:56:08.500000,416.1057190780005,101
2024-09-19 09:56:08.539000,416.0782371723707,997
2024-09-19 09:56:08.547000,416.0766551234555,8
2024-09-19 09:56:09.140000,416.0826184827992,14
2024-09-19 09:56:09.165000,416.0927786252525,1004
2024-09-19 09:56:09.199000,416.13171930495855,5
2024-09-19 09:56:09.260000,416.09728045135125,1005
2024-09-19 09:56:09.352000,416.12773883421227,99
2024-09-19 09:56:09.368000,416.12337942424034,1005
2024-09-19 09:56:09.422000,416.0813590601954,997
2024-09-19 09:56:09.452000,416.0767120721056,15
2024-09-19 09:56:09.472000,416.113085738628,6
2024-09-19 09:56:09.473000,416.0967499162069,95
2024-09-19 09:56:09.579000,416.0971046692408,98
2024-09-19 09:56:09.586000,416.0986237179016,102
2024-09-19 09:56:09.627000,416.0903135533141,1003
2024-09-19 09:56:09.705000,416.1018782523168,12
2024-09-19 09:56:09.711000,416.1056028786908,14
2024-09-19 09:56:09.717000,416.12935273218994,1003
2024-09-19 09:56:09.748000,416.1146430957618,15
2024-09-19 09:56:09.869000,416.0821672551163,97
2024-09-19 09:56:09.897000,416.0727717762593,13
2024-09-19 09:56:09.936000,416.0985709890085,98
2024-09-19 09:56:09.999000,416.1203146957509,996
2024-09-19 09:56:10.044000,416.0677705833627,7
2024-09-19 09:56:10.080000,416.06542742829714,7
2024-09-19 09:56:10.182000,416.0755948192578,95
2024-09-19 09:56:10.226000,416.0818326476118,1004
2024-09-19 09:56:10.279000,416.0673544811658,105
2024-09-19 09:56:10.694000,416.06520322963456,1002
2024-09-19 09:56:10.734000,416.0894500486569,105
2024-09-19 09:56:10.737000,416.0848076137513,14
2024-09-19 09:56:10.825000,416.0643390406565,998
2024-09-19 09:56:10.942000,416.07064936738345,95
2024-09-19 09:56:11.047000,416.12608117222817,97
2024-09-19 09:56:11.113000,416.137369043594,1002
2024-09-19 09:56:11.201000,416.1645876187792,96
2024-09-19 09:56:11.250000,416.07939241758,995
2024-09-19 09:56:11.274000,416.1353310560056,999
2024-09-19 09:56:11.444000,416.1292458815287,100
2024-09-19 09:56:11.490000,416.1303546660657,14
2024-09-19 09:56:11.533000,416.1302867889735,996
2024-09-19 09:56:11.551000,416.07826237316885,995
2024-09-19 09:56:11.569000,416.1378266370693,102
2024-09-19 09:56:11.600000,416.1594793833237,1002
2024-09-19 09:56:11.719000,416.1590823724845,12
2024-09-19 09:56:11.734000,416.1738746508517,6
2024-09-19 09:56:11.833000,416.1201742142139,102
2024-09-19 09:56:11.889000,416.1499602478991,101
2024-09-19 09:56:12.081000,416.12471616091216,14
2024-09-19 09:56:12.096000,416.1148596294733,1003
2024-09-19 09:56:12.390000,416.12030082901634,996
2024-09-19 09:56:12.429000,416.12298477817126,6
2024-09-19 09:56:12.622000,416.1249179692947,1000
2024-09-19 09:56:12.652000,416.1244252627973,103
2024-09-19 09:56:12.844000,416.15066393917,1000
2024-09-19 09:56:12.852000,416.1129216637815,100
2024-09-19 09:56:13.037000,416.1291837888267,996
2024-09-19 09:56:13.072000,416.0713421652112,97
2024-09-19 09:56:13.098000,416.1161789567317,995
2024-09-19 09:56:13.161000,416.0874921737183,7
2024-09-19 09:56:13.184000,416.0892091107585,101
2024-09-19 09:56:13.272000,416.1229812485592,6
2024-09-19 09:56:13.297000,416.0867386809022,8
2024-09-19 09:56:13.306000,416.1233725100208,999
2024-09-19 09:56:13.390000,416.0910431280085,98
2024-09-19 09:56:13.441000,416.09038692563576,11
2024-09-19 09:56:13.476000,416.1150060841413,8
2024-09-19 09:56:13.484000,416.1221748725656,14
2024-09-19 09:56:13.500000,416.0906876966288,995
2024-09-19 09:56:13.513000,416.1126061207429,103
2024-09-19 09:56:13.540000,416.1286363001845,103
2024-09-19 09:56:13.565000,416.0969033038731,12
2024-09-19 09:56:13.686000,416.0942792809663,5
2024-09-19 09:56:13.688000,416.10183417419273,14
2024-09-19 09:56:13.688000,416.1047623956872,14
2024-09-19 09:56:13.701000,416.1068149613495,99
2024-09-19 09:56:13.736000,416.10029025111055,1000
2024-09-19 09:56:13.757000,416.0858744121522,9
2024-09-19 09:56:13.961000,416.0908865811984,105
2024-09-19 09:56:13.982000,416.11515148771485,103
2024-09-19 09:56:13.993000,416.1011919792195,995
2024-09-19 09:56:14.027000,416.0816504910224,13
2024-09-19 09:56:14.032000,416.1176108510744,96
2024-09-19 09:56:14.083000,416.11979572047056,101
2024-09-19 09:56:14.259000,416.09762249714464,100
2024-09-19 09:56:14.367000,416.0878583600776,1002
2024-09-19 09:56:14.496000,416.11488189856215,95
2024-09-19 09:56:14.808000,416.0768622652844,9
2024-09-19 09:56:15.146000,416.13337605541847,98
2024-09-19 09:56:15.203000,416.1613313847707,1002
2024-09-19 09:56:15.241000,416.14261757617913,997
2024-09-19 09:56:15.328000,416.148671817594,1001
2024-09-19 09:56:15.431000,416.16279164011866,1004
2024-09-19 09:56:15.638000,416.15395972735,5
2024-09-19 09:56:15.682000,416.1380747339353,998
2024-09-19 09:56:15.702000,416.1561909426339,997
2024-09-19 09:56:15.952000,416.148663848672,11
2024-09-19 09:56:16.205000,416.16382693212216,99
2024-09-19 09:56:16.433000,416.1721811299877,8
2024-09-19 09:56:16.567000,416.1783474716391,1002
2024-09-19 09:56:17.054000,416.2527184077145,104
2024-09-19 09:56:17.094000,416.24437222771337,14
2024-09-19 09:56:17.119000,416.2253393146344,10
2024-09-19 09:56:17.133000,416.2835916649891,99
2024-09-19 09:56:17.152000,416.2585713751632,97
2024-09-19 09:56:17.177000,416.1793558560074,100
2024-09-19 09:56:17.234000,416.2064901188165,999
2024-09-19 09:56:17.261000,416.25973771308855,100
2024-09-19 09:56:17.325000,416.23257801774497,12
2024-09-19 09:56:17.350000,416.20236679000976,96
2024-09-19 09:56:17.352000,416.2616495676734,1005
2024-09-19 09:56:17.384000,416.23135335874656,1004
2024-09-19 09:56:17.412000,416.2731469848556,102
2024-09-19 09:56:17.423000,416.277833780493,103
2024-09-19 09:56:17.438000,416.2572272696154,996
2024-09-19 09:56:17.442000,416.2820480618525,15
2024-09-19 09:56:17.462000,416.2711043286628,95
2024-09-19 09:56:17.474000,416.2870230669071,105
2024-09-19 09:56:17.513000,416.2273823514576,996
2024-09-19 09:56:17.534000,416.2254529216747,99
2024-09-19 09:56:17.566000,416.24934752818734,7
2024-09-19 09:56:17.581000,416.2038742887542,104
2024-09-19 09:56:17.589000,416.2754845674536,996
2024-09-19 09:56:17.589000,416.2472597225943,11
2024-09-19 09:56:17.630000,416.2458400755759,995
2024-09-19 09:56:17.639000,416.2390897052665,99
2024-09-19 09:56:17.683000,416.2220838639834,100
2024-09-19 09:56:17.804000,416.2482825511133,98
2024-09-19 09:56:17.910000,416.2787838296953,98
2024-09-19 09:56:17.955000,416.1978870693262,11
2024-09-19 09:56:18.045000,416.245710689121,1003
2024-09-19 09:56:18.065000,416.274040044602,104
2024-09-19 09:56:18.076000,416.2046885165007,98
2024-09-19 09:56:18.079000,416.2108524281539,1004
2024-09-19 09:56:18.100000,416.2033732661715,5
2024-09-19 09:56:18.118000,416.23180860482296,99
2024-09-19 09:56:18.161000,416.2210659338432,11
2024-09-19 09:56:18.178000,416.2244824676333,96
2024-09-19 09:56:18.199000,416.2101210349829,6
2024-09-19 09:56:18.260000,416.21405830505296,13
2024-09-19 09:56:18.302000,416.2271864733706,96
2024-09-19 09:56:18.333000,416.2141572653023,99
2024-09-19 09:56:18.381000,416.2210321978597,104
2024-09-19 09:56:18.465000,416.2450177252835,7
2024-09-19 09:56:18.531000,416.2133762138749,1004
2024-09-19 09:56:18.596000,416.21648851150206,96
2024-09-19 09:56:18.639000,416.18754470644257,1003
2024-09-19 09:56:18.641000,416.2249353328177,1004
2024-09-19 09:56:18.648000,416.2163788881877,1000
2024-09-19 09:56:18.653000,416.29341328763,997
2024-09-19 09:56:18.720000,416.2740942096364,10
2024-09-19 09:56:18.768000,416.2333960072327,12
2024-09-19 09:56:18.770000,416.2336846412168,97
2024-09-19 09:56:18.805000,416.23082580806056,998
2024-09-19 09:56:18.837000,416.2515755959002,995
2024-09-19 09:56:18.895000,416.2027797811557,102
2024-09-19 09:56:18.917000,416.2342426386312,12
2024-09-19 09:56:18.957000,416.2496928542102,1003
2024-09-19 09:56:18.978000,416.2538379224485,97
2024-09-19 09:56:18.987000,416.244590089669,100
2024-09-19 09:56:19.276000,416.2289481519147,13
2024-09-19 09:56:19.449000,416.2316576148098,99
2024-09-19 09:56:19.595000,416.2280821360192,999
2024-09-19 09:56:19.891000,416.23222939817657,995
2024-09-19 09:56:20.048000,416.2382835359373,10
2024-09-19 09:56:20.064000,416.2339140334688,12
2024-09-19 09:56:20.081000,416.2194823076862,98
2024-09-19 09:56:20.117000,416.2070120189156,9
2024-09-19 09:56:20.199000,416.22943781646535,1001
2024-09-19 09:56:20.453000,416.2196773606058,1003
2024-09-19 09:56:20.453000,416.230789027518,100
2024-09-19 09:56:20.507000,416.2339622934205,7
2024-09-19 09:56:20.513000,416.256238977368,100
2024-09-19 09:56:20.526000,416.223768435732,98
2024-09-19 09:56:20.595000,416.2570845774784,12
2024-09-19 09:56:20.600000,416.2238079002185,11
2024-09-19 09:56:20.639000,416.2166927278121,15
2024-09-19 09:56:20.653000,416.25387469941415,14
2024-09-19 09:56:20.697000,416.2491704443249,1000
2024-09-19 09:56:20.718000,416.2486733006149,8
2024-09-19 09:56:20.732000,416.19597445777214,1005
2024-09-19 09:56:20.755000,416.24722628445,1005
2024-09-19 09:56:20.764000,416.2282844585778,100
2024-09-19 09:56:20.890000,416.2496684451789,996
2024-09-19 09:56:20.908000,416.2068826862511,14
2024-09-19 09:56:20.941000,416.2161868933377,95
2024-09-19 09:56:20.982000,416.2261733081432,100
2024-09-19 09:56:21.029000,416.1919460639384,996
2024-09-19 09:56:21.085000,416.1510850440155,105
2024-09-19 09:56:21.119000,416.20718446096737,97
2024-09-19 09:56:21.168000,416.1918090617713,9
2024-09-19 09:56:21.366000,416.19167984071487,10
2024-09-19 09:56:21.379000,416.2497048975255,8
2024-09-19 09:56:21.381000,416.21142467221375,10
2024-09-19 09:56:21.418000,416.20102197820216,101
2024-09-19 09:56:21.533000,416.16510768968953,5
2024-09-19 09:56:21.649000,416.23568721838313,14
2024-09-19 09:56:21.704000,416.2134457948551,96
2024-09-19 09:56:21.740000,416.1933621968441,1005
2024-09-19 09:56:21.813000,416.2341801276664,1003
2024-09-19 09:56:21.859000,416.25770259845433,11
2024-09-19 09:56:21.928000,416.1797500012847,14
2024-09-19 09:56:21.993000,416.1810100432259,14
2024-09-19 09:56:22.043000,416.1802387242614,100
2024-09-19 09:56:22.222000,416.19888097522346,103
2024-09-19 09:56:22.867000,416.2033972267195,103
2024-09-19 09:56:22.935000,416.1847825787168,102
2024-09-19 09:56:23.075000,416.2497357030587,1005
2024-09-19 09:56:23.150000,416.2459414245419,1000
2024-09-19 09:56:23.195000,416.2549728803397,102
2024-09-19 09:56:23.301000,416.1972123406061,15
2024-09-19 09:56:23.406000,416.2192032407971,7
2024-09-19 09:56:23.601000,416.226439224595,104
2024-09-19 09:56:23.688000,416.19167429799023,8
2024-09-19 09:56:23.728000,416.2107878488434,102
2024-09-19 09:56:23.895000,416.2066603789193,1000
2024-09-19 09:56:24.006000,416.23198423618896,105
2024-09-19 09:56:24.041000,416.2571100157066,105
2024-09-19 09:56:24.071000,416.2408242136181,999
2024-09-19 09:56:24.074000,416.2202511747543,996
2024-09-19 09:56:24.075000,416.2631442033136,13
2024-09-19 09:56:24.139000,416.21227599476646,1003
2024-09-19 09:56:24.239000,416.255647344165,7
2024-09-19 09:56:24.280000,416.2317512678474,12
2024-09-19 09:56:24.297000,416.2250425517706,1004
2024-09-19 09:56:24.331000,416.2233670561796,12
2024-09-19 09:56:24.436000,416.241477422876,105
2024-09-19 09:56:24.638000,416.2305491129344,104
2024-09-19 09:56:24.654000,416.254887823352,6
2024-09-19 09:56:24.738000,416.2281748409704,15
2024-09-19 09:56:24.959000,416.2264146736762,1003
2024-09-19 09:56:24.961000,416.2317478988265,7
2024-09-19 09:56:24.979000,416.2260737030242,1000
2024-09-19 09:56:25.069000,416.2322249920313,6
2024-09-19 09:56:25.092000,416.2487594446955,1001
2024-09-19 09:56:25.105000,416.23510870355614,11
2024-09-19 09:56:25.141000,416.2569413460176,105
2024-09-19 09:56:25.143000,416.1776823807601,1000
2024-09-19 09:56:25.152000,416.1937485176362,14
2024-09-19 09:56:25.159000,416.1900902923564,1002
2024-09-19 09:56:25.287000,416.2385143082349,995
2024-09-19 09:56:25.298000,416.2423988524021,13
2024-09-19 09:56:25.307000,416.2452187376433,100
2024-09-19 09:56:25.343000,416.2743496811203,1003
2024-09-19 09:56:25.394000,416.2829584145502,97
2024-09-19 09:56:25.424000,416.1922696249304,998
2024-09-19 09:56:25.443000,416.2556317846922,1005
2024-09-19 09:56:25.448000,416.24090552108,1001
2024-09-19 09:56:25.471000,416.19381167063904,996
2024-09-19 09:56:25.496000,416.25956213855807,103
2024-09-19 09:56:25.497000,416.2707046187088,11
2024-09-19 09:56:25.507000,416.1867919789896,7
2024-09-19 09:56:25.543000,416.2481238045143,104
2024-09-19 09:56:25.562000,416.257671612652,99
2024-09-19 09:56:25.574000,416.20620713132536,995
2024-09-19 09:56:25.713000,416.2476799282722,14
2024-09-19 09:56:25.720000,416.2611531241466,12
2024-09-19 09:56:25.734000,416.1693972864686,1004
2024-09-19 09:56:25.786000,416.2543810448242,95
2024-09-19 09:56:25.791000,416.265955294,8
2024-09-19 09:56:25.804000,416.20239715779786,102
2024-09-19 09:56:25.953000,416.191513061586,1004
2024-09-19 09:56:26.028000,416.1738319247575,998
2024-09-19 09:56:26.044000,416.1957036907712,101
2024-09-19 09:56:26.054000,416.1622478560819,10
2024-09-19 09:56:26.055000,416.1474418902595,98
2024-09-19 09:56:26.138000,416.1648093464872,995
2024-09-19 09:56:26.177000,416.1992839496632,102
2024-09-19 09:56:26.209000,416.14693541593545,999
2024-09-19 09:56:26.214000,416.1715208604865,1004
2024-09-19 09:56:26.245000,416.144584341052,99
2024-09-19 09:56:26.280000,416.19874029648,9
2024-09-19 09:56:26.295000,416.1489634484363,15
2024-09-19 09:56:26.338000,416.1515631631257,1003
2024-09-19 09:56:26.359000,416.1673795227205,97
2024-09-19 09:56:26.360000,416.2102280840084,15
2024-09-19 09:56:26.387000,416.16882481246336,998
2024-09-19 09:56:26.471000,416.1516334372905,9
2024-09-19 09:56:26.475000,416.1738348200749,97
2024-09-19 09:56:26.523000,416.15853987733067,102
2024-09-19 09:56:26.526000,416.14867355427225,8
2024-09-19 09:56:26.547000,416.1859121152056,1002
2024-09-19 09:56:26.752000,416.1866764635493,13
2024-09-19 09:56:26.758000,416.1467725635724,104
2024-09-19 09:56:26.902000,416.1433681741474,8
2024-09-19 09:56:26.905000,416.1615891538455,95
2024-09-19 09:56:26.908000,416.1525066254962,997
2024-09-19 09:56:26.960000,416.1310981054064,103
2024-09-19 09:56:27.014000,416.1916523892096,101
2024-09-19 09:56:27.100000,416.1831803554158,7
2024-09-19 09:56:27.131000,416.244241838884,7
2024-09-19 09:56:27.405000,416.2596971412201,1002
2024-09-19 09:56:27.548000,416.1973311223257,101
2024-09-19 09:56:27.623000,416.1938232532267,995
2024-09-19 09:56:27.710000,416.2096438355997,5
2024-09-19 09:56:27.791000,416.20744055779767,1000
2024-09-19 09:56:27.846000,416.2282520987856,995
2024-09-19 09:56:28.044000,416.2944623514855,99
2024-09-19 09:56:28.063000,416.3139822434917,1002
2024-09-19 09:56:28.154000,416.2858795761096,103
2024-09-19 09:56:28.202000,416.2657416287464,98
2024-09-19 09:56:28.313000,416.2684792826273,5
2024-09-19 09:56:28.386000,416.2963402613943,5
2024-09-19 09:56:28.407000,416.31789580520393,15
2024-09-19 09:56:28.554000,416.2738091619343,995
2024-09-19 09:56:28.582000,416.3181200643829,105
2024-09-19 09:56:28.583000,416.2829387680108,10
2024-09-19 09:56:28.600000,416.282716043466,1000
2024-09-19 09:56:28.642000,416.2763528595413,98
2024-09-19 09:56:28.648000,416.3104785177553,11
2024-09-19 09:56:28.649000,416.2760347656612,9
2024-09-19 09:56:28.661000,416.30656054044704,12
2024-09-19 09:56:28.680000,416.2975970396136,96
2024-09-19 09:56:28.694000,416.2713492272109,997
2024-09-19 09:56:28.779000,416.313981371602,11
2024-09-19 09:56:28.802000,416.3024800445151,1003
2024-09-19 09:56:28.896000,416.27818976019967,100
2024-09-19 09:56:28.944000,416.2768903861781,101
2024-09-19 09:56:28.979000,416.3187393687816,998
2024-09-19 09:56:28.996000,416.3091958835333,97
2024-09-19 09:56:29.284000,416.359476791208,9
2024-09-19 09:56:29.356000,416.3397093375213,999
2024-09-19 09:56:29.578000,416.3414021054591,8
2024-09-19 09:56:29.912000,416.3244019980365,6
2024-09-19 09:56:30.012000,416.34232866729633,999
2024-09-19 09:56:30.024000,416.272998070876,1001
2024-09-19 09:56:30.054000,416.3263968710263,12
2024-09-19 09:56:30.067000,416.2871852712468,97
2024-09-19 09:56:30.080000,416.3349470793895,5
2024-09-19 09:56:30.088000,416.2845523482685,1004
2024-09-19 09:56:30.130000,416.32392690591234,13
2024-09-19 09:56:30.134000,416.34871990576806,95
2024-09-19 09:56:30.229000,416.2639721814341,1005
2024-09-19 09:56:30.292000,416.3383100458801,98
2024-09-19 09:56:30.400000,416.29348195588034,999
2024-09-19 09:56:30.418000,416.2878692478809,1001
2024-09-19 09:56:30.536000,416.25567740088326,11
2024-09-19 09:56:30.557000,416.251497053773,13
2024-09-19 09:56:30.570000,416.2790776157644,6
2024-09-19 09:56:30.577000,416.35046014147247,1003
2024-09-19 09:56:30.613000,416.3172376896896,5
2024-09-19 09:56:30.631000,416.2953340096845,1003
2024-09-19 09:56:30.647000,416.2741822560184,95
2024-09-19 09:56:30.695000,416.2645338747863,13
2024-09-19 09:56:30.701000,416.2844206400336,7
2024-09-19 09:56:30.787000,416.3079422556948,1000
2024-09-19 09:56:30.853000,416.3383395268544,9
2024-09-19 09:56:30.865000,416.29674348300784,100
2024-09-19 09:56:30.879000,416.31560385287474,997
2024-09-19 09:56:30.953000,416.28465409956806,1000
2024-09-19 09:56:31.058000,416.3700684089161,102
2024-09-19 09:56:31.094000,416.3688617586306,1002
2024-09-19 09:56:31.167000,416.32093413270087,102
2024-09-19 09:56:31.208000,416.3417065524774,104
2024-09-19 09:56:31.226000,416.3486388199594,1002
2024-09-19 09:56:31.228000,416.334241662729,15
2024-09-19 09:56:31.243000,416.3769550659832,101
2024-09-19 09:56:31.261000,416.3272137495889,95
2024-09-19 09:56:31.282000,416.3236899620662,13
2024-09-19 09:56:31.327000,416.3076991875725,11
2024-09-19 09:56:31.344000,416.38489262833394,1002
2024-09-19 09:56:31.360000,416.3798425240431,1005
2024-09-19 09:56:31.378000,416.3263474750583,100
2024-09-19 09:56:31.440000,416.3305628525282,97
2024-09-19 09:56:31.468000,416.33265766785127,96
2024-09-19 09:56:31.531000,416.30863143557946,1000
2024-09-19 09:56:31.551000,416.3421558441861,96
2024-09-19 09:56:31.609000,416.3363772671493,15
2024-09-19 09:56:31.624000,416.3628750628049,98
2024-09-19 09:56:31.724000,416.3802808432851,7
2024-09-19 09:56:31.746000,416.3079384108069,104
2024-09-19 09:56:31.799000,416.383857940553,5
2024-09-19 09:56:31.848000,416.32113959818713,1005
2024-09-19 09:56:31.973000,416.3195320415551,1001
2024-09-19 09:56:32.083000,416.3361550596799,7
2024-09-19 09:56:32.863000,416.3327661309335,998
2024-09-19 09:56:33.012000,416.3309336664036,97
2024-09-19 09:56:33.048000,416.3756751122081,10
2024-09-19 09:56:33.151000,416.36615540775045,102
2024-09-19 09:56:33.180000,416.3774429599719,14
2024-09-19 09:56:33.299000,416.37147735984536,997
2024-09-19 09:56:33.301000,416.3239504390381,12
2024-09-19 09:56:33.388000,416.3229209613256,97
2024-09-19 09:56:33.406000,416.3789980726613,14
2024-09-19 09:56:33.499000,416.3641875830156,14
2024-09-19 09:56:33.646000,416.3470151272614,103
2024-09-19 09:56:33.655000,416.3769561903172,996
2024-09-19 09:56:33.677000,416.3588807864632,104
2024-09-19 09:56:33.783000,416.37574487327913,13
2024-09-19 09:56:33.856000,416.3665747375736,8
2024-09-19 09:56:33.975000,416.3265708338539,998
2024-09-19 09:56:33.992000,416.36868353687095,1003
2024-09-19 09:56:34.672000,416.3114829000029,8
2024-09-19 09:56:34.714000,416.29335241342847,10
2024-09-19 09:56:34.738000,416.3023113657534,13
2024-09-19 09:56:35.478000,416.2999931701765,101
2024-09-19 09:56:35.516000,416.2948597382792,104
2024-09-19 09:56:35.607000,416.2975014006594,12
2024-09-19 09:56:35.795000,416.3000315053461,999
2024-09-19 09:56:35.851000,416.3264970744848,105
2024-09-19 09:56:35.887000,416.30517887807457,12
2024-09-19 09:56:35.888000,416.3108313862217,12
2024-09-19 09:56:36.053000,416.3028027036336,10
2024-09-19 09:56:36.066000,416.3013297123589,1002
2024-09-19 09:56:36.074000,416.2975928405532,11
2024-09-19 09:56:36.115000,416.32374239407113,98
2024-09-19 09:56:36.208000,416.30162354361534,8
2024-09-19 09:56:36.249000,416.3133275117885,99
2024-09-19 09:56:36.344000,416.30067011770905,10
2024-09-19 09:56:36.403000,416.2969062529023,1004
2024-09-19 09:56:36.437000,416.3035290071463,7
2024-09-19 09:56:36.518000,416.3043454360276,102
2024-09-19 09:56:36.586000,416.2867399359872,98
2024-09-19 09:56:36.669000,416.306982202656,104
2024-09-19 09:56:36.704000,416.2974607530747,98
2024-09-19 09:56:36.767000,416.3011835729933,12
2024-09-19 09:56:36.858000,416.3002940370964,8
2024-09-19 09:56:36.937000,416.2958834637832,8
2024-09-19 09:56:37.161000,416.2765882351116,8
2024-09-19 09:56:37.219000,416.32052896989416,999
2024-09-19 09:56:37.271000,416.3113255579915,12
2024-09-19 09:56:37.369000,416.298108141218,995
2024-09-19 09:56:37.474000,416.3306258779994,105
2024-09-19 09:56:37.491000,416.27896982670296,10
2024-09-19 09:56:37.598000,416.301514902952,100
2024-09-19 09:56:37.617000,416.2996931949704,100
2024-09-19 09:56:37.875000,416.30469649128185,96
2024-09-19 09:56:38.091000,416.3783655571564,998
2024-09-19 09:56:38.135000,416.3456955329832,1001
2024-09-19 09:56:38.165000,416.33668964551055,995
2024-09-19 09:56:38.180000,416.3044652413213,97
2024-09-19 09:56:38.183000,416.3543216850695,995
2024-09-19 09:56:38.185000,416.3422933621164,8
2024-09-19 09:56:38.216000,416.3774112297376,103
2024-09-19 09:56:38.233000,416.3228050426869,1004
2024-09-19 09:56:38.261000,416.3412918036482,1001
2024-09-19 09:56:38.274000,416.3595969856133,995
2024-09-19 09:56:38.326000,416.3231735711935,103
2024-09-19 09:56:38.375000,416.33321408806,998
2024-09-19 09:56:38.397000,416.31562011016825,10
2024-09-19 09:56:38.435000,416.335338756428,100
2024-09-19 09:56:38.514000,416.3177702351926,101
2024-09-19 09:56:38.536000,416.3336995671279,98
2024-09-19 09:56:38.600000,416.32832925909344,12
2024-09-19 09:56:38.606000,416.2996537430346,997
2024-09-19 09:56:38.609000,416.3364837037973,9
2024-09-19 09:56:38.632000,416.3208892952522,15
2024-09-19 09:56:38.654000,416.32333154591856,100
2024-09-19 09:56:38.683000,416.32093670188135,9
2024-09-19 09:56:38.755000,416.36534865556575,999
2024-09-19 09:56:38.757000,416.333312023876,12
2024-09-19 09:56:38.759000,416.3440151960967,105
2024-09-19 09:56:38.791000,416.3691521512743,996
2024-09-19 09:56:38.848000,416.3331491895204,7
2024-09-19 09:56:38.857000,416.34059794976565,5
2024-09-19 09:56:38.968000,416.3105554887449,999
2024-09-19 09:56:39.029000,416.2396298083853,11
2024-09-19 09:56:39.200000,416.24379819708616,1003
2024-09-19 09:56:39.242000,416.2782082832922,10
2024-09-19 09:56:39.387000,416.2177237121421,102
2024-09-19 09:56:39.423000,416.2262517529208,11
2024-09-19 09:56:39.426000,416.2206527758487,95
2024-09-19 09:56:39.431000,416.2557565516612,101
2024-09-19 09:56:39.448000,416.32813781954985,1002
2024-09-19 09:56:39.456000,416.25018509135015,13
2024-09-19 09:56:39.457000,416.2557921123337,10
2024-09-19 09:56:39.558000,416.2340025595794,15
2024-09-19 09:56:39.697000,416.2965000805812,102
2024-09-19 09:56:39.847000,416.20096739494113,1002
2024-09-19 09:56:39.906000,416.2793378952264,13
2024-09-19 09:56:39.933000,416.3067441110696,14
2024-09-19 09:56:39.956000,416.334270245321,10
2024-09-19 09:56:39.971000,416.2365332041568,15
2024-09-19 09:56:40.026000,416.2710324300724,102
2024-09-19 09:56:40.143000,416.28601142842393,8
2024-09-19 09:56:40.203000,416.2317089379331,104
2024-09-19 09:56:40.216000,416.2952503830199,9
2024-09-19 09:56:40.233000,416.2675219675252,997
2024-09-19 09:56:40.294000,416.2636449279337,12
2024-09-19 09:56:40.315000,416.2704904733846,12
2024-09-19 09:56:40.378000,416.2883359558752,7
2024-09-19 09:56:40.381000,416.24795086117854,995
2024-09-19 09:56:40.410000,416.3127142090954,8
2024-09-19 09:56:40.442000,416.2781504824995,998
2024-09-19 09:56:40.474000,416.2706688433425,1002
2024-09-19 09:56:40.560000,416.29663629360994,1000
2024-09-19 09:56:40.564000,416.3011090671487,95
2024-09-19 09:56:40.582000,416.2584242042078,999
2024-09-19 09:56:40.644000,416.2972297781303,103
2024-09-19 09:56:40.671000,416.29269205254406,15
2024-09-19 09:56:40.712000,416.28980400554485,95
2024-09-19 09:56:40.723000,416.2490824012443,99
2024-09-19 09:56:40.746000,416.2488746309447,100
2024-09-19 09:56:40.768000,416.3046799993935,997
2024-09-19 09:56:40.783000,416.3208725187597,102
2024-09-19 09:56:40.844000,416.3228250126921,101
2024-09-19 09:56:40.852000,416.27379629230273,1003
2024-09-19 09:56:40.880000,416.2602429602324,104
2024-09-19 09:56:40.897000,416.28181680204347,14
2024-09-19 09:56:40.898000,416.3328721269618,1004
2024-09-19 09:56:40.936000,416.3031207438973,96
2024-09-19 09:56:42.012000,416.2593883154163,1000
2024-09-19 09:56:43.009000,416.2917729727306,12
2024-09-19 09:56:43.016000,416.2674558689384,8
2024-09-19 09:56:43.052000,416.2958888106654,1004
2024-09-19 09:56:43.083000,416.3539473208437,13
2024-09-19 09:56:43.109000,416.27558545837087,995
2024-09-19 09:56:43.159000,416.2965304090205,15
2024-09-19 09:56:43.170000,416.2549900448778,1004
2024-09-19 09:56:43.177000,416.2943438462725,995
2024-09-19 09:56:43.256000,416.2907932828134,1004
2024-09-19 09:56:43.367000,416.2915858585026,8
2024-09-19 09:56:43.371000,416.306675067714,15
2024-09-19 09:56:43.390000,416.3392955026231,12
2024-09-19 09:56:43.403000,416.3663960457101,1005
2024-09-19 09:56:43.407000,416.2698493930527,100
2024-09-19 09:56:43.407000,416.3233738511562,1003
2024-09-19 09:56:43.487000,416.3313819648598,1000
2024-09-19 09:56:43.539000,416.2814684308596,6
2024-09-19 09:56:43.540000,416.366616188017,98
2024-09-19 09:56:43.556000,416.31399586434605,100
2024-09-19 09:56:43.605000,416.2965154373839,96
2024-09-19 09:56:43.686000,416.3256064482678,996
2024-09-19 09:56:43.729000,416.30185306524015,103
2024-09-19 09:56:43.730000,416.3366971007392,95
2024-09-19 09:56:43.807000,416.3032536874453,96
2024-09-19 09:56:44.117000,416.2848255322016,5
2024-09-19 09:56:44.271000,416.2911471978699,10
2024-09-19 09:56:44.463000,416.2443699267504,5
2024-09-19 09:56:44.469000,416.2489734882273,102
2024-09-19 09:56:44.551000,416.2554540225967,105
2024-09-19 09:56:44.683000,416.2505871652209,99
2024-09-19 09:56:44.772000,416.2994085241178,101
2024-09-19 09:56:44.872000,416.26479553389976,97
2024-09-19 09:56:44.894000,416.2426706495041,995
2024-09-19 09:56:44.903000,416.24307524797774,13
2024-09-19 09:56:45.055000,416.2453983083547,105
2024-09-19 09:56:45.211000,416.24274575121,1002
2024-09-19 09:56:45.405000,416.2647855438273,104
2024-09-19 09:56:45.415000,416.2489659943026,101
2024-09-19 09:56:45.428000,416.2270373034708,102
2024-09-19 09:56:45.584000,416.2421437863668,8
2024-09-19 09:56:45.610000,416.2258694050014,11
2024-09-19 09:56:45.651000,416.2469742043154,998
2024-09-19 09:56:45.674000,416.28612079896266,8
2024-09-19 09:56:45.726000,416.27744155893936,1003
2024-09-19 09:56:45.828000,416.24408841399054,10
2024-09-19 09:56:45.846000,416.22884042535554,995
2024-09-19 09:56:45.874000,416.2822034923734,101
2024-09-19 09:56:45.977000,416.234655468241,999
2024-09-19 09:56:46.002000,416.2928028558958,8
2024-09-19 09:56:46.046000,416.29123994789705,95
2024-09-19 09:56:46.046000,416.27224572525546,12
2024-09-19 09:56:46.191000,416.2534615408274,13
2024-09-19 09:56:46.214000,416.2173251009738,10
2024-09-19 09:56:46.342000,416.3064492639488,11
2024-09-19 09:56:46.343000,416.2281533832442,99
2024-09-19 09:56:46.354000,416.2930687743448,98
2024-09-19 09:56:46.382000,416.23294056766537,999
2024-09-19 09:56:46.431000,416.241336314422,1001
2024-09-19 09:56:46.442000,416.2700069227524,1004
2024-09-19 09:56:46.608000,416.226008583538,10
2024-09-19 09:56:46.711000,416.23177949828624,101
2024-09-19 09:56:46.739000,416.2211891854081,999
2024-09-19 09:56:46.751000,416.2367564569821,1000
2024-09-19 09:56:46.776000,416.2907429386245,95
2024-09-19 09:56:46.872000,416.29318776465766,105
2024-09-19 09:56:46.944000,416.267238758081,9
2024-09-19 09:56:46.946000,416.2713611155624,96
2024-09-19 09:56:46.965000,416.30454998768136,8
2024-09-19 09:56:46.967000,416.2451424296895,996
2024-09-19 09:56:46.998000,416.2649336769472,96
2024-09-19 09:56:48.011000,416.3103111545964,100
2024-09-19 09:56:48.084000,416.3120855610199,103
2024-09-19 09:56:48.091000,416.3413567666008,14
2024-09-19 09:56:48.144000,416.3305372121183,102
2024-09-19 09:56:48.399000,416.32911052193407,11
2024-09-19 09:56:48.501000,416.3397418089256,999
2024-09-19 09:56:48.644000,416.3154320241186,101
2024-09-19 09:56:48.955000,416.3060189376427,101
2024-09-19 09:56:49.079000,416.3275557042859,5
2024-09-19 09:56:49.199000,416.3326328189557,995
2024-09-19 09:56:49.242000,416.30518537424257,8
2024-09-19 09:56:49.618000,416.33432568441975,995
2024-09-19 09:56:49.689000,416.3695395988337,6
2024-09-19 09:56:49.803000,416.37552847622624,11
2024-09-19 09:56:49.810000,416.2911382291083,103
2024-09-19 09:56:51.023000,416.3895754734928,1000
2024-09-19 09:56:51.043000,416.36438424575897,95
2024-09-19 09:56:51.208000,416.3859521869703,98
2024-09-19 09:56:51.223000,416.3492520611522,95
2024-09-19 09:56:51.491000,416.3897309842764,11
2024-09-19 09:56:51.594000,416.3730001472263,15
2024-09-19 09:56:51.700000,416.3816807401556,8
2024-09-19 09:56:51.830000,416.3765383055989,5
2024-09-19 09:56:51.862000,416.3621647071938,5
2024-09-19 09:56:52.035000,416.38015564279465,96
2024-09-19 09:56:52.060000,416.4013930316264,1000
2024-09-19 09:56:52.086000,416.3892509023461,101
2024-09-19 09:56:52.126000,416.3389393892413,105
2024-09-19 09:56:52.137000,416.34850300876985,14
2024-09-19 09:56:52.230000,416.38842242174144,1001
2024-09-19 09:56:52.390000,416.40439241439714,996
2024-09-19 09:56:52.455000,416.37288451003263,7
2024-09-19 09:56:52.464000,416.3689055020895,1005
2024-09-19 09:56:52.481000,416.3852743971838,9
2024-09-19 09:56:52.490000,416.37117437434296,103
2024-09-19 09:56:52.780000,416.36633697284975,1001
2024-09-19 09:56:52.918000,416.4023159408173,10
2024-09-19 09:56:52.920000,416.3683381581383,105
2024-09-19 09:56:52.969000,416.3789189620827,97
2024-09-19 09:56:53.092000,416.4054833168596,15
2024-09-19 09:56:53.149000,416.4119656914051,5
2024-09-19 09:56:53.183000,416.3728257577405,14
2024-09-19 09:56:53.226000,416.4057601492749,997
2024-09-19 09:56:53.251000,416.3844166911935,11
2024-09-19 09:56:53.294000,416.4090667611842,1005
2024-09-19 09:56:53.301000,416.3967308764568,99
2024-09-19 09:56:53.307000,416.3945014793962,14
2024-09-19 09:56:53.388000,416.4129739613848,6
2024-09-19 09:56:53.426000,416.3920767310129,9
2024-09-19 09:56:53.504000,416.4073020025917,98
2024-09-19 09:56:53.554000,416.3903122067479,5
2024-09-19 09:56:53.632000,416.3902695690061,1005
2024-09-19 09:56:53.755000,416.3966361603403,98
2024-09-19 09:56:53.783000,416.4072660946118,9
2024-09-19 09:56:53.906000,416.4181594206215,995
2024-09-19 09:56:54.175000,416.4777141243646,98
2024-09-19 09:56:54.209000,416.4390933970019,102
2024-09-19 09:56:54.271000,416.4804527567426,999
2024-09-19 09:56:54.322000,416.4641965624284,1001
2024-09-19 09:56:54.397000,416.4684889063983,96
2024-09-19 09:56:54.586000,416.48488971176704,5
2024-09-19 09:56:54.589000,416.4597101135329,1005
2024-09-19 09:56:54.636000,416.4588663145302,1004
2024-09-19 09:56:54.729000,416.5014317670757,98
2024-09-19 09:56:54.752000,416.44938206975536,1005
2024-09-19 09:56:54.794000,416.4549912170015,15
2024-09-19 09:56:54.825000,416.5205132480904,98
2024-09-19 09:56:54.938000,416.4711496267869,1001
2024-09-19 09:56:54.940000,416.413034990825,12
2024-09-19 09:56:55.094000,416.5318270638134,996
2024-09-19 09:56:56.048000,416.58466656704985,12
2024-09-19 09:56:56.117000,416.54278723925904,14
2024-09-19 09:56:56.126000,416.53755796358007,100
2024-09-19 09:56:56.133000,416.5645394779266,100
2024-09-19 09:56:56.217000,416.55767746619057,104
2024-09-19 09:56:56.231000,416.5411457975536,14
2024-09-19 09:56:56.238000,416.5478582228652,95
2024-09-19 09:56:56.266000,416.5569419601323,5
2024-09-19 09:56:56.281000,416.5519204320989,100
2024-09-19 09:56:56.357000,416.5782388742514,104
2024-09-19 09:56:56.383000,416.5936354825874,15
2024-09-19 09:56:56.392000,416.55563568246106,8
2024-09-19 09:56:56.473000,416.6052018875975,100
2024-09-19 09:56:56.537000,416.61278644066033,1002
2024-09-19 09:56:56.654000,416.6047098472421,996
2024-09-19 09:56:56.688000,416.5700191897348,5
2024-09-19 09:56:56.760000,416.5909103269313,101
2024-09-19 09:56:56.802000,416.5671137911005,12
2024-09-19 09:56:56.815000,416.57859440896885,14
2024-09-19 09:56:56.945000,416.53451370776776,98
2024-09-19 09:56:57.055000,416.60749061015736,1003
2024-09-19 09:56:57.087000,416.60034164267046,995
2024-09-19 09:56:57.099000,416.6080825437418,104
2024-09-19 09:56:57.345000,416.6171850480476,10
2024-09-19 09:56:57.452000,416.57907408611135,99
2024-09-19 09:56:57.498000,416.5974051268401,11
2024-09-19 09:56:57.529000,416.5625187196183,100
2024-09-19 09:56:57.562000,416.62017593857314,1005
2024-09-19 09:56:57.620000,416.5755245433716,102
2024-09-19 09:56:57.658000,416.5712359663083,95
2024-09-19 09:56:57.693000,416.5709315239717,11
2024-09-19 09:56:57.809000,416.5977042679424,8
2024-09-19 09:56:57.820000,416.6088223689444,9
2024-09-19 09:56:57.870000,416.5795639804044,96
2024-09-19 09:56:57.952000,416.57857116313073,103
2024-09-19 09:56:57.999000,416.581540667261,999
2024-09-19 09:56:58.246000,416.5831354713997,13
2024-09-19 09:56:58.398000,416.5783538190382,104
2024-09-19 09:56:58.727000,416.5750772065345,96
2024-09-19 09:56:59.079000,416.6040316240548,995
2024-09-19 09:56:59.633000,416.5812016089972,9
2024-09-19 09:56:59.659000,416.59217685159047,995
2024-09-19 09:56:59.661000,416.6216478763136,1003
2024-09-19 09:56:59.724000,416.5929126023638,1005
2024-09-19 09:56:59.832000,416.57772628540073,10
