Timestamp,Price,Size
2024-09-20 14:54:00.103000,430.7328165624185,96
2024-09-20 14:54:00.170000,430.7491251210156,999
2024-09-20 14:54:00.342000,430.67603995508944,5
2024-09-20 14:54:00.401000,430.76252879762654,8
2024-09-20 14:54:00.428000,430.72476773076096,97
2024-09-20 14:54:00.498000,430.6921365436987,95
2024-09-20 14:54:00.747000,430.74959416750966,998
2024-09-20 14:54:00.934000,430.7585871194423,97
2024-09-20 14:54:01.098000,430.7615056764317,100
2024-09-20 14:54:01.363000,430.7436372603301,102
2024-09-20 14:54:01.418000,430.76298475098,96
2024-09-20 14:54:01.537000,430.7631955470864,13
2024-09-20 14:54:01.541000,430.7523928260351,1001
2024-09-20 14:54:01.562000,430.71562767056565,105
2024-09-20 14:54:01.671000,430.7119577180368,14
2024-09-20 14:54:01.716000,423.2306838669388,14
2024-09-20 14:54:01.718000,430.7251815161144,101
2024-09-20 14:54:01.757000,430.7372393972716,1000
2024-09-20 14:54:01.788000,430.7446895301296,98
2024-09-20 14:54:01.801000,430.7663081536811,103
2024-09-20 14:54:01.871000,430.7201855132906,15
2024-09-20 14:54:01.906000,430.7267786912322,95
2024-09-20 14:54:01.931000,430.7284146144447,996
2024-09-20 14:54:01.936000,430.7425759701415,997
2024-09-20 14:54:01.957000,430.77656529749294,8
2024-09-20 14:54:02.042000,430.7540637577189,999
2024-09-20 14:54:02.150000,430.7543172002192,99
2024-09-20 14:54:02.243000,430.7576120704181,95
2024-09-20 14:54:02.257000,430.766852395988,11
2024-09-20 14:54:02.328000,430.762401646847,7
2024-09-20 14:54:02.344000,430.7867885171657,8
2024-09-20 14:54:02.344000,430.7719931357871,101
2024-09-20 14:54:02.377000,430.75275679023775,11
2024-09-20 14:54:02.423000,430.73465195550665,12
2024-09-20 14:54:02.443000,430.77302170683663,15
2024-09-20 14:54:02.457000,430.7370253679898,6
2024-09-20 14:54:02.523000,430.7154523972296,1002
2024-09-20 14:54:02.646000,430.7393742577338,11
2024-09-20 14:54:02.741000,430.7903855119038,999
2024-09-20 14:54:02.760000,430.75354655764914,995
2024-09-20 14:54:02.791000,430.7194301677183,1003
2024-09-20 14:54:02.808000,430.77641274789016,1001
2024-09-20 14:54:02.843000,430.7663306114908,6
2024-09-20 14:54:02.857000,430.78418281809394,996
2024-09-20 14:54:02.881000,430.71698062118696,9
2024-09-20 14:54:02.881000,430.7316352115884,996
2024-09-20 14:54:02.910000,430.7416097644934,103
2024-09-20 14:54:03.165000,430.7983261390826,95
2024-09-20 14:54:03.257000,430.81633784342256,97
2024-09-20 14:54:03.521000,430.7916358472201,101
2024-09-20 14:54:03.649000,430.8151462644591,13
2024-09-20 14:54:03.767000,430.7743261854423,100
2024-09-20 14:54:03.884000,430.7871315439338,7
2024-09-20 14:54:03.887000,430.8049637371538,9
2024-09-20 14:54:04.010000,430.809933925797,14
2024-09-20 14:54:04.014000,430.7799651527424,9
2024-09-20 14:54:04.034000,430.8073541097325,95
2024-09-20 14:54:04.034000,430.7957627693787,98
2024-09-20 14:54:04.096000,430.7902020522376,1003
2024-09-20 14:54:04.106000,430.7921984826881,999
2024-09-20 14:54:04.119000,430.7941250330017,13
2024-09-20 14:54:04.166000,430.8134610783399,5
2024-09-20 14:54:04.177000,430.790233328756,98
2024-09-20 14:54:04.197000,430.8008672886814,105
2024-09-20 14:54:04.472000,430.81229994008095,1005
2024-09-20 14:54:04.481000,430.7971975860487,1004
2024-09-20 14:54:04.547000,430.8238505035154,1002
2024-09-20 14:54:04.587000,430.78518122791866,1003
2024-09-20 14:54:04.672000,430.7956384034978,97
2024-09-20 14:54:04.863000,430.8113236189435,7
2024-09-20 14:54:04.951000,430.7928280274715,998
2024-09-20 14:54:05.467000,430.7675937801725,995
2024-09-20 14:54:05.628000,430.81220261889,998
2024-09-20 14:54:05.661000,430.7726552127318,100
2024-09-20 14:54:05.673000,430.7910572758582,102
2024-09-20 14:54:05.686000,430.7697768509524,1005
2024-09-20 14:54:05.723000,430.77219717173085,6
2024-09-20 14:54:05.890000,430.757227273197,105
2024-09-20 14:54:05.917000,430.7725691065003,998
2024-09-20 14:54:06.009000,430.8493048657842,105
2024-09-20 14:54:06.071000,430.8380761624416,98
2024-09-20 14:54:06.119000,430.80241424019385,1001
2024-09-20 14:54:06.181000,430.8455518323388,1003
2024-09-20 14:54:06.196000,430.8356681276282,1003
2024-09-20 14:54:06.244000,430.8216946054645,1001
2024-09-20 14:54:06.263000,430.8523805160581,11
2024-09-20 14:54:06.360000,430.8343594666397,97
2024-09-20 14:54:06.363000,430.84842630292616,105
2024-09-20 14:54:06.367000,430.83467652907,1000
2024-09-20 14:54:06.370000,430.8105349650861,104
2024-09-20 14:54:06.474000,430.82583754668633,98
2024-09-20 14:54:06.493000,430.8302283633081,7
2024-09-20 14:54:06.543000,430.8757073777164,6
2024-09-20 14:54:06.548000,430.82990531711687,100
2024-09-20 14:54:06.630000,430.82083069337824,14
2024-09-20 14:54:06.642000,430.8405572644938,103
2024-09-20 14:54:06.665000,430.8616999648577,95
2024-09-20 14:54:06.708000,430.8272374555884,99
2024-09-20 14:54:06.782000,430.8207941405143,15
2024-09-20 14:54:06.889000,430.83835093406407,997
2024-09-20 14:54:06.996000,430.8156171580394,101
2024-09-20 14:54:08.001000,430.8894091818916,1001
2024-09-20 14:54:08.043000,430.8664253900207,98
2024-09-20 14:54:08.066000,430.8562838905172,7
2024-09-20 14:54:08.107000,430.937483095477,11
2024-09-20 14:54:08.166000,430.8980506416117,99
2024-09-20 14:54:08.212000,430.92023520422657,1001
2024-09-20 14:54:08.248000,430.8795632601753,1000
2024-09-20 14:54:08.393000,430.88462889779737,5
2024-09-20 14:54:08.429000,430.92126054898193,7
2024-09-20 14:54:08.632000,430.880283644943,13
2024-09-20 14:54:08.668000,430.9102054056879,13
2024-09-20 14:54:08.675000,430.9093980924748,12
2024-09-20 14:54:08.679000,430.8941978647401,100
2024-09-20 14:54:08.710000,430.9007340894039,1002
2024-09-20 14:54:08.732000,430.90529667918304,12
2024-09-20 14:54:08.754000,430.8670096343552,995
2024-09-20 14:54:08.782000,430.9336182852235,95
2024-09-20 14:54:08.795000,430.8653191629604,1005
2024-09-20 14:54:08.923000,430.8748640508255,1004
2024-09-20 14:54:08.950000,430.8750598654165,12
2024-09-20 14:54:09.109000,430.914621315251,996
2024-09-20 14:54:09.149000,430.9293039925084,96
2024-09-20 14:54:09.313000,430.909586501824,102
2024-09-20 14:54:09.339000,430.9235879585528,6
2024-09-20 14:54:09.351000,430.8893313874395,100
2024-09-20 14:54:09.353000,430.8960273942991,1000
2024-09-20 14:54:09.383000,430.8944311079986,6
2024-09-20 14:54:09.408000,430.914422944402,1002
2024-09-20 14:54:09.420000,430.8956242958001,99
2024-09-20 14:54:09.480000,430.9222693912391,1005
2024-09-20 14:54:09.481000,430.9169085502385,13
2024-09-20 14:54:09.548000,430.9068928946448,104
2024-09-20 14:54:09.601000,430.90802254276775,1005
2024-09-20 14:54:09.602000,430.8732185739405,99
2024-09-20 14:54:09.628000,430.8813966739286,1002
2024-09-20 14:54:09.680000,430.8931786967047,105
2024-09-20 14:54:09.739000,430.8894184918923,8
2024-09-20 14:54:09.748000,430.88398922915616,95
2024-09-20 14:54:09.825000,430.8904490820701,13
2024-09-20 14:54:09.949000,430.8671084937141,5
2024-09-20 14:54:10.148000,430.9356348352005,102
2024-09-20 14:54:10.180000,430.9399035225682,998
2024-09-20 14:54:10.317000,430.9339826708873,1004
2024-09-20 14:54:10.334000,430.9226483555517,98
2024-09-20 14:54:10.378000,430.9210270120132,999
2024-09-20 14:54:10.627000,430.9316356462669,5
2024-09-20 14:54:10.628000,430.9398124097529,100
2024-09-20 14:54:10.711000,430.9378136993702,10
2024-09-20 14:54:10.764000,430.9421871767115,96
2024-09-20 14:54:11.146000,430.94736667481806,1001
2024-09-20 14:54:11.296000,430.9637239482794,12
2024-09-20 14:54:11.517000,430.9827730775373,997
2024-09-20 14:54:11.786000,430.9546711440897,6
2024-09-20 14:54:12.079000,430.9685719576436,9
2024-09-20 14:54:12.092000,430.8897987790157,12
2024-09-20 14:54:12.267000,430.91072126925127,99
2024-09-20 14:54:12.305000,430.9763225054561,1003
2024-09-20 14:54:12.343000,430.8861424794008,1003
2024-09-20 14:54:12.395000,430.9481161209699,998
2024-09-20 14:54:12.421000,430.9102833618246,1001
2024-09-20 14:54:12.446000,430.9666874647527,1004
2024-09-20 14:54:12.482000,430.8813866186428,5
2024-09-20 14:54:12.505000,430.8852336252336,15
2024-09-20 14:54:12.588000,430.8874503974727,1004
2024-09-20 14:54:12.784000,430.93740423049417,7
2024-09-20 14:54:12.873000,430.9628536335637,98
2024-09-20 14:54:12.901000,430.9845339722226,5
2024-09-20 14:54:12.967000,430.9697623616025,999
2024-09-20 14:54:12.994000,430.9655738908551,103
2024-09-20 14:54:13.001000,430.9134779961502,98
2024-09-20 14:54:13.004000,430.8820625103835,12
2024-09-20 14:54:13.017000,430.8897261460667,999
2024-09-20 14:54:13.039000,430.90064855317655,98
2024-09-20 14:54:13.060000,430.9191341124409,15
2024-09-20 14:54:13.101000,430.9017336914904,996
2024-09-20 14:54:13.117000,430.85510364231993,95
2024-09-20 14:54:13.121000,430.8919523055662,1002
2024-09-20 14:54:13.163000,430.8829484876149,105
2024-09-20 14:54:13.191000,430.9008452398673,1005
2024-09-20 14:54:13.254000,430.9298444339848,105
2024-09-20 14:54:13.385000,430.9003666293796,7
2024-09-20 14:54:13.431000,430.9019547492789,103
2024-09-20 14:54:13.460000,430.8889857808538,6
2024-09-20 14:54:13.512000,430.8987437259461,997
2024-09-20 14:54:13.581000,430.9072926650934,996
2024-09-20 14:54:13.653000,430.8772275891733,1000
2024-09-20 14:54:13.686000,430.91392586067417,1002
2024-09-20 14:54:13.692000,430.9058078184304,100
2024-09-20 14:54:13.696000,430.8930644679245,10
2024-09-20 14:54:13.711000,430.8840394059671,999
2024-09-20 14:54:13.725000,430.9229513954559,102
2024-09-20 14:54:13.755000,430.8910015789776,12
2024-09-20 14:54:13.878000,430.894376230321,14
2024-09-20 14:54:13.935000,430.9139721464478,1002
2024-09-20 14:54:13.949000,430.9000608034109,9
2024-09-20 14:54:13.966000,430.9186199761418,102
2024-09-20 14:54:14.020000,430.7445233974564,998
2024-09-20 14:54:14.089000,430.80880988382455,1003
2024-09-20 14:54:14.194000,430.80508421861737,99
2024-09-20 14:54:14.227000,430.8326465006948,97
2024-09-20 14:54:14.275000,430.7503764942804,104
2024-09-20 14:54:14.323000,430.76294563014886,1004
2024-09-20 14:54:14.329000,430.72669665339487,98
2024-09-20 14:54:14.338000,430.7922921581679,100
2024-09-20 14:54:14.376000,430.7394589496101,1003
2024-09-20 14:54:14.426000,430.7313524768122,97
2024-09-20 14:54:14.475000,430.73208509517553,101
2024-09-20 14:54:14.529000,430.7198922671031,7
2024-09-20 14:54:14.557000,430.76419030555695,103
2024-09-20 14:54:14.690000,430.7499376678401,995
2024-09-20 14:54:14.716000,430.7453196735653,96
2024-09-20 14:54:14.904000,430.85083619508646,8
2024-09-20 14:54:14.954000,430.8089002483797,14
2024-09-20 14:54:14.994000,430.7385282369085,95
2024-09-20 14:54:15.115000,430.7501155804564,98
2024-09-20 14:54:15.132000,430.7595217531462,1001
2024-09-20 14:54:15.207000,430.7885406677816,998
2024-09-20 14:54:15.239000,430.7809182719967,96
2024-09-20 14:54:15.242000,430.7744990793378,7
2024-09-20 14:54:15.322000,430.749176902644,97
2024-09-20 14:54:15.401000,430.7500012051324,11
2024-09-20 14:54:15.420000,430.7478881395656,98
2024-09-20 14:54:15.452000,430.7775270087413,99
2024-09-20 14:54:15.743000,430.7771745489118,97
2024-09-20 14:54:15.922000,430.7428493541238,998
2024-09-20 14:54:15.946000,430.7821784804181,6
2024-09-20 14:54:16.018000,430.7952407054712,97
2024-09-20 14:54:16.409000,430.81215108785926,104
2024-09-20 14:54:16.457000,430.8122643150462,98
2024-09-20 14:54:16.512000,430.7837916192356,15
2024-09-20 14:54:16.785000,430.8045934266035,996
2024-09-20 14:54:17.046000,430.8669058967079,998
2024-09-20 14:54:17.106000,423.4593998038378,99
2024-09-20 14:54:17.118000,430.8100227538668,15
2024-09-20 14:54:17.139000,430.85996189204513,1004
2024-09-20 14:54:17.329000,430.8558184787147,995
2024-09-20 14:54:17.338000,430.8430282774014,999
2024-09-20 14:54:17.363000,430.83511598009966,101
2024-09-20 14:54:17.429000,430.8684252032449,96
2024-09-20 14:54:17.446000,430.81143788924766,998
2024-09-20 14:54:17.552000,430.8811771682298,1003
2024-09-20 14:54:17.630000,430.7991647924688,5
2024-09-20 14:54:17.634000,430.869225945606,998
2024-09-20 14:54:17.674000,430.8447759286906,95
2024-09-20 14:54:17.766000,430.8454232409979,9
2024-09-20 14:54:17.850000,430.8433400795051,104
2024-09-20 14:54:17.913000,430.8728859932855,5
2024-09-20 14:54:17.920000,423.4513751526382,15
2024-09-20 14:54:17.976000,430.887855900998,97
2024-09-20 14:54:18.003000,430.96220983578576,10
2024-09-20 14:54:18.010000,430.9592134340043,96
2024-09-20 14:54:18.041000,430.9743353329822,96
2024-09-20 14:54:18.101000,430.8538565692898,14
2024-09-20 14:54:18.109000,430.89722331965936,6
2024-09-20 14:54:18.145000,430.9814680607682,1003
2024-09-20 14:54:18.153000,430.97562823693545,15
2024-09-20 14:54:18.157000,430.852861419282,1003
2024-09-20 14:54:18.197000,430.8674856866361,999
2024-09-20 14:54:18.205000,430.9619899218848,97
2024-09-20 14:54:18.282000,430.8672906379488,105
2024-09-20 14:54:18.306000,430.9051741570507,96
2024-09-20 14:54:18.307000,430.85542575605393,11
2024-09-20 14:54:18.358000,430.9100860883171,1001
2024-09-20 14:54:18.366000,430.9716263591168,1001
2024-09-20 14:54:18.387000,430.8594534396643,15
2024-09-20 14:54:18.408000,430.9036856981541,14
2024-09-20 14:54:18.453000,430.86540836406,1001
2024-09-20 14:54:18.561000,430.9624632348967,6
2024-09-20 14:54:18.593000,430.9749762971325,996
2024-09-20 14:54:18.636000,430.8484599541634,1002
2024-09-20 14:54:18.712000,430.9637349096377,104
2024-09-20 14:54:18.837000,430.9016661533693,8
2024-09-20 14:54:18.839000,430.862404817043,102
2024-09-20 14:54:18.871000,430.87892049482485,10
2024-09-20 14:54:18.884000,430.9152089208801,996
2024-09-20 14:54:18.886000,430.8506394429305,13
2024-09-20 14:54:19.008000,431.01134670638805,997
2024-09-20 14:54:19.056000,430.9798493446162,995
2024-09-20 14:54:19.063000,423.5209087076725,1005
2024-09-20 14:54:19.066000,430.9796909167593,102
2024-09-20 14:54:19.211000,430.9336677471029,103
2024-09-20 14:54:19.227000,430.9853427269003,99
2024-09-20 14:54:19.235000,430.9951123069505,15
2024-09-20 14:54:19.264000,430.9965484596052,105
2024-09-20 14:54:19.267000,430.9923840454633,95
2024-09-20 14:54:19.298000,430.9639118170132,1003
2024-09-20 14:54:19.351000,430.9552958716262,997
2024-09-20 14:54:19.395000,430.9781861150025,104
2024-09-20 14:54:19.474000,430.9339685444352,6
2024-09-20 14:54:19.530000,431.011545552189,1003
2024-09-20 14:54:19.572000,431.007633278207,12
2024-09-20 14:54:19.634000,430.93672590884114,99
2024-09-20 14:54:19.634000,430.96335178729424,1003
2024-09-20 14:54:19.648000,430.9484553374815,100
2024-09-20 14:54:19.684000,430.9541349798026,104
2024-09-20 14:54:19.694000,431.00536016635147,7
2024-09-20 14:54:19.794000,431.01462678256416,1001
2024-09-20 14:54:19.809000,430.9621380681294,13
2024-09-20 14:54:19.848000,431.0048973555618,99
2024-09-20 14:54:19.880000,430.96251727652617,10
2024-09-20 14:54:19.884000,430.9710919010259,1001
2024-09-20 14:54:19.921000,430.9738292814703,7
2024-09-20 14:54:19.928000,430.99016501253885,99
2024-09-20 14:54:20.093000,431.062913002509,105
2024-09-20 14:54:20.129000,430.9999939591656,100
2024-09-20 14:54:20.174000,431.0172511622144,996
2024-09-20 14:54:20.179000,431.0513906687804,5
2024-09-20 14:54:20.361000,431.065311084722,95
2024-09-20 14:54:20.419000,431.0051124879369,15
2024-09-20 14:54:20.423000,431.0600045260456,101
2024-09-20 14:54:20.476000,431.0474258232713,996
2024-09-20 14:54:20.545000,431.0654128907848,1002
2024-09-20 14:54:20.631000,431.03442567647903,5
2024-09-20 14:54:20.662000,431.0707850742026,1000
2024-09-20 14:54:20.755000,431.0653219980477,12
2024-09-20 14:54:20.770000,431.0377158272751,104
2024-09-20 14:54:20.797000,430.9998722399104,98
2024-09-20 14:54:20.800000,431.0374042101122,14
2024-09-20 14:54:20.814000,431.013235200668,5
2024-09-20 14:54:20.865000,431.0281276129252,12
2024-09-20 14:54:20.900000,431.070052775183,1000
2024-09-20 14:54:20.947000,431.04040564443386,97
2024-09-20 14:54:21.016000,431.0352150547281,1005
2024-09-20 14:54:21.191000,431.0501853922136,101
2024-09-20 14:54:21.192000,431.050967015235,5
2024-09-20 14:54:21.267000,431.03588870163054,1004
2024-09-20 14:54:21.365000,431.0372351291231,101
2024-09-20 14:54:21.470000,431.0415082369972,6
2024-09-20 14:54:21.539000,431.0647637838522,101
2024-09-20 14:54:21.681000,431.0404700988603,13
2024-09-20 14:54:21.719000,431.0595090324248,6
2024-09-20 14:54:21.839000,431.03110094732665,96
2024-09-20 14:54:21.852000,431.0412566086831,12
2024-09-20 14:54:21.900000,431.0437420082714,9
2024-09-20 14:54:21.907000,431.03735714841736,12
2024-09-20 14:54:22.036000,423.548905337054,98
2024-09-20 14:54:22.044000,431.03237531530215,11
2024-09-20 14:54:22.207000,431.0535507689796,998
2024-09-20 14:54:22.306000,431.0423570262342,9
2024-09-20 14:54:22.326000,431.0338108491733,100
2024-09-20 14:54:22.343000,431.0265841075669,13
2024-09-20 14:54:23.135000,431.04411681169694,1001
2024-09-20 14:54:23.178000,431.1181097801546,995
2024-09-20 14:54:23.223000,431.0999308084191,105
2024-09-20 14:54:23.243000,431.1081096132842,5
2024-09-20 14:54:23.248000,431.1214921456629,15
2024-09-20 14:54:23.260000,431.11773169838216,96
2024-09-20 14:54:23.295000,431.1073485739197,10
2024-09-20 14:54:23.297000,431.10915753418,15
2024-09-20 14:54:23.374000,431.0677433187826,1005
2024-09-20 14:54:23.418000,431.1089770903436,9
2024-09-20 14:54:23.418000,431.1281755191952,13
2024-09-20 14:54:23.459000,431.1187324301819,103
2024-09-20 14:54:23.522000,431.0937601565213,14
2024-09-20 14:54:23.608000,431.0426059245837,95
2024-09-20 14:54:23.736000,431.1017361446683,12
2024-09-20 14:54:23.779000,431.1507181103189,101
2024-09-20 14:54:23.780000,431.0315131830421,997
2024-09-20 14:54:23.809000,431.11105307084,5
2024-09-20 14:54:23.879000,431.102580255237,12
2024-09-20 14:54:23.889000,431.1116129393944,98
2024-09-20 14:54:23.922000,431.061412326441,99
2024-09-20 14:54:23.982000,431.1249197603952,1001
2024-09-20 14:54:24.003000,431.1431481904059,7
2024-09-20 14:54:24.022000,431.1760003687065,1003
2024-09-20 14:54:24.073000,431.2055464243721,104
2024-09-20 14:54:24.100000,431.1962557196728,105
2024-09-20 14:54:24.152000,431.1655142831722,12
2024-09-20 14:54:24.206000,431.16876882884736,103
2024-09-20 14:54:24.292000,431.1888441594348,6
2024-09-20 14:54:24.295000,431.19804261062353,102
2024-09-20 14:54:24.336000,431.173529280833,105
2024-09-20 14:54:24.399000,431.2016462476743,995
2024-09-20 14:54:24.402000,431.1588597829756,5
2024-09-20 14:54:24.448000,431.1863641807616,95
2024-09-20 14:54:24.470000,431.1957132317753,13
2024-09-20 14:54:24.495000,431.16761234553,96
2024-09-20 14:54:24.526000,431.17492872118,9
2024-09-20 14:54:24.595000,431.1258847096348,997
2024-09-20 14:54:24.609000,431.19811330593177,14
2024-09-20 14:54:24.726000,431.21889536700695,1000
2024-09-20 14:54:24.767000,431.17234740360055,100
2024-09-20 14:54:24.787000,431.17440091130425,1000
2024-09-20 14:54:24.826000,431.1749929462436,103
2024-09-20 14:54:24.832000,431.11195360813775,997
2024-09-20 14:54:24.908000,431.188434382714,104
2024-09-20 14:54:24.936000,431.13490079495097,100
2024-09-20 14:54:25.033000,431.190822244925,95
2024-09-20 14:54:25.060000,431.1642367394592,103
2024-09-20 14:54:25.111000,431.2051183629749,1002
2024-09-20 14:54:25.127000,431.139729624512,5
2024-09-20 14:54:25.159000,431.2275131384831,15
2024-09-20 14:54:25.189000,431.1461733057226,100
2024-09-20 14:54:25.212000,431.1663127731701,11
2024-09-20 14:54:25.292000,431.2316483168594,97
2024-09-20 14:54:25.308000,431.2051143003667,998
2024-09-20 14:54:25.417000,431.1277125042607,102
2024-09-20 14:54:25.450000,431.1854497231784,98
2024-09-20 14:54:25.710000,431.2137687691416,10
2024-09-20 14:54:25.711000,431.1840265429005,1001
2024-09-20 14:54:25.949000,431.1828559194857,1004
2024-09-20 14:54:26.022000,431.14517275419166,95
2024-09-20 14:54:26.106000,431.1496155845339,15
2024-09-20 14:54:26.337000,431.1476724729064,14
2024-09-20 14:54:26.511000,431.1361159072636,1004
2024-09-20 14:54:26.687000,431.153719959041,97
2024-09-20 14:54:26.888000,431.15854956552914,11
2024-09-20 14:54:27.220000,431.1626885769705,101
2024-09-20 14:54:27.850000,431.1883019903317,101
2024-09-20 14:54:27.954000,431.2028905829532,996
2024-09-20 14:54:28.045000,431.1769136272646,15
2024-09-20 14:54:28.260000,431.2225149948698,995
2024-09-20 14:54:28.295000,431.2136138673507,997
2024-09-20 14:54:28.311000,431.165972363233,101
2024-09-20 14:54:28.350000,431.20135557040953,102
2024-09-20 14:54:28.375000,431.20865998933385,9
2024-09-20 14:54:28.398000,431.1961475507084,995
2024-09-20 14:54:28.420000,431.2093592044863,95
2024-09-20 14:54:28.471000,431.1994842005906,96
2024-09-20 14:54:28.577000,431.193576894992,15
2024-09-20 14:54:28.625000,431.19288275580254,101
2024-09-20 14:54:28.653000,431.20330653038025,10
2024-09-20 14:54:28.711000,431.20804501335977,995
2024-09-20 14:54:28.711000,431.226373711518,1000
2024-09-20 14:54:28.730000,431.2330288391656,997
2024-09-20 14:54:28.736000,431.2133652881511,6
2024-09-20 14:54:28.859000,431.2315440777407,1005
2024-09-20 14:54:29.057000,431.1499984167672,6
2024-09-20 14:54:29.097000,431.1445306635658,103
2024-09-20 14:54:29.919000,431.1333596941451,98
2024-09-20 14:54:31.020000,431.127394866855,99
2024-09-20 14:54:31.073000,431.1083023768566,15
2024-09-20 14:54:31.076000,431.11114596830976,1001
2024-09-20 14:54:31.080000,431.11641281891167,15
2024-09-20 14:54:31.136000,431.0900910506367,104
2024-09-20 14:54:31.218000,431.1072709119645,1003
2024-09-20 14:54:31.274000,431.12917154046426,13
2024-09-20 14:54:31.312000,431.1083539758498,999
2024-09-20 14:54:31.378000,431.089306201324,9
2024-09-20 14:54:31.386000,431.0911393453448,998
2024-09-20 14:54:31.437000,431.1244484415941,104
2024-09-20 14:54:31.463000,431.1354443779144,1001
2024-09-20 14:54:31.521000,431.1160500886314,13
2024-09-20 14:54:31.550000,431.1133108262308,95
2024-09-20 14:54:31.558000,431.0793854527434,99
2024-09-20 14:54:31.566000,431.1011107192561,1003
2024-09-20 14:54:31.594000,431.0849154696384,103
2024-09-20 14:54:31.596000,431.0850030395328,996
2024-09-20 14:54:31.608000,431.0928337475928,1004
2024-09-20 14:54:31.636000,431.0973182394837,10
2024-09-20 14:54:31.683000,431.09914092366273,999
2024-09-20 14:54:31.759000,431.1065377628283,10
2024-09-20 14:54:31.800000,431.0977949960183,95
2024-09-20 14:54:31.820000,431.0957137263434,6
2024-09-20 14:54:31.840000,431.0981254537695,1000
2024-09-20 14:54:31.863000,431.1284531276093,104
2024-09-20 14:54:31.966000,431.09391977871593,1003
2024-09-20 14:54:31.971000,431.1065454584311,9
2024-09-20 14:54:32.052000,431.1275351994464,96
2024-09-20 14:54:32.113000,431.0804028555404,101
2024-09-20 14:54:32.138000,431.132076132152,100
2024-09-20 14:54:32.153000,431.1223066323083,997
2024-09-20 14:54:32.352000,431.1038281520613,1005
2024-09-20 14:54:32.421000,431.13875129258497,102
2024-09-20 14:54:32.475000,431.1020841528557,1000
2024-09-20 14:54:32.567000,431.0688198989664,95
2024-09-20 14:54:32.578000,431.1327378232317,9
2024-09-20 14:54:32.635000,431.0795358632221,101
2024-09-20 14:54:32.685000,431.1266993856472,9
2024-09-20 14:54:32.817000,431.1513551056204,101
2024-09-20 14:54:32.886000,431.1179541855441,101
2024-09-20 14:54:32.999000,431.1287405963851,1005
2024-09-20 14:54:33.007000,431.0814381193901,11
2024-09-20 14:54:33.175000,431.11773414150906,102
2024-09-20 14:54:33.263000,431.0738004409045,103
2024-09-20 14:54:33.369000,431.0873176534101,5
2024-09-20 14:54:33.400000,431.1344194819109,999
2024-09-20 14:54:33.727000,431.1205324717081,101
2024-09-20 14:54:33.730000,431.12361650693737,995
2024-09-20 14:54:33.836000,431.0743445969947,15
2024-09-20 14:54:33.889000,431.0922378890679,96
2024-09-20 14:54:33.976000,431.0789409034221,997
2024-09-20 14:54:33.977000,431.0853061287416,102
2024-09-20 14:54:34.038000,431.0955233509101,14
2024-09-20 14:54:34.040000,431.08702314082456,105
2024-09-20 14:54:34.153000,431.0382038366636,5
2024-09-20 14:54:34.186000,423.525009531624,1002
2024-09-20 14:54:34.316000,431.0969124521676,95
2024-09-20 14:54:34.332000,431.07504317822895,98
2024-09-20 14:54:34.480000,431.0446648103609,15
2024-09-20 14:54:34.489000,431.0483754022502,1003
2024-09-20 14:54:34.594000,431.104360326679,96
2024-09-20 14:54:34.641000,431.0712637623492,13
2024-09-20 14:54:34.692000,431.1064934557365,103
2024-09-20 14:54:34.739000,431.0953618206936,96
2024-09-20 14:54:34.921000,431.0603304126925,8
2024-09-20 14:54:34.946000,431.09308324710105,14
2024-09-20 14:54:35.064000,431.06322443527046,1002
2024-09-20 14:54:35.076000,431.09416554479486,997
2024-09-20 14:54:35.078000,431.1429234868988,97
2024-09-20 14:54:35.217000,431.082604252147,96
2024-09-20 14:54:35.223000,431.14150255058297,11
2024-09-20 14:54:35.227000,431.1551231914728,11
2024-09-20 14:54:35.254000,431.1041603196068,9
2024-09-20 14:54:35.300000,431.0805705173854,999
2024-09-20 14:54:35.383000,431.1380319728297,96
2024-09-20 14:54:35.410000,431.1385560494855,997
2024-09-20 14:54:35.427000,431.14743204156906,97
2024-09-20 14:54:35.536000,431.06221209726726,103
2024-09-20 14:54:35.596000,431.13125858297263,95
2024-09-20 14:54:35.647000,431.1743791519404,998
2024-09-20 14:54:35.648000,431.1685449075953,102
2024-09-20 14:54:35.651000,431.1364438222492,995
2024-09-20 14:54:35.672000,431.0787091967224,102
2024-09-20 14:54:35.763000,431.1489701835662,104
2024-09-20 14:54:35.806000,431.0769421109279,5
2024-09-20 14:54:35.808000,431.14378472008127,1002
2024-09-20 14:54:35.811000,431.051993264015,5
2024-09-20 14:54:35.813000,431.12296754074174,104
2024-09-20 14:54:35.851000,431.1390122765222,997
2024-09-20 14:54:35.867000,431.090524429992,100
2024-09-20 14:54:35.920000,431.0855866242128,10
2024-09-20 14:54:35.952000,431.1609762395207,103
2024-09-20 14:54:36.038000,431.1569771198908,6
2024-09-20 14:54:36.081000,431.21605701974426,96
2024-09-20 14:54:36.081000,431.2413237615772,1001
2024-09-20 14:54:36.182000,431.19814498196297,1001
2024-09-20 14:54:36.215000,431.25714726637466,103
2024-09-20 14:54:36.231000,431.2163081996695,1004
2024-09-20 14:54:36.242000,431.2231210955984,7
2024-09-20 14:54:36.276000,431.1680198485564,7
2024-09-20 14:54:36.343000,431.1705857073967,95
2024-09-20 14:54:36.373000,431.1741213010291,1000
2024-09-20 14:54:36.426000,431.1703548031351,101
2024-09-20 14:54:36.445000,431.230003727129,995
2024-09-20 14:54:36.461000,431.1589252475644,12
2024-09-20 14:54:36.464000,431.12124126472287,9
2024-09-20 14:54:36.480000,431.1788073463306,104
2024-09-20 14:54:36.582000,431.1613507710823,1004
2024-09-20 14:54:36.641000,431.1835469661408,105
2024-09-20 14:54:36.684000,431.13388142483336,96
2024-09-20 14:54:36.685000,431.1829250271202,97
2024-09-20 14:54:36.813000,431.164086479632,105
2024-09-20 14:54:36.838000,431.2069307997439,14
2024-09-20 14:54:36.838000,431.211129775002,105
2024-09-20 14:54:36.839000,431.139926199528,105
2024-09-20 14:54:36.843000,431.1333913474072,995
2024-09-20 14:54:36.850000,431.1750697053,1004
2024-09-20 14:54:36.858000,431.1697520380481,97
2024-09-20 14:54:36.929000,431.1464601345357,7
2024-09-20 14:54:36.931000,431.1692106566471,1003
2024-09-20 14:54:36.965000,431.1984911672493,1001
2024-09-20 14:54:37.050000,431.2627710731543,10
2024-09-20 14:54:37.111000,431.25965434399706,8
2024-09-20 14:54:37.207000,431.2665594735,1001
2024-09-20 14:54:37.224000,431.2589522833725,997
2024-09-20 14:54:37.225000,431.2595140207898,7
2024-09-20 14:54:37.270000,431.2599944258643,1000
2024-09-20 14:54:37.309000,431.2354203951797,98
2024-09-20 14:54:37.330000,431.24433567496845,96
2024-09-20 14:54:37.388000,431.2494703646289,12
2024-09-20 14:54:37.458000,431.2329191994044,99
2024-09-20 14:54:37.461000,431.2488251432695,5
2024-09-20 14:54:37.518000,431.1521680706584,104
2024-09-20 14:54:37.548000,431.1456780925775,997
2024-09-20 14:54:37.614000,431.1622375308746,998
2024-09-20 14:54:37.624000,431.24016546064166,100
2024-09-20 14:54:37.625000,431.1634359867462,9
2024-09-20 14:54:37.637000,431.18639274517335,97
2024-09-20 14:54:37.655000,431.2514993259746,98
2024-09-20 14:54:37.686000,431.1848370328592,15
2024-09-20 14:54:37.708000,431.2501839926984,998
2024-09-20 14:54:37.723000,431.2398835926496,101
2024-09-20 14:54:37.818000,431.1959064480221,100
2024-09-20 14:54:37.841000,431.2504669359576,98
2024-09-20 14:54:37.891000,431.2362194788104,998
2024-09-20 14:54:37.908000,431.2561650254575,10
2024-09-20 14:54:37.935000,431.265760058252,996
2024-09-20 14:54:37.954000,431.2546943734093,1005
2024-09-20 14:54:38.043000,431.18310159147353,995
2024-09-20 14:54:38.091000,431.1567601449318,1001
2024-09-20 14:54:38.100000,431.1540567658884,103
2024-09-20 14:54:38.114000,431.18602830459577,1004
2024-09-20 14:54:38.181000,431.16051700623177,1004
2024-09-20 14:54:38.217000,431.1549709017231,996
2024-09-20 14:54:38.232000,431.16098554874895,104
2024-09-20 14:54:38.281000,431.149444839092,999
2024-09-20 14:54:38.397000,431.1685031840048,997
2024-09-20 14:54:38.399000,431.15017101205694,96
2024-09-20 14:54:38.515000,431.1600120456946,95
2024-09-20 14:54:38.520000,431.17866838996736,1001
2024-09-20 14:54:38.577000,431.178192574112,97
2024-09-20 14:54:38.657000,431.1428731362729,12
2024-09-20 14:54:38.711000,431.1449347613982,995
2024-09-20 14:54:38.789000,431.1512607048824,100
2024-09-20 14:54:38.922000,431.1333228123717,1003
2024-09-20 14:54:38.981000,431.1077602572303,97
2024-09-20 14:54:39.041000,431.1401992166884,997
2024-09-20 14:54:39.077000,431.1459947563801,105
2024-09-20 14:54:39.218000,431.1567586401725,99
2024-09-20 14:54:39.247000,431.1489730567744,6
2024-09-20 14:54:39.265000,431.1315904458292,105
2024-09-20 14:54:39.298000,431.1249895621015,998
2024-09-20 14:54:39.301000,431.1398188668652,101
2024-09-20 14:54:39.334000,431.1330365627182,9
2024-09-20 14:54:39.368000,431.1445284807048,11
2024-09-20 14:54:39.382000,431.07592576392807,8
2024-09-20 14:54:39.386000,431.1623189190718,995
2024-09-20 14:54:39.430000,431.1397340160681,14
2024-09-20 14:54:39.483000,431.1486111562328,996
2024-09-20 14:54:39.500000,431.13900266925833,13
2024-09-20 14:54:39.518000,431.10912265205855,1004
2024-09-20 14:54:39.541000,431.0902726837136,96
2024-09-20 14:54:39.563000,431.1165595706949,98
2024-09-20 14:54:39.580000,431.1547898384591,1004
2024-09-20 14:54:39.589000,431.1089865303354,1005
2024-09-20 14:54:39.650000,431.139485479741,1001
2024-09-20 14:54:39.698000,431.13648947820735,96
2024-09-20 14:54:39.712000,431.14087032573536,1003
2024-09-20 14:54:39.712000,431.0944722451308,98
2024-09-20 14:54:39.720000,431.1266428086169,1002
2024-09-20 14:54:39.807000,431.1381518424215,96
2024-09-20 14:54:39.905000,431.11002046642216,97
2024-09-20 14:54:39.910000,431.1592064208213,13
2024-09-20 14:54:39.952000,431.1435167690212,1002
2024-09-20 14:54:39.995000,431.0957284511588,104
2024-09-20 14:54:40.062000,431.1575579981802,998
2024-09-20 14:54:40.086000,431.1634114611977,103
2024-09-20 14:54:40.250000,431.1598281580826,104
2024-09-20 14:54:40.398000,431.16033570474593,13
2024-09-20 14:54:40.639000,431.17084993887096,1002
2024-09-20 14:54:40.656000,431.1654181130655,103
2024-09-20 14:54:40.786000,431.1603976834536,104
2024-09-20 14:54:40.831000,431.1729743804392,12
2024-09-20 14:54:40.832000,431.15108202793056,9
2024-09-20 14:54:40.905000,431.1361259259367,13
2024-09-20 14:54:40.943000,431.1566491000631,996
2024-09-20 14:54:41.080000,431.0932652209669,105
2024-09-20 14:54:41.141000,431.0865663586295,999
2024-09-20 14:54:41.151000,431.0797088251129,6
2024-09-20 14:54:41.231000,431.12602931199945,5
2024-09-20 14:54:41.254000,431.082218012745,10
2024-09-20 14:54:41.274000,431.1053652137152,103
2024-09-20 14:54:41.276000,431.12890906486814,998
2024-09-20 14:54:41.337000,431.0711286164369,1001
2024-09-20 14:54:41.358000,431.0915125580708,1003
2024-09-20 14:54:41.444000,431.0889131384177,14
2024-09-20 14:54:41.502000,431.0876724505189,11
2024-09-20 14:54:41.513000,431.1449139700304,1004
2024-09-20 14:54:41.546000,431.08721765078286,1003
2024-09-20 14:54:41.551000,431.06886840559446,995
2024-09-20 14:54:41.559000,423.5683765439904,14
2024-09-20 14:54:41.591000,431.10123974465074,14
2024-09-20 14:54:41.604000,431.09545346200656,14
2024-09-20 14:54:41.713000,431.0588118708824,102
2024-09-20 14:54:41.748000,431.0808837176312,11
2024-09-20 14:54:41.779000,431.060732547823,100
2024-09-20 14:54:41.811000,431.1049553015459,999
2024-09-20 14:54:41.849000,431.1111718707934,1002
2024-09-20 14:54:41.857000,431.10415052349305,7
2024-09-20 14:54:41.886000,431.13816548406993,995
2024-09-20 14:54:41.979000,431.1108764655834,6
2024-09-20 14:54:42.029000,431.13468957899886,995
2024-09-20 14:54:42.103000,431.14930270025775,998
2024-09-20 14:54:42.176000,431.10755021793256,100
2024-09-20 14:54:42.321000,431.1149840551786,105
2024-09-20 14:54:42.464000,431.1446156738821,1001
2024-09-20 14:54:42.483000,431.101477017759,1003
2024-09-20 14:54:42.553000,431.13913447562913,996
2024-09-20 14:54:42.621000,431.1285705545572,12
2024-09-20 14:54:42.676000,423.4754762470981,13
2024-09-20 14:54:42.771000,431.09375464273336,12
2024-09-20 14:54:42.824000,431.092037371442,99
2024-09-20 14:54:42.887000,431.1125710267423,998
2024-09-20 14:54:43.082000,431.0807516462266,6
2024-09-20 14:54:43.103000,431.079392096661,1005
2024-09-20 14:54:43.119000,431.0638910917894,11
2024-09-20 14:54:43.182000,431.0632187489917,98
2024-09-20 14:54:43.215000,431.1146706097852,97
2024-09-20 14:54:43.246000,431.09503251358274,7
2024-09-20 14:54:43.287000,431.0637694080347,1003
2024-09-20 14:54:43.300000,431.0805256283188,1002
2024-09-20 14:54:43.325000,431.08995564742446,10
2024-09-20 14:54:43.335000,431.0901238695188,1002
2024-09-20 14:54:43.337000,431.0668547731625,997
2024-09-20 14:54:43.339000,431.0866759659953,1005
2024-09-20 14:54:43.349000,431.1100824182338,1003
2024-09-20 14:54:43.421000,431.0704999645108,95
2024-09-20 14:54:43.501000,431.0983755888233,103
2024-09-20 14:54:43.508000,431.08058721606847,11
2024-09-20 14:54:43.534000,431.1119682298665,102
2024-09-20 14:54:43.567000,431.1053460991989,104
2024-09-20 14:54:43.568000,431.1121185073005,1000
2024-09-20 14:54:43.589000,431.06594487362827,96
2024-09-20 14:54:43.639000,431.0777015396117,13
2024-09-20 14:54:43.677000,431.0878324557647,14
2024-09-20 14:54:43.678000,431.0651225753487,13
2024-09-20 14:54:43.710000,431.0877426194933,10
2024-09-20 14:54:43.777000,431.0694459907011,103
2024-09-20 14:54:43.795000,431.1087609179836,10
2024-09-20 14:54:43.822000,431.1069611347705,10
2024-09-20 14:54:43.879000,431.1020202762011,1000
2024-09-20 14:54:43.905000,431.1225899574884,13
2024-09-20 14:54:43.980000,431.073522553004,1000
2024-09-20 14:54:44.396000,431.09534635392913,12
2024-09-20 14:54:44.661000,431.0642208242242,1001
2024-09-20 14:54:45.036000,431.1336599452187,15
2024-09-20 14:54:45.216000,431.101787613219,1001
2024-09-20 14:54:45.340000,431.14696483002126,100
2024-09-20 14:54:45.351000,431.15517789809326,102
2024-09-20 14:54:45.412000,431.08412432074186,11
2024-09-20 14:54:45.462000,431.13238340410805,6
2024-09-20 14:54:45.535000,431.1247209806836,97
2024-09-20 14:54:45.603000,431.1244287041021,1003
2024-09-20 14:54:45.682000,431.147761346988,6
2024-09-20 14:54:45.711000,431.0959409399831,998
2024-09-20 14:54:45.868000,431.1325450328786,995
2024-09-20 14:54:45.939000,431.1043466522629,1005
2024-09-20 14:54:46.066000,431.1523876622877,96
2024-09-20 14:54:46.106000,431.1554116394765,8
2024-09-20 14:54:46.111000,431.1499910896059,996
2024-09-20 14:54:46.163000,431.1623694697357,999
2024-09-20 14:54:46.194000,431.1523617709779,99
2024-09-20 14:54:46.294000,431.1652522055873,101
2024-09-20 14:54:46.295000,431.16145307171183,995
2024-09-20 14:54:46.318000,431.1451921113113,14
2024-09-20 14:54:46.386000,431.14785551078353,998
2024-09-20 14:54:46.470000,431.1814354992917,97
2024-09-20 14:54:46.519000,431.1670756670636,95
2024-09-20 14:54:46.525000,431.1461116175808,1005
2024-09-20 14:54:46.555000,431.1717802264103,1004
2024-09-20 14:54:46.624000,431.1647626296137,998
2024-09-20 14:54:46.636000,431.136099492238,996
2024-09-20 14:54:46.664000,431.14959383204416,8
2024-09-20 14:54:46.668000,431.16621933824086,6
2024-09-20 14:54:46.723000,431.14141494948814,101
2024-09-20 14:54:46.781000,431.1470972968645,999
2024-09-20 14:54:46.956000,431.1826584103769,15
2024-09-20 14:54:46.992000,431.1712586758196,13
2024-09-20 14:54:46.995000,431.1478147451341,6
2024-09-20 14:54:47.273000,431.1632201045973,997
2024-09-20 14:54:47.329000,431.1686969437939,1001
2024-09-20 14:54:47.438000,431.155592087558,105
2024-09-20 14:54:47.805000,431.1671489058485,1001
2024-09-20 14:54:47.881000,431.1489173867448,15
2024-09-20 14:54:47.941000,431.1678031848579,1003
2024-09-20 14:54:48.151000,431.15641749794855,104
2024-09-20 14:54:48.718000,431.1534617952591,9
2024-09-20 14:54:49.100000,431.18904263433774,1001
2024-09-20 14:54:49.189000,431.21005124679857,105
2024-09-20 14:54:49.233000,431.1600185988732,1004
2024-09-20 14:54:49.264000,431.1621001049072,997
2024-09-20 14:54:49.418000,431.1780787907739,98
2024-09-20 14:54:49.452000,431.1625598578309,15
2024-09-20 14:54:49.457000,431.2323371714688,1005
2024-09-20 14:54:49.483000,431.217829425106,11
2024-09-20 14:54:49.504000,431.21332472864185,12
2024-09-20 14:54:49.547000,431.16238711772894,95
2024-09-20 14:54:49.580000,431.1644627947978,15
2024-09-20 14:54:49.627000,431.2149303180296,999
2024-09-20 14:54:49.674000,431.1999240556758,997
2024-09-20 14:54:49.799000,431.160996406298,14
2024-09-20 14:54:49.838000,431.1953619495088,98
2024-09-20 14:54:49.862000,431.20799151032526,98
2024-09-20 14:54:49.913000,431.158917469714,6
2024-09-20 14:54:49.938000,431.18398953691815,104
2024-09-20 14:54:49.949000,431.16475944684254,1005
2024-09-20 14:54:50.010000,423.7595242349935,15
2024-09-20 14:54:50.029000,431.22201662461794,1004
2024-09-20 14:54:50.057000,431.1991532818553,15
2024-09-20 14:54:50.096000,431.2302181026427,9
2024-09-20 14:54:50.465000,431.2222943098137,99
2024-09-20 14:54:50.506000,431.2184244138856,15
2024-09-20 14:54:50.834000,431.21887141136426,100
2024-09-20 14:54:50.889000,431.2238115165572,997
2024-09-20 14:54:50.912000,431.2262540135071,101
2024-09-20 14:54:51.315000,431.1852816112471,103
2024-09-20 14:54:51.757000,431.2146949336969,999
2024-09-20 14:54:51.936000,431.189706947579,6
2024-09-20 14:54:52.393000,431.1818309929652,98
2024-09-20 14:54:53.804000,431.184367619606,99
2024-09-20 14:54:53.980000,431.1804917801607,15
2024-09-20 14:54:54,431.1450491490975,101
2024-09-20 14:54:54.059000,431.1694917196421,95
2024-09-20 14:54:54.108000,431.1700276752401,100
2024-09-20 14:54:54.335000,431.1962299301184,5
2024-09-20 14:54:54.423000,431.13651525740033,8
2024-09-20 14:54:54.425000,431.17040754083774,7
2024-09-20 14:54:54.426000,431.1528977985683,102
2024-09-20 14:54:54.429000,431.1796375083427,1003
2024-09-20 14:54:54.443000,431.1462397559815,13
2024-09-20 14:54:54.459000,431.16747042853257,95
2024-09-20 14:54:54.512000,431.1989407529082,1005
2024-09-20 14:54:54.531000,431.136117359998,999
2024-09-20 14:54:54.540000,431.1681754132158,97
2024-09-20 14:54:54.552000,431.1714299335085,102
2024-09-20 14:54:54.607000,431.1423255601022,12
2024-09-20 14:54:54.637000,431.192717706253,1001
2024-09-20 14:54:54.675000,431.16755724648266,96
2024-09-20 14:54:54.692000,431.1826894559332,104
2024-09-20 14:54:54.707000,431.16054966459006,12
2024-09-20 14:54:54.712000,431.16188858167055,1002
2024-09-20 14:54:54.777000,431.1987444252414,998
2024-09-20 14:54:54.783000,431.1851399957946,11
2024-09-20 14:54:54.825000,431.14757812300303,1000
2024-09-20 14:54:54.826000,431.2057847372593,105
2024-09-20 14:54:54.864000,431.1822839053365,95
2024-09-20 14:54:54.980000,431.2119959294331,101
2024-09-20 14:54:56.008000,431.16224621751326,12
2024-09-20 14:54:56.245000,431.15822340303686,5
2024-09-20 14:54:56.344000,431.1544019916004,13
2024-09-20 14:54:56.351000,431.159318262774,100
2024-09-20 14:54:57.212000,431.1519413132533,97
2024-09-20 14:54:57.229000,431.1699685634816,12
2024-09-20 14:54:57.261000,431.15259423348607,8
2024-09-20 14:54:57.453000,431.1225412634287,996
2024-09-20 14:54:57.618000,431.1740188377693,996
2024-09-20 14:54:57.690000,431.1333960167917,1002
2024-09-20 14:54:57.975000,431.1678340123669,12
2024-09-20 14:54:57.996000,431.1402876566385,11
2024-09-20 14:54:58.004000,431.1518609484176,101
2024-09-20 14:54:58.044000,431.1958073080145,101
2024-09-20 14:54:58.079000,431.1399782046598,96
2024-09-20 14:54:58.095000,431.1661670670821,997
2024-09-20 14:54:58.200000,431.1502173462625,96
2024-09-20 14:54:58.243000,431.1834196182602,7
2024-09-20 14:54:58.268000,431.1908020450962,1000
2024-09-20 14:54:58.307000,431.1726842241073,98
2024-09-20 14:54:58.404000,431.1655094030528,15
2024-09-20 14:54:58.487000,431.1727648509788,103
2024-09-20 14:54:58.575000,431.14371517736896,1002
2024-09-20 14:54:58.628000,431.1745398152551,14
2024-09-20 14:54:58.636000,431.1360670219829,102
2024-09-20 14:54:58.704000,431.20385205844,996
2024-09-20 14:54:58.715000,431.1954930991231,10
2024-09-20 14:54:58.753000,431.1419619057273,97
2024-09-20 14:54:58.879000,431.1924136037848,11
2024-09-20 14:54:59.019000,431.1728691615357,13
2024-09-20 14:54:59.231000,431.1562832569216,7
2024-09-20 14:54:59.264000,431.1707566336488,95
2024-09-20 14:54:59.286000,431.166234714135,97
2024-09-20 14:54:59.358000,431.1633498803829,12
2024-09-20 14:54:59.398000,423.92168949044697,995
2024-09-20 14:54:59.453000,431.173176572678,1000
2024-09-20 14:54:59.476000,431.161302865112,97
2024-09-20 14:54:59.857000,431.1547423637156,13
2024-09-20 14:54:59.874000,431.167579309098,7
2024-09-20 14:54:59.892000,431.1712377608297,95
2024-09-20 14:54:59.985000,431.1832181889643,6
