Timestamp,Price,Size
2024-09-20 15:31:00.070000,428.25612709053615,997
2024-09-20 15:31:00.077000,428.2325541758894,100
2024-09-20 15:31:00.149000,428.2421506381135,101
2024-09-20 15:31:00.161000,428.25542004556826,12
2024-09-20 15:31:00.171000,428.1934933862697,14
2024-09-20 15:31:00.343000,428.22209005909,9
2024-09-20 15:31:00.699000,428.20841760305103,1001
2024-09-20 15:31:00.721000,428.2214716333683,996
2024-09-20 15:31:00.735000,428.252637557898,5
2024-09-20 15:31:00.753000,428.23965537527874,8
2024-09-20 15:31:00.893000,428.22680776657023,6
2024-09-20 15:31:00.896000,428.2465926010416,10
2024-09-20 15:31:01.072000,428.2239915518331,14
2024-09-20 15:31:01.274000,428.2205425210829,1000
2024-09-20 15:31:01.432000,428.2213017876824,995
2024-09-20 15:31:01.438000,428.199749906119,96
2024-09-20 15:31:01.443000,428.2205977955059,995
2024-09-20 15:31:01.497000,423.2966053831266,1001
2024-09-20 15:31:01.766000,423.27550274818094,5
2024-09-20 15:31:01.824000,428.21549460068405,99
2024-09-20 15:31:01.870000,428.2263078307915,998
2024-09-20 15:31:02.269000,428.24444059033954,8
2024-09-20 15:31:02.326000,428.19240468543865,997
2024-09-20 15:31:02.335000,428.2134943868902,996
2024-09-20 15:31:02.391000,428.1856372793018,105
2024-09-20 15:31:02.391000,428.209367190287,102
2024-09-20 15:31:02.446000,428.2032550907935,98
2024-09-20 15:31:02.472000,428.2406192781246,103
2024-09-20 15:31:02.597000,428.2063234624303,5
2024-09-20 15:31:02.610000,428.2327751694357,12
2024-09-20 15:31:02.629000,428.2237449535948,1000
2024-09-20 15:31:02.666000,428.1969558436728,998
2024-09-20 15:31:02.749000,428.17974744333657,105
2024-09-20 15:31:02.770000,428.22477712337593,100
2024-09-20 15:31:02.797000,428.2023052655599,999
2024-09-20 15:31:02.854000,428.1958054486459,7
2024-09-20 15:31:02.888000,428.1876351324745,14
2024-09-20 15:31:02.932000,428.20976904088906,11
2024-09-20 15:31:03.027000,428.2441279919296,103
2024-09-20 15:31:03.137000,428.29186338026057,13
2024-09-20 15:31:03.151000,428.2281375011186,98
2024-09-20 15:31:03.180000,428.2161579611524,97
2024-09-20 15:31:03.218000,428.2643031963207,1001
2024-09-20 15:31:03.242000,428.3074658915669,9
2024-09-20 15:31:03.262000,428.2242014292495,9
2024-09-20 15:31:03.283000,428.2937223227614,999
2024-09-20 15:31:03.382000,428.3166344217176,1003
2024-09-20 15:31:03.408000,428.2572764038033,100
2024-09-20 15:31:03.506000,428.2878018175773,105
2024-09-20 15:31:03.518000,428.3450447874226,1003
2024-09-20 15:31:03.534000,428.29462733060905,104
2024-09-20 15:31:03.580000,428.2133518655126,996
2024-09-20 15:31:03.608000,428.2383310641054,10
2024-09-20 15:31:03.712000,428.31397763237743,1000
2024-09-20 15:31:03.716000,428.23760949553423,99
2024-09-20 15:31:03.818000,428.2242166669781,11
2024-09-20 15:31:03.823000,428.3179460111824,100
2024-09-20 15:31:03.827000,428.24305133717417,104
2024-09-20 15:31:03.870000,428.3102495269269,8
2024-09-20 15:31:03.895000,428.2532342869564,97
2024-09-20 15:31:04.030000,428.3743471847252,1002
2024-09-20 15:31:04.109000,423.34461735013423,105
2024-09-20 15:31:04.227000,428.33427879688986,5
2024-09-20 15:31:04.283000,428.3800498135317,96
2024-09-20 15:31:04.291000,428.3870304356385,1000
2024-09-20 15:31:04.331000,428.35569430799615,98
2024-09-20 15:31:04.406000,428.3609395312881,11
2024-09-20 15:31:04.407000,428.3519841179439,99
2024-09-20 15:31:04.447000,428.34407803425904,13
2024-09-20 15:31:04.470000,428.38219340134873,995
2024-09-20 15:31:04.524000,423.306465965634,99
2024-09-20 15:31:04.540000,428.3423786629108,99
2024-09-20 15:31:04.545000,428.3599023304658,103
2024-09-20 15:31:04.569000,428.3381608561947,995
2024-09-20 15:31:04.584000,428.3847515812261,1005
2024-09-20 15:31:04.628000,428.3830752021015,102
2024-09-20 15:31:04.641000,428.3676597331308,9
2024-09-20 15:31:04.678000,428.3692651584494,1002
2024-09-20 15:31:04.719000,428.3468196014559,15
2024-09-20 15:31:04.728000,428.3859380509895,11
2024-09-20 15:31:04.746000,428.333024406693,99
2024-09-20 15:31:04.749000,428.3531447675503,13
2024-09-20 15:31:04.760000,428.34794008659264,6
2024-09-20 15:31:04.829000,428.33001464078495,97
2024-09-20 15:31:04.909000,428.3574500185524,998
2024-09-20 15:31:05.056000,428.3558987602853,1000
2024-09-20 15:31:05.063000,428.3520031848024,15
2024-09-20 15:31:05.209000,428.39266986743786,995
2024-09-20 15:31:05.367000,428.3998731939232,997
2024-09-20 15:31:05.418000,428.366735965575,95
2024-09-20 15:31:05.438000,428.3956540759778,9
2024-09-20 15:31:05.507000,428.3708905504792,1000
2024-09-20 15:31:05.518000,428.37113256648473,12
2024-09-20 15:31:05.584000,428.3962546622672,7
2024-09-20 15:31:05.589000,428.4101213247894,1004
2024-09-20 15:31:05.687000,428.3991956355964,998
2024-09-20 15:31:05.703000,428.3622213676011,102
2024-09-20 15:31:05.796000,428.4163523732216,102
2024-09-20 15:31:05.828000,428.3865629476031,100
2024-09-20 15:31:05.917000,428.35346959282896,11
2024-09-20 15:31:05.974000,428.36568122829135,95
2024-09-20 15:31:06.026000,428.3395345410433,1004
2024-09-20 15:31:06.063000,428.3294745501057,105
2024-09-20 15:31:06.075000,428.3096171398476,5
2024-09-20 15:31:06.087000,428.3486480070608,1005
2024-09-20 15:31:06.103000,428.2820641064479,99
2024-09-20 15:31:06.174000,428.2797236848418,7
2024-09-20 15:31:06.272000,428.3454252971869,103
2024-09-20 15:31:06.304000,428.2871371032819,998
2024-09-20 15:31:06.324000,428.3219008299217,997
2024-09-20 15:31:06.429000,428.28870437025336,102
2024-09-20 15:31:06.493000,428.2744743001209,997
2024-09-20 15:31:06.501000,428.26208874144527,8
2024-09-20 15:31:06.560000,428.28723242606094,99
2024-09-20 15:31:06.665000,428.327479714948,1002
2024-09-20 15:31:06.677000,428.3223530573979,1005
2024-09-20 15:31:06.689000,428.27207195262633,9
2024-09-20 15:31:06.767000,428.25936107926094,104
2024-09-20 15:31:06.790000,428.3192453772063,105
2024-09-20 15:31:06.798000,428.2948063928367,100
2024-09-20 15:31:06.822000,428.2906572470197,104
2024-09-20 15:31:06.861000,428.3209367077192,7
2024-09-20 15:31:06.912000,428.2985873257179,996
2024-09-20 15:31:06.917000,428.2854452272176,1002
2024-09-20 15:31:06.996000,428.2544673518406,105
2024-09-20 15:31:07.041000,428.1455417413686,15
2024-09-20 15:31:07.079000,428.2513430637676,1001
2024-09-20 15:31:07.086000,428.2229880524749,12
2024-09-20 15:31:07.183000,428.1880239888941,15
2024-09-20 15:31:07.453000,428.1783684884495,1004
2024-09-20 15:31:07.470000,428.2143147723772,1001
2024-09-20 15:31:07.734000,428.211782458583,10
2024-09-20 15:31:07.941000,428.1780607473271,1003
2024-09-20 15:31:09.417000,428.1322829054259,98
2024-09-20 15:31:09.492000,428.1387235553323,996
2024-09-20 15:31:09.533000,428.1275275098786,997
2024-09-20 15:31:09.636000,428.131522786995,1000
2024-09-20 15:31:09.658000,428.1315984438846,12
2024-09-20 15:31:09.820000,428.1212222408028,8
2024-09-20 15:31:09.856000,423.2640882668772,5
2024-09-20 15:31:10.015000,428.12440586775176,13
2024-09-20 15:31:10.145000,423.2309830592957,1000
2024-09-20 15:31:10.233000,428.1568758544179,999
2024-09-20 15:31:10.325000,428.1249062432252,104
2024-09-20 15:31:10.351000,428.14304162062143,1005
2024-09-20 15:31:10.416000,428.1378924453292,98
2024-09-20 15:31:10.523000,428.13347703489575,100
2024-09-20 15:31:10.561000,428.1318264070045,9
2024-09-20 15:31:10.577000,428.14492484598105,1001
2024-09-20 15:31:10.598000,428.16093089366046,13
2024-09-20 15:31:10.612000,428.14053492536834,5
2024-09-20 15:31:10.688000,428.1309411063194,6
2024-09-20 15:31:10.987000,428.1396646819276,101
2024-09-20 15:31:11.036000,428.17675715876254,96
2024-09-20 15:31:11.155000,428.1569598419721,9
2024-09-20 15:31:11.160000,428.1598372879739,15
2024-09-20 15:31:11.216000,428.170880333968,9
2024-09-20 15:31:11.304000,428.1928038065786,9
2024-09-20 15:31:11.404000,428.18450376816855,102
2024-09-20 15:31:11.658000,428.1798082333804,1005
2024-09-20 15:31:11.773000,428.1929769020954,1005
2024-09-20 15:31:11.848000,428.15482808919097,997
2024-09-20 15:31:11.890000,428.17914644919375,997
2024-09-20 15:31:11.988000,428.1700812789727,104
2024-09-20 15:31:11.991000,428.1885741873753,100
2024-09-20 15:31:11.994000,428.1650294989036,5
2024-09-20 15:31:12.064000,428.2132245718,5
2024-09-20 15:31:13.007000,428.1966732151162,98
2024-09-20 15:31:13.027000,428.154121203903,8
2024-09-20 15:31:13.068000,428.177348673147,1003
2024-09-20 15:31:13.118000,428.1912656376516,99
2024-09-20 15:31:13.145000,428.17956512970926,103
2024-09-20 15:31:13.288000,428.2146393595658,7
2024-09-20 15:31:13.308000,428.17084809065415,9
2024-09-20 15:31:13.316000,428.1729890063936,101
2024-09-20 15:31:13.370000,428.1923215578161,105
2024-09-20 15:31:13.434000,428.1464823119332,1005
2024-09-20 15:31:13.457000,428.1946763571081,11
2024-09-20 15:31:13.491000,428.19837882247737,104
2024-09-20 15:31:13.511000,428.1462613982978,998
2024-09-20 15:31:13.549000,428.1371866713032,104
2024-09-20 15:31:13.561000,428.184133560496,8
2024-09-20 15:31:13.566000,428.16543552479845,8
2024-09-20 15:31:13.570000,428.2006484867135,99
2024-09-20 15:31:13.629000,428.19122879349726,6
2024-09-20 15:31:13.671000,428.19391955907656,6
2024-09-20 15:31:13.682000,428.1825503701395,96
2024-09-20 15:31:13.721000,428.156890075588,996
2024-09-20 15:31:13.737000,428.16642199741176,99
2024-09-20 15:31:13.965000,428.19468044998126,6
2024-09-20 15:31:14.467000,428.18985963257535,11
2024-09-20 15:31:14.580000,428.1975818626301,7
2024-09-20 15:31:14.612000,428.1873359311181,97
2024-09-20 15:31:14.705000,428.1904445899572,1005
2024-09-20 15:31:14.719000,428.2069972119342,997
2024-09-20 15:31:14.830000,428.1874287135171,15
2024-09-20 15:31:14.903000,428.1773574581706,100
2024-09-20 15:31:15.046000,428.1107177439085,97
2024-09-20 15:31:15.071000,428.1278873538943,99
2024-09-20 15:31:15.106000,428.14587729542,98
2024-09-20 15:31:15.118000,428.1167263126648,8
2024-09-20 15:31:15.166000,428.1413317177687,101
2024-09-20 15:31:15.193000,428.1380468769049,11
2024-09-20 15:31:15.225000,428.1551290844845,995
2024-09-20 15:31:15.376000,428.1002872727117,96
2024-09-20 15:31:15.421000,428.1200865533391,6
2024-09-20 15:31:15.466000,428.1139453350247,995
2024-09-20 15:31:15.662000,428.1312699150264,14
2024-09-20 15:31:15.667000,428.10831140966,1002
2024-09-20 15:31:15.671000,428.1519629377123,9
2024-09-20 15:31:15.675000,428.15463119306526,1001
2024-09-20 15:31:15.745000,428.1464920631548,995
2024-09-20 15:31:15.825000,428.13020334542017,1004
2024-09-20 15:31:15.826000,428.10682140199526,5
2024-09-20 15:31:15.863000,428.1171543320824,9
2024-09-20 15:31:16.013000,428.1011041498754,9
2024-09-20 15:31:16.057000,428.1328865741413,1003
2024-09-20 15:31:16.191000,428.11625684260537,1004
2024-09-20 15:31:16.221000,428.1158197057735,1004
2024-09-20 15:31:16.281000,423.2023944961129,103
2024-09-20 15:31:16.288000,428.0957355654468,9
2024-09-20 15:31:16.318000,428.0965070738672,998
2024-09-20 15:31:16.377000,428.1157314223098,100
2024-09-20 15:31:16.400000,428.1229935811981,12
2024-09-20 15:31:16.443000,428.132021393352,6
2024-09-20 15:31:16.498000,423.2277591128556,997
2024-09-20 15:31:16.572000,428.1403683094083,1002
2024-09-20 15:31:16.611000,428.0949976464776,997
2024-09-20 15:31:16.669000,428.0847113701337,997
2024-09-20 15:31:16.767000,428.1004893005149,11
2024-09-20 15:31:16.805000,428.10896893641006,1001
2024-09-20 15:31:16.805000,428.0882081920348,995
2024-09-20 15:31:16.862000,428.08312686027625,1001
2024-09-20 15:31:16.895000,428.1116798725169,13
2024-09-20 15:31:16.910000,428.1307155273105,14
2024-09-20 15:31:16.937000,428.09274780888114,14
2024-09-20 15:31:16.937000,428.0977362200152,98
2024-09-20 15:31:16.942000,428.1387728069354,14
2024-09-20 15:31:16.968000,428.1167602937731,101
2024-09-20 15:31:16.977000,428.1135549589457,105
2024-09-20 15:31:17.091000,428.0933292819501,102
2024-09-20 15:31:17.173000,423.1292580506237,9
2024-09-20 15:31:17.489000,428.1047069828911,1000
2024-09-20 15:31:17.754000,428.1029610771682,1004
2024-09-20 15:31:17.985000,428.0773786413885,104
2024-09-20 15:31:18.230000,428.1388050908293,101
2024-09-20 15:31:18.286000,428.1048963625346,102
2024-09-20 15:31:18.410000,428.0963250853648,6
2024-09-20 15:31:18.557000,428.1102501295623,95
2024-09-20 15:31:18.583000,423.1442355025177,1001
2024-09-20 15:31:18.663000,428.1011768911466,997
2024-09-20 15:31:18.866000,428.1162127631172,100
2024-09-20 15:31:18.968000,428.1093072873719,10
2024-09-20 15:31:19.097000,428.1071389710807,95
2024-09-20 15:31:19.122000,428.118835406468,99
2024-09-20 15:31:19.170000,428.1200235792884,99
2024-09-20 15:31:19.235000,428.1180107453052,1004
2024-09-20 15:31:19.367000,428.1235828719319,101
2024-09-20 15:31:19.420000,428.1090381855507,9
2024-09-20 15:31:19.476000,428.0761281801189,97
2024-09-20 15:31:19.640000,428.0932046844443,97
2024-09-20 15:31:19.646000,428.11723082812347,996
2024-09-20 15:31:19.744000,428.0788535248856,96
2024-09-20 15:31:19.802000,428.0654121634423,96
2024-09-20 15:31:19.849000,428.1090736965507,9
2024-09-20 15:31:19.896000,428.1181043966207,996
2024-09-20 15:31:19.942000,428.0826159623031,8
2024-09-20 15:31:19.981000,428.0927353666236,105
2024-09-20 15:31:20.003000,428.1326945466783,95
2024-09-20 15:31:20.040000,428.10793150452025,10
2024-09-20 15:31:20.076000,428.074538526048,7
2024-09-20 15:31:20.111000,428.1098249035082,103
2024-09-20 15:31:20.116000,428.1069956428349,96
2024-09-20 15:31:20.160000,428.1041562620561,95
2024-09-20 15:31:20.161000,428.1311260431803,1002
2024-09-20 15:31:20.176000,428.1338997010438,10
2024-09-20 15:31:20.192000,428.0878141940126,1005
2024-09-20 15:31:20.275000,428.0927583254387,98
2024-09-20 15:31:20.278000,428.0718070699559,999
2024-09-20 15:31:20.309000,428.0996362838992,9
2024-09-20 15:31:20.314000,428.09139923630187,998
2024-09-20 15:31:20.320000,428.1293839461936,104
2024-09-20 15:31:20.330000,428.0813083569733,6
2024-09-20 15:31:20.377000,428.0906341968199,5
2024-09-20 15:31:20.421000,428.1237583043448,13
2024-09-20 15:31:20.479000,428.07157706853513,1001
2024-09-20 15:31:20.481000,428.07998404226856,1000
2024-09-20 15:31:20.491000,428.1011564182402,6
2024-09-20 15:31:20.513000,428.1168766560271,997
2024-09-20 15:31:20.539000,428.0836272717646,1002
2024-09-20 15:31:20.592000,428.0902266587013,14
2024-09-20 15:31:20.851000,428.05792575109285,100
2024-09-20 15:31:20.879000,428.0747522305193,96
2024-09-20 15:31:20.885000,428.0769945767733,100
2024-09-20 15:31:20.967000,428.1405493869249,995
2024-09-20 15:31:21.123000,428.04052114325,97
2024-09-20 15:31:21.210000,428.0728499765718,1004
2024-09-20 15:31:21.248000,428.07493430453405,6
2024-09-20 15:31:21.294000,428.0735631803713,103
2024-09-20 15:31:21.312000,428.0566895075863,1000
2024-09-20 15:31:21.328000,428.0422389180152,999
2024-09-20 15:31:21.332000,428.05554066188745,6
2024-09-20 15:31:21.386000,428.01889478115567,1001
2024-09-20 15:31:21.428000,428.03212876792446,7
2024-09-20 15:31:21.465000,428.0172969801016,11
2024-09-20 15:31:21.501000,428.050693063257,98
2024-09-20 15:31:21.535000,428.06276479755775,8
2024-09-20 15:31:21.715000,428.0200116036391,97
2024-09-20 15:31:21.722000,428.0505877622178,6
2024-09-20 15:31:21.790000,428.07418715603467,1003
2024-09-20 15:31:21.825000,428.0657663526956,995
2024-09-20 15:31:21.868000,428.07546870141647,95
2024-09-20 15:31:21.978000,428.0180015873757,998
2024-09-20 15:31:21.994000,428.0735606300217,12
2024-09-20 15:31:22.284000,428.0334814916313,999
2024-09-20 15:31:22.285000,427.9960743516552,12
2024-09-20 15:31:22.306000,428.0277726055582,5
2024-09-20 15:31:22.349000,428.0250073963687,1002
2024-09-20 15:31:22.398000,428.0421903187212,14
2024-09-20 15:31:22.400000,427.97513024982914,10
2024-09-20 15:31:22.436000,428.0464015376912,104
2024-09-20 15:31:22.544000,427.9954387464935,1000
2024-09-20 15:31:22.571000,428.0230932561358,1002
2024-09-20 15:31:22.666000,427.9753781773352,13
2024-09-20 15:31:22.720000,428.0485278996495,96
2024-09-20 15:31:22.725000,428.0111960287169,1005
2024-09-20 15:31:22.994000,427.9730078725398,1004
2024-09-20 15:31:23.049000,428.06963071972905,15
2024-09-20 15:31:23.065000,428.0381434947114,15
2024-09-20 15:31:23.070000,428.020639581679,1002
2024-09-20 15:31:23.091000,428.0324519756597,995
2024-09-20 15:31:23.100000,428.012817948404,15
2024-09-20 15:31:23.230000,428.0353989168959,100
2024-09-20 15:31:23.282000,428.0061156132639,10
2024-09-20 15:31:23.300000,423.1652305700155,101
2024-09-20 15:31:23.317000,428.0474647068702,11
2024-09-20 15:31:23.437000,428.0442968320292,104
2024-09-20 15:31:23.461000,428.0368311110753,103
2024-09-20 15:31:23.474000,428.03742568413753,12
2024-09-20 15:31:23.529000,428.0640439095928,8
2024-09-20 15:31:23.540000,428.069222236054,998
2024-09-20 15:31:23.569000,428.0543109378208,12
2024-09-20 15:31:23.634000,428.016234982978,1005
2024-09-20 15:31:23.634000,428.04069373457264,5
2024-09-20 15:31:23.634000,428.0730865278718,102
2024-09-20 15:31:23.706000,428.0439403695118,12
2024-09-20 15:31:23.753000,428.0393935858268,98
2024-09-20 15:31:23.760000,428.0580816395423,998
2024-09-20 15:31:23.784000,428.0554060123289,14
2024-09-20 15:31:23.850000,428.0376484270224,11
2024-09-20 15:31:23.885000,428.035396599604,101
2024-09-20 15:31:23.946000,428.0605129254027,1000
2024-09-20 15:31:23.981000,428.0419054184316,998
2024-09-20 15:31:24.121000,428.0691420917614,1000
2024-09-20 15:31:24.137000,428.074791693044,1000
2024-09-20 15:31:24.168000,428.0900815563025,104
2024-09-20 15:31:24.587000,428.0623659162703,104
2024-09-20 15:31:24.602000,428.0670680870548,104
2024-09-20 15:31:24.615000,428.0876306750959,14
2024-09-20 15:31:24.937000,428.0667023946655,15
2024-09-20 15:31:24.966000,428.0715193795437,15
2024-09-20 15:31:25.001000,427.9946590520392,103
2024-09-20 15:31:25.157000,428.0119156136712,995
2024-09-20 15:31:25.245000,428.02812829557496,999
2024-09-20 15:31:25.315000,428.0639168026728,1005
2024-09-20 15:31:25.342000,427.99675362241953,1000
2024-09-20 15:31:25.349000,428.0298059313173,8
2024-09-20 15:31:25.432000,428.01577841614886,995
2024-09-20 15:31:25.573000,428.0418553864493,7
2024-09-20 15:31:25.577000,428.0127539537409,96
2024-09-20 15:31:25.814000,428.064127018024,15
2024-09-20 15:31:25.843000,428.0097785126035,99
2024-09-20 15:31:25.893000,428.0218075068662,95
2024-09-20 15:31:25.932000,428.0060264218302,1000
2024-09-20 15:31:25.972000,428.076751387768,1002
2024-09-20 15:31:26.092000,428.0744200353233,6
2024-09-20 15:31:26.101000,427.9976969438703,1004
2024-09-20 15:31:26.131000,427.9831448928653,10
2024-09-20 15:31:26.252000,428.0998323355796,1000
2024-09-20 15:31:26.319000,428.02887625427,102
2024-09-20 15:31:26.347000,427.9940761814058,103
2024-09-20 15:31:26.352000,428.0007117915652,96
2024-09-20 15:31:26.380000,428.0911111170489,5
2024-09-20 15:31:26.395000,428.0548552461439,98
2024-09-20 15:31:26.434000,427.99180926562775,102
2024-09-20 15:31:26.446000,428.0195839200797,104
2024-09-20 15:31:26.447000,427.9914419446167,1000
2024-09-20 15:31:26.460000,423.1809470904156,7
2024-09-20 15:31:26.467000,428.1095434490171,102
2024-09-20 15:31:26.506000,428.0699533356661,8
2024-09-20 15:31:26.622000,428.08678821661135,999
2024-09-20 15:31:26.675000,427.9972679035705,9
2024-09-20 15:31:26.706000,428.03990842291455,13
2024-09-20 15:31:26.714000,428.09604110004585,5
2024-09-20 15:31:26.779000,428.1029848285186,101
2024-09-20 15:31:26.808000,428.1126103037084,1002
2024-09-20 15:31:26.962000,428.0014889047416,996
2024-09-20 15:31:27.003000,428.2253980501917,999
2024-09-20 15:31:27.006000,428.20707496088806,998
2024-09-20 15:31:27.138000,428.1842587951552,1004
2024-09-20 15:31:27.138000,428.1870678392783,101
2024-09-20 15:31:27.160000,428.1798816638741,12
2024-09-20 15:31:27.320000,428.205098653102,102
2024-09-20 15:31:27.346000,428.0597682584015,997
2024-09-20 15:31:27.371000,428.1462134647108,104
2024-09-20 15:31:27.372000,428.1177176112755,999
2024-09-20 15:31:27.412000,428.1319847290711,7
2024-09-20 15:31:27.438000,428.1283492755716,1003
2024-09-20 15:31:27.497000,428.0781277653417,1005
2024-09-20 15:31:27.533000,428.0793077992709,95
2024-09-20 15:31:27.534000,428.0654284631202,999
2024-09-20 15:31:27.564000,428.1229626763135,98
2024-09-20 15:31:27.600000,428.0975539477,998
2024-09-20 15:31:27.766000,428.0956723640437,995
2024-09-20 15:31:27.890000,428.1120593883798,5
2024-09-20 15:31:27.922000,428.1708213860487,13
2024-09-20 15:31:29.191000,428.2067341012324,96
2024-09-20 15:31:29.330000,428.199059414648,104
2024-09-20 15:31:29.350000,428.1924672671021,998
2024-09-20 15:31:29.463000,428.2015115292135,97
2024-09-20 15:31:29.538000,428.1834393062475,8
2024-09-20 15:31:29.600000,428.1828257784838,998
2024-09-20 15:31:29.659000,428.1880976666559,14
2024-09-20 15:31:29.692000,428.16747003142166,1003
2024-09-20 15:31:29.739000,428.1837127988594,97
2024-09-20 15:31:29.744000,428.1879399691819,1003
2024-09-20 15:31:29.748000,428.1808653132306,102
2024-09-20 15:31:29.874000,428.1997707298318,1000
2024-09-20 15:31:30.054000,428.18933917487095,1003
2024-09-20 15:31:30.333000,428.1731898094011,100
2024-09-20 15:31:30.382000,428.17982687719353,6
2024-09-20 15:31:30.570000,428.1703996982313,1004
2024-09-20 15:31:30.632000,428.1907920968725,5
2024-09-20 15:31:30.706000,428.18522463944544,1004
2024-09-20 15:31:30.751000,428.18778021689405,11
2024-09-20 15:31:30.795000,428.16553690742313,97
2024-09-20 15:31:30.866000,428.1774709318871,9
2024-09-20 15:31:31.021000,428.15599920767335,100
2024-09-20 15:31:31.061000,428.2090660619156,96
2024-09-20 15:31:31.205000,428.2227220586558,12
2024-09-20 15:31:31.207000,428.2079611514489,7
2024-09-20 15:31:31.220000,428.18980175244553,997
2024-09-20 15:31:31.238000,428.2073263208512,9
2024-09-20 15:31:31.256000,428.22656519284135,10
2024-09-20 15:31:31.352000,428.1808794804807,9
2024-09-20 15:31:31.372000,428.1819010426431,95
2024-09-20 15:31:31.450000,428.20235138131,99
2024-09-20 15:31:31.527000,428.2363835065463,1001
2024-09-20 15:31:31.546000,428.2319580838063,97
2024-09-20 15:31:31.591000,428.2180939555717,102
2024-09-20 15:31:31.595000,428.232553608969,99
2024-09-20 15:31:31.596000,428.2190888378656,8
2024-09-20 15:31:31.607000,428.2457235622231,102
2024-09-20 15:31:31.609000,428.2475046323917,97
2024-09-20 15:31:31.638000,428.2112128700795,998
2024-09-20 15:31:31.639000,428.19198525663927,1004
2024-09-20 15:31:31.689000,428.2380451093872,13
2024-09-20 15:31:31.723000,428.163722345445,1003
2024-09-20 15:31:31.776000,428.192585547034,998
2024-09-20 15:31:31.813000,428.22888143637135,7
2024-09-20 15:31:31.830000,428.2271851428224,1004
2024-09-20 15:31:31.866000,428.1870748255826,8
2024-09-20 15:31:31.881000,428.2379765443025,100
2024-09-20 15:31:31.888000,428.2297699242272,103
2024-09-20 15:31:31.925000,428.2372144834339,996
2024-09-20 15:31:31.930000,428.1967466540044,1000
2024-09-20 15:31:32.004000,428.23358068465103,998
2024-09-20 15:31:32.076000,428.2137936062237,1002
2024-09-20 15:31:32.105000,428.2290212843188,6
2024-09-20 15:31:32.196000,428.1671501287585,999
2024-09-20 15:31:32.341000,428.1927881837493,98
2024-09-20 15:31:32.442000,428.17547318522566,15
2024-09-20 15:31:32.653000,428.219129054406,14
2024-09-20 15:31:32.722000,428.19353975445705,98
2024-09-20 15:31:32.770000,428.2183193075565,99
2024-09-20 15:31:32.775000,428.1870511307228,998
2024-09-20 15:31:32.861000,428.2145547919292,15
2024-09-20 15:31:33.022000,428.2129125003783,11
2024-09-20 15:31:33.029000,428.2166840581683,96
2024-09-20 15:31:33.039000,428.22029445566255,1000
2024-09-20 15:31:33.116000,428.19600678515695,9
2024-09-20 15:31:33.151000,428.2227040483903,6
2024-09-20 15:31:33.283000,428.2343080822433,99
2024-09-20 15:31:33.285000,428.2457314717629,1002
2024-09-20 15:31:33.539000,428.151422884819,102
2024-09-20 15:31:33.755000,428.2160106150976,6
2024-09-20 15:31:33.815000,428.2184123892808,5
2024-09-20 15:31:33.900000,428.2324201673187,998
2024-09-20 15:31:33.902000,428.1634455182216,102
2024-09-20 15:31:33.960000,428.2499008396418,98
2024-09-20 15:31:34.289000,428.1417833137044,15
2024-09-20 15:31:34.537000,428.1825492835257,1005
2024-09-20 15:31:34.735000,428.1743461355586,100
2024-09-20 15:31:34.869000,428.1387841208557,12
2024-09-20 15:31:35.290000,428.167985711987,13
2024-09-20 15:31:35.312000,428.19406654530496,5
2024-09-20 15:31:35.353000,428.1732878008189,999
2024-09-20 15:31:35.359000,428.17039609026784,996
2024-09-20 15:31:35.366000,428.1763911588544,1005
2024-09-20 15:31:35.372000,428.18690088855215,99
2024-09-20 15:31:35.855000,428.1693634029254,998
2024-09-20 15:31:35.881000,428.18178451816925,1004
2024-09-20 15:31:35.890000,428.2019544684622,999
2024-09-20 15:31:35.997000,428.1928808265818,100
2024-09-20 15:31:36.004000,428.2658394187311,105
2024-09-20 15:31:36.005000,428.218895290309,12
2024-09-20 15:31:36.020000,428.20739148547256,15
2024-09-20 15:31:36.143000,428.2080643463737,996
2024-09-20 15:31:36.151000,428.2289117019687,96
2024-09-20 15:31:36.154000,428.20474994620497,5
2024-09-20 15:31:36.170000,428.2800338135549,105
2024-09-20 15:31:36.206000,428.2796143787416,100
2024-09-20 15:31:36.209000,428.2198327783697,15
2024-09-20 15:31:36.262000,428.23988167042097,5
2024-09-20 15:31:36.281000,428.2350885655361,95
2024-09-20 15:31:36.317000,428.1923690039691,1005
2024-09-20 15:31:36.466000,428.2616583948136,101
2024-09-20 15:31:36.493000,428.2140476333336,11
2024-09-20 15:31:36.517000,428.23431277147984,15
2024-09-20 15:31:36.532000,428.2341597990859,11
2024-09-20 15:31:36.615000,428.1998024953676,8
2024-09-20 15:31:36.668000,428.2278761201037,97
2024-09-20 15:31:36.703000,428.2929470548585,13
2024-09-20 15:31:36.746000,428.273221671116,12
2024-09-20 15:31:36.803000,428.2012409157824,998
2024-09-20 15:31:36.838000,428.2149095885479,97
2024-09-20 15:31:36.844000,428.2492764574266,995
2024-09-20 15:31:36.896000,428.2720916767225,95
2024-09-20 15:31:36.934000,428.2492184162479,13
2024-09-20 15:31:36.940000,428.2167863015304,104
2024-09-20 15:31:36.958000,428.25056615937433,103
2024-09-20 15:31:36.975000,428.2331492059806,10
2024-09-20 15:31:36.977000,428.2108491449128,98
2024-09-20 15:31:37.041000,428.182344970297,96
2024-09-20 15:31:37.056000,428.1804295019375,9
2024-09-20 15:31:37.064000,428.1890734891194,13
2024-09-20 15:31:37.281000,428.219187376395,11
2024-09-20 15:31:37.302000,428.2222931776065,8
2024-09-20 15:31:37.332000,428.2366012818933,12
2024-09-20 15:31:37.374000,428.1746295414422,105
2024-09-20 15:31:37.412000,428.2164429522104,1005
2024-09-20 15:31:37.484000,428.195434123501,102
2024-09-20 15:31:37.516000,428.2147114342607,104
2024-09-20 15:31:37.532000,428.1717585746776,1003
2024-09-20 15:31:37.595000,428.1920985060585,102
2024-09-20 15:31:37.630000,428.22581985975273,1005
2024-09-20 15:31:37.634000,428.1627283796423,97
2024-09-20 15:31:37.693000,428.2086934600863,99
2024-09-20 15:31:37.703000,428.18894097287335,7
2024-09-20 15:31:37.716000,428.2049364822051,7
2024-09-20 15:31:37.781000,428.1713469796766,13
2024-09-20 15:31:37.894000,428.17446418237387,95
2024-09-20 15:31:37.909000,428.2007092504322,97
2024-09-20 15:31:37.913000,428.2428514010653,10
2024-09-20 15:31:37.976000,428.2063416134226,1003
2024-09-20 15:31:38.280000,428.2082154282024,10
2024-09-20 15:31:38.398000,428.21015392459054,10
2024-09-20 15:31:38.734000,428.194416981704,105
2024-09-20 15:31:38.749000,428.2274485622507,6
2024-09-20 15:31:38.781000,428.1962259197345,1000
2024-09-20 15:31:38.984000,428.2100173933803,998
2024-09-20 15:31:39.045000,428.2922002234153,5
2024-09-20 15:31:39.160000,428.2193722765715,100
2024-09-20 15:31:39.171000,428.2652545044956,1000
2024-09-20 15:31:39.185000,428.22288678081424,1002
2024-09-20 15:31:39.222000,428.2194765676776,10
2024-09-20 15:31:39.277000,428.2605345701561,1001
2024-09-20 15:31:39.291000,428.2567680845616,12
2024-09-20 15:31:39.313000,428.283560710598,997
2024-09-20 15:31:39.323000,428.21377857725867,96
2024-09-20 15:31:39.353000,428.29072847082665,9
2024-09-20 15:31:39.354000,428.2377316149878,999
2024-09-20 15:31:39.396000,428.2169610536315,11
2024-09-20 15:31:39.404000,428.2423994004636,6
2024-09-20 15:31:39.410000,428.2630322486868,10
2024-09-20 15:31:39.446000,428.2644157230487,98
2024-09-20 15:31:39.451000,428.26758911732,15
2024-09-20 15:31:39.532000,428.2446066015811,104
2024-09-20 15:31:39.539000,428.2944801105172,15
2024-09-20 15:31:39.689000,428.2365906686443,10
2024-09-20 15:31:39.696000,428.2556156085149,998
2024-09-20 15:31:39.824000,428.23026093525823,99
2024-09-20 15:31:39.938000,428.2258877418973,6
2024-09-20 15:31:39.997000,428.20252553063045,99
2024-09-20 15:31:40.001000,428.3024604792243,995
2024-09-20 15:31:40.008000,428.2858981778704,14
2024-09-20 15:31:40.043000,428.2713167525876,7
2024-09-20 15:31:40.067000,428.2793603236688,1004
2024-09-20 15:31:40.111000,428.2904486108098,11
2024-09-20 15:31:40.315000,428.2783826561365,100
2024-09-20 15:31:40.341000,428.3056547099125,102
2024-09-20 15:31:40.362000,428.2866893198628,1003
2024-09-20 15:31:40.363000,428.285370204418,98
2024-09-20 15:31:40.414000,428.2903949135618,5
2024-09-20 15:31:40.430000,428.3032506898221,1001
2024-09-20 15:31:40.501000,428.29928895744007,1003
2024-09-20 15:31:40.542000,428.3060821069543,997
2024-09-20 15:31:40.582000,428.2737462504333,105
2024-09-20 15:31:40.641000,428.26644689916446,15
2024-09-20 15:31:40.779000,428.2630139273973,10
2024-09-20 15:31:40.828000,428.29486040379686,95
2024-09-20 15:31:40.921000,428.293215978079,13
2024-09-20 15:31:40.950000,428.2701808014749,7
2024-09-20 15:31:41.067000,428.2947961938714,14
2024-09-20 15:31:41.266000,428.274920609399,95
2024-09-20 15:31:41.336000,428.2685827635024,103
2024-09-20 15:31:41.995000,422.6940647174394,102
2024-09-20 15:31:42.075000,428.3592252187095,12
2024-09-20 15:31:42.134000,428.4021966459396,102
2024-09-20 15:31:42.212000,428.30777621950574,1002
2024-09-20 15:31:42.217000,428.3335965599916,996
2024-09-20 15:31:42.227000,428.2785889167943,1005
2024-09-20 15:31:42.294000,428.3210673084763,9
2024-09-20 15:31:42.373000,428.3652229531284,5
2024-09-20 15:31:42.394000,428.4053209524379,105
2024-09-20 15:31:42.441000,428.259988509091,98
2024-09-20 15:31:42.456000,428.2809527068846,8
2024-09-20 15:31:42.503000,428.29649833135966,1003
2024-09-20 15:31:42.513000,428.2521393824357,95
2024-09-20 15:31:42.556000,428.2730463905265,103
2024-09-20 15:31:42.556000,428.3861373484286,100
2024-09-20 15:31:42.585000,428.3912749022587,998
2024-09-20 15:31:42.590000,428.2621397498873,97
2024-09-20 15:31:42.731000,428.33666507344464,1000
2024-09-20 15:31:42.882000,428.3380028101396,998
2024-09-20 15:31:42.884000,428.3869998881541,105
2024-09-20 15:31:43.007000,428.4475883569419,1005
2024-09-20 15:31:43.022000,428.4378531417725,998
2024-09-20 15:31:43.241000,428.43180799999146,998
2024-09-20 15:31:43.300000,428.4338861852135,999
2024-09-20 15:31:43.375000,428.4303350432586,996
2024-09-20 15:31:43.491000,428.443241964236,98
2024-09-20 15:31:43.555000,428.4154509481731,7
2024-09-20 15:31:43.576000,428.4121578918414,1004
2024-09-20 15:31:43.655000,428.4377966653147,999
2024-09-20 15:31:43.754000,428.4381228471631,13
2024-09-20 15:31:44,428.4032283362042,105
2024-09-20 15:31:44.009000,428.3851765617087,1004
2024-09-20 15:31:44.015000,428.3970696112527,995
2024-09-20 15:31:44.045000,428.3794155691105,8
2024-09-20 15:31:44.119000,428.4050071434991,99
2024-09-20 15:31:44.126000,428.4148963714541,7
2024-09-20 15:31:44.139000,428.38774243077256,996
2024-09-20 15:31:44.164000,428.41339860860097,999
2024-09-20 15:31:44.295000,428.4043127425167,9
2024-09-20 15:31:44.335000,428.4086021461971,1004
2024-09-20 15:31:44.349000,428.42222962648026,996
2024-09-20 15:31:44.431000,428.3932945997078,1003
2024-09-20 15:31:44.438000,428.379079043339,15
2024-09-20 15:31:44.442000,428.4445540993161,10
2024-09-20 15:31:44.461000,428.405494762678,6
2024-09-20 15:31:44.466000,428.37910142476886,98
2024-09-20 15:31:44.495000,428.40642131843225,6
2024-09-20 15:31:44.508000,428.43743630687806,95
2024-09-20 15:31:44.580000,428.3895273711603,13
2024-09-20 15:31:44.611000,428.3857821076924,11
2024-09-20 15:31:44.690000,428.4025178818913,12
2024-09-20 15:31:44.696000,428.4141969763454,15
2024-09-20 15:31:44.799000,428.3677696910568,104
2024-09-20 15:31:44.803000,428.3787065104845,8
2024-09-20 15:31:44.810000,428.3788188566024,95
2024-09-20 15:31:44.855000,428.4153367517983,101
2024-09-20 15:31:44.864000,428.4015215372722,1004
2024-09-20 15:31:44.933000,428.4012950618262,1003
2024-09-20 15:31:44.953000,428.4211526340649,997
2024-09-20 15:31:45.036000,428.41795879047913,12
2024-09-20 15:31:45.127000,428.4452252358628,1003
2024-09-20 15:31:45.199000,428.452694979956,997
2024-09-20 15:31:45.220000,428.4502992154378,5
2024-09-20 15:31:45.248000,428.4786867684919,5
2024-09-20 15:31:45.262000,428.49230973465137,104
2024-09-20 15:31:45.267000,428.4433732152071,996
2024-09-20 15:31:45.301000,428.4976340023482,95
2024-09-20 15:31:45.322000,428.4750661808307,8
2024-09-20 15:31:45.391000,428.5135351865233,95
2024-09-20 15:31:45.396000,428.4664842788685,5
2024-09-20 15:31:45.408000,428.5117418296312,6
2024-09-20 15:31:45.531000,428.478117769757,11
2024-09-20 15:31:45.601000,428.4738760985743,12
2024-09-20 15:31:45.621000,428.4838507218835,105
2024-09-20 15:31:45.642000,428.4437889764748,1000
2024-09-20 15:31:45.702000,428.4771927268937,1004
2024-09-20 15:31:45.773000,428.4556905611252,9
2024-09-20 15:31:45.788000,428.4954039362296,15
2024-09-20 15:31:45.798000,428.4561178310803,100
2024-09-20 15:31:45.814000,428.4303099438995,997
2024-09-20 15:31:45.951000,428.50086402171615,99
2024-09-20 15:31:45.964000,428.5109675868996,10
2024-09-20 15:31:45.974000,428.50039729215,7
2024-09-20 15:31:46.029000,428.43615693315854,103
2024-09-20 15:31:46.065000,428.36658819416886,1001
2024-09-20 15:31:46.084000,428.37271855195627,102
2024-09-20 15:31:46.138000,428.3456215251665,1002
2024-09-20 15:31:46.141000,428.3702208493815,12
2024-09-20 15:31:46.211000,428.3880538597312,97
2024-09-20 15:31:46.223000,428.3754834217695,102
2024-09-20 15:31:46.299000,428.3768254600714,999
2024-09-20 15:31:46.300000,428.4516759518796,103
2024-09-20 15:31:46.302000,428.4202351825933,13
2024-09-20 15:31:46.326000,428.4328011623414,96
2024-09-20 15:31:46.395000,428.43954662214014,8
2024-09-20 15:31:46.400000,428.3874468567689,13
2024-09-20 15:31:46.452000,428.3674001029164,1004
2024-09-20 15:31:46.471000,428.4493311922832,999
2024-09-20 15:31:46.477000,428.4439508425138,10
2024-09-20 15:31:46.479000,428.4479941534356,7
2024-09-20 15:31:46.515000,428.3832487054314,5
2024-09-20 15:31:46.518000,428.3789361265858,5
2024-09-20 15:31:46.555000,428.3750894153228,13
2024-09-20 15:31:46.639000,428.45012252611474,14
2024-09-20 15:31:46.643000,428.3676306989916,15
2024-09-20 15:31:46.719000,428.393423653945,98
2024-09-20 15:31:46.755000,428.45079471938897,997
2024-09-20 15:31:46.860000,428.3736624623178,15
2024-09-20 15:31:46.906000,428.4452026594532,6
2024-09-20 15:31:46.973000,428.3795652336681,995
2024-09-20 15:31:47.021000,428.3367818317993,999
2024-09-20 15:31:47.046000,428.4092965360412,97
2024-09-20 15:31:47.082000,428.3438701475178,997
2024-09-20 15:31:47.088000,428.34856778664073,95
2024-09-20 15:31:47.091000,428.32003047592536,99
2024-09-20 15:31:47.098000,428.4005535482334,13
2024-09-20 15:31:47.119000,428.38479052659744,1003
2024-09-20 15:31:47.138000,428.36024127382206,6
2024-09-20 15:31:47.174000,428.32648798439743,96
2024-09-20 15:31:47.192000,428.359180673134,100
2024-09-20 15:31:47.266000,428.3858062734088,104
2024-09-20 15:31:47.280000,428.3406894750869,15
2024-09-20 15:31:47.293000,428.4187395609597,11
2024-09-20 15:31:47.349000,428.3472719794218,1004
2024-09-20 15:31:47.389000,428.4006239616989,6
2024-09-20 15:31:47.453000,428.37479539959617,1002
2024-09-20 15:31:47.460000,428.38555685110737,1005
2024-09-20 15:31:47.484000,428.3860826700693,8
2024-09-20 15:31:47.581000,428.3377160425432,1002
2024-09-20 15:31:47.589000,428.41639147817307,999
2024-09-20 15:31:47.589000,428.3737994296844,999
2024-09-20 15:31:47.657000,428.3862510191482,8
2024-09-20 15:31:47.667000,428.3426574245533,9
2024-09-20 15:31:47.696000,428.3462059976612,1005
2024-09-20 15:31:47.758000,428.36490990724207,1002
2024-09-20 15:31:47.844000,428.3881565348002,8
2024-09-20 15:31:47.853000,428.40595830341766,101
2024-09-20 15:31:47.927000,428.4208856126583,12
2024-09-20 15:31:47.957000,428.3786427467765,15
2024-09-20 15:31:48.626000,428.3707558792484,996
2024-09-20 15:31:49.042000,428.37888440666126,9
2024-09-20 15:31:49.131000,428.3571541538418,997
2024-09-20 15:31:49.151000,428.3897549697897,997
2024-09-20 15:31:49.173000,428.38590622609865,98
2024-09-20 15:31:49.270000,428.3619596946362,9
2024-09-20 15:31:49.342000,428.3610825613069,6
2024-09-20 15:31:49.363000,428.37425671863673,105
2024-09-20 15:31:49.399000,428.3285189729069,9
2024-09-20 15:31:49.447000,428.34747287009736,10
2024-09-20 15:31:49.575000,428.37064124432834,9
2024-09-20 15:31:49.672000,428.3625194349592,105
2024-09-20 15:31:49.687000,428.3453799633596,1000
2024-09-20 15:31:49.732000,428.3353073828769,95
2024-09-20 15:31:49.776000,428.3589573507029,5
2024-09-20 15:31:49.782000,428.3460476618393,996
2024-09-20 15:31:49.821000,428.3724972010967,15
2024-09-20 15:31:49.909000,428.3434334776417,999
2024-09-20 15:31:49.947000,428.3462775970281,14
2024-09-20 15:31:50.108000,428.3242567737138,997
2024-09-20 15:31:50.114000,428.3659025387793,1001
2024-09-20 15:31:50.208000,428.3137289313308,8
2024-09-20 15:31:50.215000,428.3088367213808,104
2024-09-20 15:31:50.262000,422.7882372451264,1005
2024-09-20 15:31:50.417000,428.33681789180616,13
2024-09-20 15:31:50.427000,428.3494932720157,101
2024-09-20 15:31:50.552000,428.3570078130125,7
2024-09-20 15:31:50.567000,428.3497424197439,995
2024-09-20 15:31:50.615000,428.3589763078696,7
2024-09-20 15:31:50.673000,428.3482128657351,998
2024-09-20 15:31:50.680000,428.3116509832661,995
2024-09-20 15:31:50.793000,428.341650821695,9
2024-09-20 15:31:51.099000,428.2867414228991,14
2024-09-20 15:31:51.209000,428.3168125419328,14
2024-09-20 15:31:51.256000,428.30356571100646,14
2024-09-20 15:31:51.266000,428.3409599683998,6
2024-09-20 15:31:51.324000,428.3358065024751,11
2024-09-20 15:31:51.660000,428.3235179321392,1004
2024-09-20 15:31:51.762000,428.3098035821025,15
2024-09-20 15:31:51.912000,428.3134574327215,104
2024-09-20 15:31:52.020000,428.4212104188416,995
2024-09-20 15:31:52.154000,428.3860859783165,997
2024-09-20 15:31:52.247000,428.4307093484624,10
2024-09-20 15:31:52.319000,428.4381412962568,10
2024-09-20 15:31:52.319000,428.40022697437314,13
2024-09-20 15:31:52.408000,428.3905632592293,99
2024-09-20 15:31:52.480000,428.3132781898087,98
2024-09-20 15:31:52.505000,428.381515941998,7
2024-09-20 15:31:52.658000,428.4248567392917,1003
2024-09-20 15:31:52.666000,428.4040048240293,103
2024-09-20 15:31:52.738000,428.4143705540851,13
2024-09-20 15:31:52.752000,428.3471879408852,7
2024-09-20 15:31:52.783000,428.4039956651929,98
2024-09-20 15:31:52.841000,428.3811219706021,10
2024-09-20 15:31:52.844000,428.42592661347135,102
2024-09-20 15:31:52.870000,428.3170144370369,101
2024-09-20 15:31:52.904000,428.4246387838339,102
2024-09-20 15:31:52.917000,428.4144472576904,96
2024-09-20 15:31:52.950000,428.4370234227859,1004
2024-09-20 15:31:52.956000,428.4367252820032,104
2024-09-20 15:31:52.994000,428.4255809364436,100
2024-09-20 15:31:53.147000,428.4533379784101,95
2024-09-20 15:31:53.186000,428.4537379172754,999
2024-09-20 15:31:53.365000,428.4544403928003,998
2024-09-20 15:31:53.546000,428.43184395888215,1001
2024-09-20 15:31:53.608000,428.4390609571963,10
2024-09-20 15:31:53.613000,428.4325853142016,996
2024-09-20 15:31:53.690000,428.4385377872888,5
2024-09-20 15:31:53.693000,428.4279984016492,1002
2024-09-20 15:31:53.800000,428.4256186665327,97
2024-09-20 15:31:53.841000,428.4624548493188,9
2024-09-20 15:31:53.917000,428.4397874167677,99
2024-09-20 15:31:53.991000,428.44405385776935,8
2024-09-20 15:31:54.093000,428.4833223095722,1004
2024-09-20 15:31:54.170000,428.4785272612716,103
2024-09-20 15:31:54.294000,428.45757192073467,1001
2024-09-20 15:31:54.461000,428.4419785176655,10
2024-09-20 15:31:54.731000,428.4724486202604,14
2024-09-20 15:31:55.040000,428.5313352935525,12
2024-09-20 15:31:55.061000,428.5506436902379,997
2024-09-20 15:31:55.064000,428.503251215395,95
2024-09-20 15:31:55.067000,428.5535819985336,98
2024-09-20 15:31:55.087000,428.5750124812012,12
2024-09-20 15:31:55.095000,428.57468258823394,105
2024-09-20 15:31:55.150000,428.5682987829556,9
2024-09-20 15:31:55.199000,428.5867627927018,14
2024-09-20 15:31:55.255000,428.5130503390868,7
2024-09-20 15:31:55.305000,428.56235625169774,97
2024-09-20 15:31:55.333000,428.5564030351084,996
2024-09-20 15:31:55.395000,428.5958452900866,5
2024-09-20 15:31:55.405000,428.5038184447319,997
2024-09-20 15:31:55.434000,428.49860748974106,98
2024-09-20 15:31:55.448000,428.52700534960695,101
2024-09-20 15:31:55.554000,428.57243918588176,1003
2024-09-20 15:31:55.590000,428.5752523428537,15
2024-09-20 15:31:55.669000,428.5422309972906,98
2024-09-20 15:31:55.685000,428.5179855070039,9
2024-09-20 15:31:55.783000,428.5480709980702,1005
2024-09-20 15:31:55.905000,428.5478478948301,999
2024-09-20 15:31:56.030000,428.6082990491062,1002
2024-09-20 15:31:56.034000,428.6088793215559,10
2024-09-20 15:31:56.202000,428.5995940134108,1000
2024-09-20 15:31:56.775000,428.5922126571568,15
2024-09-20 15:31:57.069000,428.559421088272,1001
2024-09-20 15:31:57.113000,428.5602502865244,999
2024-09-20 15:31:57.232000,428.61585946764336,1001
2024-09-20 15:31:57.286000,428.5813543741241,14
2024-09-20 15:31:57.287000,428.6139526275162,995
2024-09-20 15:31:57.287000,428.613753389481,14
2024-09-20 15:31:57.358000,428.5689518566953,7
2024-09-20 15:31:57.390000,428.59926168518814,995
2024-09-20 15:31:57.420000,428.585752591478,15
2024-09-20 15:31:57.451000,428.5764203862889,9
2024-09-20 15:31:57.694000,428.5766100227914,996
2024-09-20 15:31:57.823000,428.59775546212205,95
2024-09-20 15:31:57.824000,428.5994186345053,1004
2024-09-20 15:31:57.853000,428.5983864620787,7
2024-09-20 15:31:57.856000,428.5744774903519,105
2024-09-20 15:31:57.861000,428.56545322655967,1002
2024-09-20 15:31:57.867000,428.5531622302437,104
2024-09-20 15:31:57.890000,428.6104303043005,997
2024-09-20 15:31:57.927000,428.5671114440445,98
2024-09-20 15:31:58.012000,428.6045689650592,11
2024-09-20 15:31:58.138000,428.549446708828,5
2024-09-20 15:31:58.194000,428.5667580517252,97
2024-09-20 15:31:58.257000,428.6399029129169,11
2024-09-20 15:31:58.295000,428.5518885174844,96
2024-09-20 15:31:58.329000,428.5499123306889,95
2024-09-20 15:31:58.418000,428.5726215690129,1005
2024-09-20 15:31:58.450000,428.5673661610466,1003
2024-09-20 15:31:58.466000,428.6316309691308,98
2024-09-20 15:31:58.489000,428.5593129259568,1004
2024-09-20 15:31:58.527000,428.5709829528376,995
2024-09-20 15:31:58.546000,428.6397685700256,1001
2024-09-20 15:31:58.602000,428.5612093163695,998
2024-09-20 15:31:58.627000,428.5962982526004,1005
2024-09-20 15:31:58.634000,428.55777696241023,95
2024-09-20 15:31:58.727000,428.5906266869589,7
2024-09-20 15:31:58.729000,428.61865429083457,101
2024-09-20 15:31:58.751000,428.56702627581546,103
2024-09-20 15:31:58.772000,428.58393877921134,999
2024-09-20 15:31:58.779000,428.58571260286647,105
2024-09-20 15:31:58.806000,428.6149918928999,8
2024-09-20 15:31:58.861000,428.6269533984317,1002
2024-09-20 15:31:58.881000,428.5715160728996,99
2024-09-20 15:31:58.920000,428.6233819691835,999
2024-09-20 15:31:58.921000,428.5655814782689,13
2024-09-20 15:31:58.994000,428.5659366214161,98
2024-09-20 15:31:59.018000,428.5694015613344,995
2024-09-20 15:31:59.062000,428.51921623327456,1005
2024-09-20 15:31:59.125000,428.5349573387495,12
2024-09-20 15:31:59.332000,428.564790331716,10
2024-09-20 15:31:59.387000,428.54408633146153,999
2024-09-20 15:31:59.442000,428.551656352381,10
2024-09-20 15:31:59.530000,428.5586078268407,103
2024-09-20 15:31:59.580000,428.5766675783059,10
2024-09-20 15:31:59.612000,428.54944525098455,8
2024-09-20 15:31:59.637000,428.5635106235901,97
2024-09-20 15:31:59.709000,428.5366264846725,104
2024-09-20 15:31:59.744000,428.5659575607744,1001
2024-09-20 15:31:59.776000,428.5765645200324,1000
2024-09-20 15:31:59.834000,428.5605381356835,9
2024-09-20 15:31:59.846000,428.56127741474575,1000
2024-09-20 15:31:59.950000,428.5751260948845,102
2024-09-20 15:31:59.956000,428.53348625462337,999
2024-09-20 15:31:59.995000,428.58424818955694,96
