Timestamp,Price,Size
2024-09-20 10:07:00.012000,424.6393064606753,95
2024-09-20 10:07:00.012000,424.6651508453154,101
2024-09-20 10:07:00.061000,424.6672524923235,97
2024-09-20 10:07:00.083000,424.59626364254746,6
2024-09-20 10:07:00.171000,424.6623157737504,1003
2024-09-20 10:07:00.220000,424.62289792837817,5
2024-09-20 10:07:00.224000,424.6506348449876,999
2024-09-20 10:07:00.253000,424.66714215514656,9
2024-09-20 10:07:00.304000,424.6641467455518,103
2024-09-20 10:07:00.409000,424.63228964150346,9
2024-09-20 10:07:00.421000,424.6550897490892,11
2024-09-20 10:07:00.429000,424.6438572434902,1005
2024-09-20 10:07:00.506000,424.6627708666494,103
2024-09-20 10:07:00.636000,424.6721285795808,11
2024-09-20 10:07:00.640000,424.6400635276433,1003
2024-09-20 10:07:00.672000,424.63390368802754,14
2024-09-20 10:07:00.706000,424.6698588067584,99
2024-09-20 10:07:00.747000,424.5845813499475,1001
2024-09-20 10:07:00.754000,424.6441008318991,998
2024-09-20 10:07:00.769000,424.5909948912014,13
2024-09-20 10:07:00.769000,424.6371479713497,5
2024-09-20 10:07:00.770000,424.646935879173,12
2024-09-20 10:07:00.877000,424.6605447882156,10
2024-09-20 10:07:00.881000,424.5806496531765,1000
2024-09-20 10:07:00.919000,424.6510832512929,102
2024-09-20 10:07:00.933000,424.6503429463068,8
2024-09-20 10:07:00.994000,424.6813519769376,102
2024-09-20 10:07:01.244000,424.662071300372,1005
2024-09-20 10:07:01.268000,424.6672503504919,999
2024-09-20 10:07:01.354000,424.5862594507986,1003
2024-09-20 10:07:01.402000,424.6324562193405,104
2024-09-20 10:07:01.459000,424.57673622002073,1005
2024-09-20 10:07:01.490000,424.5693739316253,96
2024-09-20 10:07:01.550000,424.64754601599486,5
2024-09-20 10:07:01.565000,424.67121679596113,14
2024-09-20 10:07:01.599000,424.6329575010914,102
2024-09-20 10:07:01.631000,424.600129232544,10
2024-09-20 10:07:01.712000,424.6666166047367,1001
2024-09-20 10:07:01.735000,424.66192322187806,101
2024-09-20 10:07:01.761000,424.6252642354589,97
2024-09-20 10:07:01.775000,424.599440660068,103
2024-09-20 10:07:01.903000,424.6728231639488,9
2024-09-20 10:07:01.923000,424.6771554100819,95
2024-09-20 10:07:01.927000,424.6651841431592,1005
2024-09-20 10:07:01.954000,424.60401153195954,104
2024-09-20 10:07:01.962000,424.677859218604,1004
2024-09-20 10:07:02.032000,424.6143860728735,104
2024-09-20 10:07:02.049000,424.58146447282655,12
2024-09-20 10:07:02.053000,424.5844159606899,1004
2024-09-20 10:07:02.224000,424.618445436855,996
2024-09-20 10:07:02.261000,424.5760504945168,1001
2024-09-20 10:07:02.320000,424.5557378746531,996
2024-09-20 10:07:02.435000,424.5553244297439,12
2024-09-20 10:07:02.443000,424.6080626502777,13
2024-09-20 10:07:02.468000,424.6151720758598,13
2024-09-20 10:07:02.480000,424.5948968764271,97
2024-09-20 10:07:02.487000,424.6005380340373,96
2024-09-20 10:07:02.493000,424.5667987019691,96
2024-09-20 10:07:02.533000,424.575064347621,104
2024-09-20 10:07:02.603000,424.5861432772575,8
2024-09-20 10:07:02.660000,424.5873503765451,997
2024-09-20 10:07:02.709000,424.6195926365117,6
2024-09-20 10:07:02.740000,424.5807558644792,1001
2024-09-20 10:07:02.937000,424.5710956694464,996
2024-09-20 10:07:02.999000,424.5924219842278,15
2024-09-20 10:07:03.011000,424.67392998847527,10
2024-09-20 10:07:03.016000,424.6493606995288,102
2024-09-20 10:07:03.037000,424.6629060973603,9
2024-09-20 10:07:03.064000,424.6846189537984,101
2024-09-20 10:07:03.106000,424.6997568854442,999
2024-09-20 10:07:03.133000,424.69639088520375,102
2024-09-20 10:07:03.322000,424.6206622027366,99
2024-09-20 10:07:03.351000,424.7038573213087,7
2024-09-20 10:07:03.352000,424.6761947499341,105
2024-09-20 10:07:03.413000,424.6637921000149,9
2024-09-20 10:07:03.433000,424.67543192880686,13
2024-09-20 10:07:03.459000,424.65460468130186,1000
2024-09-20 10:07:03.514000,424.6860731453565,105
2024-09-20 10:07:03.538000,424.60313229601314,8
2024-09-20 10:07:03.589000,424.66252718676486,12
2024-09-20 10:07:03.599000,424.6176406352188,100
2024-09-20 10:07:03.614000,424.66489961368654,1004
2024-09-20 10:07:03.667000,424.6636082810179,103
2024-09-20 10:07:03.707000,424.6565461041752,1004
2024-09-20 10:07:03.734000,424.6887090558732,997
2024-09-20 10:07:03.764000,424.64853063203486,13
2024-09-20 10:07:03.783000,424.68633535624224,996
2024-09-20 10:07:03.788000,424.6890203128743,99
2024-09-20 10:07:03.927000,424.6936004736888,97
2024-09-20 10:07:03.997000,424.6705647345134,103
2024-09-20 10:07:04.004000,424.6280443885374,13
2024-09-20 10:07:04.355000,424.6373913916058,1002
2024-09-20 10:07:04.430000,424.6646255208539,15
2024-09-20 10:07:04.475000,424.64481234959806,1003
2024-09-20 10:07:04.528000,424.61043255327854,1002
2024-09-20 10:07:04.593000,424.64604468244937,11
2024-09-20 10:07:04.653000,424.6153810909708,5
2024-09-20 10:07:04.660000,424.6506886156648,6
2024-09-20 10:07:04.752000,424.6631120809972,999
2024-09-20 10:07:04.893000,424.6528171335263,1004
2024-09-20 10:07:04.914000,424.6772912664413,13
2024-09-20 10:07:04.938000,424.6552900540556,1001
2024-09-20 10:07:05.022000,424.6217211942208,1001
2024-09-20 10:07:05.022000,424.70197890593,999
2024-09-20 10:07:05.087000,424.6550258032444,103
2024-09-20 10:07:05.175000,424.6795535746073,15
2024-09-20 10:07:05.183000,424.69614164089614,95
2024-09-20 10:07:05.188000,424.6206173885389,13
2024-09-20 10:07:05.264000,424.6981452013076,14
2024-09-20 10:07:05.301000,424.7039459571113,1002
2024-09-20 10:07:05.314000,424.6816603466921,98
2024-09-20 10:07:05.332000,424.6882132806502,12
2024-09-20 10:07:05.390000,424.7195057689069,104
2024-09-20 10:07:05.400000,424.6157752329156,1002
2024-09-20 10:07:05.442000,424.61880589271976,5
2024-09-20 10:07:05.637000,424.6191002474617,103
2024-09-20 10:07:05.677000,424.6437186927373,5
2024-09-20 10:07:05.693000,424.687957265056,10
2024-09-20 10:07:05.732000,424.6555819299445,99
2024-09-20 10:07:05.829000,424.69175051394825,1001
2024-09-20 10:07:05.917000,424.6956500120064,97
2024-09-20 10:07:05.992000,424.6518455435257,1003
2024-09-20 10:07:06.050000,424.6055734094985,99
2024-09-20 10:07:06.067000,424.5794267804257,1003
2024-09-20 10:07:06.147000,424.6022092654676,15
2024-09-20 10:07:06.188000,424.5969792007638,11
2024-09-20 10:07:06.211000,424.6301022917103,1005
2024-09-20 10:07:06.261000,424.53945785262266,10
2024-09-20 10:07:06.362000,424.6328336075367,95
2024-09-20 10:07:06.381000,424.6205553696244,998
2024-09-20 10:07:06.426000,424.55678534514254,1000
2024-09-20 10:07:06.454000,424.5538777049059,11
2024-09-20 10:07:06.491000,424.5891998643591,95
2024-09-20 10:07:06.493000,424.5299316943365,103
2024-09-20 10:07:06.517000,424.5819240725033,101
2024-09-20 10:07:06.539000,424.5503648645508,999
2024-09-20 10:07:06.699000,424.58052564234447,95
2024-09-20 10:07:06.758000,424.5197014767989,995
2024-09-20 10:07:06.777000,424.6135752378599,1001
2024-09-20 10:07:06.802000,424.6136080212119,6
2024-09-20 10:07:06.899000,424.5561039810519,13
2024-09-20 10:07:06.908000,424.550202703449,97
2024-09-20 10:07:06.974000,424.59466119141575,995
2024-09-20 10:07:07.026000,424.5758892960667,996
2024-09-20 10:07:07.050000,424.5685552514976,96
2024-09-20 10:07:07.172000,424.5275273605091,7
2024-09-20 10:07:07.214000,424.56323985307847,97
2024-09-20 10:07:07.263000,424.5664588170071,1000
2024-09-20 10:07:07.283000,424.5615631830911,6
2024-09-20 10:07:07.284000,424.5104286365311,1003
2024-09-20 10:07:07.390000,424.5364616996793,5
2024-09-20 10:07:07.430000,424.5558474739259,102
2024-09-20 10:07:07.434000,424.5703114344854,1005
2024-09-20 10:07:07.435000,424.5160658259544,998
2024-09-20 10:07:07.523000,424.5268235175083,15
2024-09-20 10:07:07.637000,424.5406835930396,102
2024-09-20 10:07:07.638000,424.5463343757536,102
2024-09-20 10:07:07.641000,424.5169611146805,1004
2024-09-20 10:07:07.677000,424.5604146507928,996
2024-09-20 10:07:07.685000,424.5949279613991,96
2024-09-20 10:07:07.686000,424.5601772751414,11
2024-09-20 10:07:07.690000,424.51782090730495,1002
2024-09-20 10:07:07.846000,424.55734880983374,998
2024-09-20 10:07:07.895000,424.5921668180192,10
2024-09-20 10:07:07.947000,424.5494350268051,14
2024-09-20 10:07:07.981000,424.5427443848484,7
2024-09-20 10:07:07.987000,424.5747447936918,11
2024-09-20 10:07:08.045000,424.4846242859069,103
2024-09-20 10:07:08.076000,424.4606126667544,13
2024-09-20 10:07:08.141000,424.4617314984399,5
2024-09-20 10:07:08.179000,424.4839251759548,13
2024-09-20 10:07:08.378000,424.497122984616,101
2024-09-20 10:07:08.594000,424.4878132452554,97
2024-09-20 10:07:08.602000,424.4926273338665,6
2024-09-20 10:07:08.602000,424.4557126709405,96
2024-09-20 10:07:08.607000,424.4460259271041,1005
2024-09-20 10:07:08.686000,424.47303664843866,997
2024-09-20 10:07:08.707000,424.4601587041106,6
2024-09-20 10:07:08.832000,424.4736226408119,9
2024-09-20 10:07:08.847000,424.4404881677589,11
2024-09-20 10:07:08.935000,424.4588911910256,100
2024-09-20 10:07:08.992000,424.4557857751791,1002
2024-09-20 10:07:09.240000,424.4464058567432,1004
2024-09-20 10:07:09.649000,424.45303820584815,9
2024-09-20 10:07:10.039000,424.4898097641526,105
2024-09-20 10:07:10.069000,424.5026156302579,6
2024-09-20 10:07:10.176000,424.5019858599086,96
2024-09-20 10:07:10.224000,424.4665215533664,15
2024-09-20 10:07:10.225000,424.4945661350384,101
2024-09-20 10:07:10.237000,424.502827062746,10
2024-09-20 10:07:10.301000,424.47292693678577,998
2024-09-20 10:07:10.328000,424.4785339550641,13
2024-09-20 10:07:10.341000,424.4896828206482,96
2024-09-20 10:07:10.354000,424.5007826327189,102
2024-09-20 10:07:10.461000,424.46289029465936,9
2024-09-20 10:07:10.524000,424.49603251420336,14
2024-09-20 10:07:10.571000,424.50377236124615,5
2024-09-20 10:07:10.577000,424.4805956474596,102
2024-09-20 10:07:10.661000,424.4765028409777,11
2024-09-20 10:07:10.668000,424.4550791682374,997
2024-09-20 10:07:10.722000,424.4812919640989,10
2024-09-20 10:07:10.740000,424.4907462816539,10
2024-09-20 10:07:10.744000,424.4954867519413,98
2024-09-20 10:07:10.796000,424.4870872246634,1002
2024-09-20 10:07:10.819000,424.5027691361728,10
2024-09-20 10:07:10.820000,424.46323071809707,12
2024-09-20 10:07:10.821000,424.4833706813637,97
2024-09-20 10:07:10.851000,424.5132641816765,12
2024-09-20 10:07:11.018000,424.4942934291986,96
2024-09-20 10:07:11.100000,424.4780830955349,5
2024-09-20 10:07:11.303000,424.5037012895068,105
2024-09-20 10:07:11.562000,424.4811164253401,1003
2024-09-20 10:07:11.586000,424.4773250220154,105
2024-09-20 10:07:11.605000,424.5036976278831,995
2024-09-20 10:07:11.846000,424.4927669334131,10
2024-09-20 10:07:11.884000,424.4908198869844,15
2024-09-20 10:07:11.900000,424.474799883465,11
2024-09-20 10:07:12.050000,424.4971528299413,14
2024-09-20 10:07:12.056000,424.4828044815711,1001
2024-09-20 10:07:12.072000,424.5036346016287,10
2024-09-20 10:07:12.134000,424.5091097850987,998
2024-09-20 10:07:12.142000,424.49005782716455,1001
2024-09-20 10:07:12.204000,424.5084248635292,103
2024-09-20 10:07:12.205000,424.4804298012468,1003
2024-09-20 10:07:12.242000,424.5096588716106,105
2024-09-20 10:07:12.244000,424.47718368410256,14
2024-09-20 10:07:12.246000,424.4853576834751,997
2024-09-20 10:07:12.273000,424.4965962156677,105
2024-09-20 10:07:12.281000,424.46785853551336,9
2024-09-20 10:07:12.387000,424.4671869828317,96
2024-09-20 10:07:12.409000,424.4763588261379,12
2024-09-20 10:07:12.419000,424.4579664534945,97
2024-09-20 10:07:12.442000,424.4881610686298,1002
2024-09-20 10:07:12.458000,424.5256631296803,8
2024-09-20 10:07:12.462000,424.4909884046239,15
2024-09-20 10:07:12.519000,424.5196894846828,11
2024-09-20 10:07:12.537000,424.4955387157483,998
2024-09-20 10:07:12.686000,424.5109062836273,13
2024-09-20 10:07:12.783000,424.47297517339416,96
2024-09-20 10:07:12.829000,424.4725914019702,11
2024-09-20 10:07:12.952000,424.4980572958444,7
2024-09-20 10:07:12.984000,424.4856690912104,1003
2024-09-20 10:07:13.135000,424.4905029837236,1005
2024-09-20 10:07:13.172000,424.4963002077372,8
2024-09-20 10:07:13.194000,424.4781066257303,6
2024-09-20 10:07:13.324000,424.48757190808544,1003
2024-09-20 10:07:13.395000,424.4802582170346,101
2024-09-20 10:07:13.420000,424.50365966300006,98
2024-09-20 10:07:13.517000,424.5006493826484,15
2024-09-20 10:07:13.559000,424.4902377784825,998
2024-09-20 10:07:13.583000,424.4813138469016,105
2024-09-20 10:07:13.656000,424.4700229771684,1002
2024-09-20 10:07:13.755000,424.4849482515026,1000
2024-09-20 10:07:13.991000,424.49241569061735,1004
2024-09-20 10:07:14.047000,424.4401341043597,98
2024-09-20 10:07:14.110000,424.43427864864594,998
2024-09-20 10:07:14.112000,424.45561165813615,1000
2024-09-20 10:07:14.169000,424.4374833573365,102
2024-09-20 10:07:14.184000,424.4435898066994,13
2024-09-20 10:07:14.320000,424.4400364874123,996
2024-09-20 10:07:14.351000,424.4385886552076,95
2024-09-20 10:07:14.410000,424.4513999765972,97
2024-09-20 10:07:14.548000,424.44840524489166,9
2024-09-20 10:07:14.572000,424.4496922086613,995
2024-09-20 10:07:14.632000,424.4350300530089,101
2024-09-20 10:07:14.678000,424.4783426604864,7
2024-09-20 10:07:14.684000,424.48485716385926,11
2024-09-20 10:07:14.722000,424.5034955448272,1005
2024-09-20 10:07:14.748000,424.4452832274103,104
2024-09-20 10:07:14.754000,424.4610418032243,15
2024-09-20 10:07:14.756000,424.4598008509929,15
2024-09-20 10:07:14.780000,424.45869564573314,97
2024-09-20 10:07:14.785000,424.4465407669837,98
2024-09-20 10:07:14.796000,424.46931476255713,1003
2024-09-20 10:07:14.807000,424.435165459919,1002
2024-09-20 10:07:14.810000,424.4456330478051,7
2024-09-20 10:07:14.821000,424.4593772829036,100
2024-09-20 10:07:14.833000,424.4382894940212,6
2024-09-20 10:07:14.851000,424.4403393558984,98
2024-09-20 10:07:14.863000,424.4639425871266,8
2024-09-20 10:07:14.884000,424.4767364232704,999
2024-09-20 10:07:15.010000,424.45039998490034,1001
2024-09-20 10:07:15.041000,424.44361156982274,105
2024-09-20 10:07:15.047000,424.4885825302765,97
2024-09-20 10:07:15.136000,424.4146749045415,102
2024-09-20 10:07:15.241000,424.4314021863915,97
2024-09-20 10:07:15.243000,424.4115206483253,10
2024-09-20 10:07:15.289000,424.4174555467677,9
2024-09-20 10:07:15.383000,424.4337306498846,13
2024-09-20 10:07:15.434000,424.4098525701965,103
2024-09-20 10:07:15.442000,424.43150559356616,1005
2024-09-20 10:07:15.456000,424.4262483370504,95
2024-09-20 10:07:15.531000,424.4021773822491,13
2024-09-20 10:07:15.533000,424.4279204146956,97
2024-09-20 10:07:15.537000,424.4234771049078,995
2024-09-20 10:07:15.666000,424.4406318078731,98
2024-09-20 10:07:15.667000,424.4702018867081,12
2024-09-20 10:07:15.716000,424.431088083586,15
2024-09-20 10:07:15.731000,424.4359732835372,6
2024-09-20 10:07:15.744000,424.4394971683192,104
2024-09-20 10:07:15.826000,424.4162158816464,998
2024-09-20 10:07:15.834000,424.4222986560257,98
2024-09-20 10:07:15.835000,424.44870879867386,104
2024-09-20 10:07:15.846000,424.4454201144381,99
2024-09-20 10:07:15.898000,424.4326083161799,97
2024-09-20 10:07:15.914000,424.47195911223946,105
2024-09-20 10:07:15.922000,424.4128770677991,999
2024-09-20 10:07:15.994000,424.4263627151592,10
2024-09-20 10:07:15.999000,424.4194080706,10
2024-09-20 10:07:16.098000,424.3615700618399,15
2024-09-20 10:07:16.121000,424.36191178926777,5
2024-09-20 10:07:16.217000,424.397104336068,1005
2024-09-20 10:07:16.934000,424.3716876456977,105
2024-09-20 10:07:17.045000,424.3610449619558,98
2024-09-20 10:07:17.207000,424.3941741180021,996
2024-09-20 10:07:17.368000,424.3748124720731,9
2024-09-20 10:07:17.386000,424.39996487355006,8
2024-09-20 10:07:17.417000,424.3736772012829,997
2024-09-20 10:07:17.460000,424.3743113718048,9
2024-09-20 10:07:17.515000,424.3757049170155,8
2024-09-20 10:07:17.565000,424.377052985917,1005
2024-09-20 10:07:17.700000,424.37318626155707,97
2024-09-20 10:07:17.886000,424.3847254272942,999
2024-09-20 10:07:17.912000,424.3557389696799,14
2024-09-20 10:07:17.999000,424.38360472934295,1000
2024-09-20 10:07:18.073000,424.3433805110317,5
2024-09-20 10:07:18.158000,424.30715654364593,1000
2024-09-20 10:07:18.203000,424.36202316113554,11
2024-09-20 10:07:18.223000,424.3346423359934,1000
2024-09-20 10:07:18.241000,424.3330587124089,15
2024-09-20 10:07:18.266000,424.33929457055456,998
2024-09-20 10:07:18.362000,424.3665911364089,1002
2024-09-20 10:07:18.506000,424.3408839868944,1001
2024-09-20 10:07:18.534000,424.339589188288,98
2024-09-20 10:07:18.629000,424.33059405092064,995
2024-09-20 10:07:19.217000,424.3576478582179,8
2024-09-20 10:07:19.254000,424.3444886826775,5
2024-09-20 10:07:19.300000,424.35599680177154,11
2024-09-20 10:07:19.355000,424.3438037248485,1005
2024-09-20 10:07:19.545000,424.3507323656665,14
2024-09-20 10:07:19.698000,424.32557379589264,995
2024-09-20 10:07:19.737000,424.33085368998616,1001
2024-09-20 10:07:19.765000,424.3431656065735,1005
2024-09-20 10:07:19.776000,424.3349856970944,105
2024-09-20 10:07:19.871000,424.3507377533119,5
2024-09-20 10:07:19.922000,424.3515355010162,98
2024-09-20 10:07:19.972000,424.3374663201185,997
2024-09-20 10:07:20.039000,424.3755388217054,100
2024-09-20 10:07:20.052000,424.33673676303033,996
2024-09-20 10:07:20.081000,424.3464523381565,14
2024-09-20 10:07:20.106000,424.34542728366176,104
2024-09-20 10:07:20.237000,424.3702863978359,6
2024-09-20 10:07:20.248000,424.3507787155784,100
2024-09-20 10:07:20.383000,424.3565450171605,1003
2024-09-20 10:07:20.504000,424.3342066747548,99
2024-09-20 10:07:20.525000,424.3326850743509,10
2024-09-20 10:07:20.532000,424.3592382459537,1003
2024-09-20 10:07:20.547000,424.356835712008,96
2024-09-20 10:07:20.585000,424.349204837836,1002
2024-09-20 10:07:20.654000,424.343365491584,12
2024-09-20 10:07:20.659000,424.347073145683,14
2024-09-20 10:07:20.917000,424.3353833947718,6
2024-09-20 10:07:20.933000,424.3457786275496,103
2024-09-20 10:07:21.241000,424.2968575414572,96
2024-09-20 10:07:21.279000,424.3489162238936,995
2024-09-20 10:07:21.303000,424.34643295865504,998
2024-09-20 10:07:21.330000,424.37399070685314,1002
2024-09-20 10:07:21.555000,424.3283180393215,102
2024-09-20 10:07:21.594000,424.3197066744592,11
2024-09-20 10:07:21.628000,424.2967662218158,103
2024-09-20 10:07:21.654000,424.324223801317,104
2024-09-20 10:07:21.727000,424.3022455788666,14
2024-09-20 10:07:21.728000,424.36865747646266,996
2024-09-20 10:07:21.843000,424.3475447824452,1005
2024-09-20 10:07:21.863000,424.297727215869,95
2024-09-20 10:07:22.035000,424.2543582300253,96
2024-09-20 10:07:22.091000,424.3040416574914,10
2024-09-20 10:07:22.100000,424.2238863194359,101
2024-09-20 10:07:22.223000,424.27892337994274,99
2024-09-20 10:07:22.294000,424.2587544297061,95
2024-09-20 10:07:22.390000,424.26607943775673,102
2024-09-20 10:07:22.403000,424.2242336490566,11
2024-09-20 10:07:22.409000,424.2735394078324,1003
2024-09-20 10:07:22.422000,424.2140337216615,9
2024-09-20 10:07:22.487000,424.3093072053985,5
2024-09-20 10:07:22.499000,424.3076240173654,1004
2024-09-20 10:07:22.609000,424.3099603998718,999
2024-09-20 10:07:22.618000,424.2595307131021,95
2024-09-20 10:07:22.771000,424.2460404191434,998
2024-09-20 10:07:22.786000,424.2876831129952,5
2024-09-20 10:07:22.840000,424.2733424958958,1002
2024-09-20 10:07:22.847000,424.22672110773897,11
2024-09-20 10:07:22.920000,424.2224554786928,105
2024-09-20 10:07:22.990000,424.2268309029012,6
2024-09-20 10:07:23,424.2213657032563,99
2024-09-20 10:07:23.185000,424.2520080167668,1000
2024-09-20 10:07:23.209000,424.2157542740538,95
2024-09-20 10:07:23.282000,424.23407854122274,999
2024-09-20 10:07:23.319000,424.2409933864448,9
2024-09-20 10:07:23.435000,424.2115879998182,1004
2024-09-20 10:07:23.593000,424.2208528681541,5
2024-09-20 10:07:23.604000,424.2461797412551,5
2024-09-20 10:07:23.866000,424.23345145058215,1000
2024-09-20 10:07:23.878000,424.24030610506526,5
2024-09-20 10:07:23.918000,424.2597771228588,5
2024-09-20 10:07:23.944000,424.23835694751017,99
2024-09-20 10:07:24.386000,424.2599441553604,11
2024-09-20 10:07:24.721000,424.243294621867,1003
2024-09-20 10:07:24.905000,424.2557076118249,100
2024-09-20 10:07:25.004000,424.2750955893887,101
2024-09-20 10:07:25.050000,424.360098928693,100
2024-09-20 10:07:25.200000,424.2544589771904,1001
2024-09-20 10:07:25.250000,424.32427179331154,100
2024-09-20 10:07:25.268000,424.3053704134975,15
2024-09-20 10:07:25.269000,424.3036549974955,104
2024-09-20 10:07:25.281000,424.3279979217095,5
2024-09-20 10:07:25.299000,424.3459876339516,102
2024-09-20 10:07:25.306000,424.3222302697446,996
2024-09-20 10:07:25.357000,424.3397446194674,995
2024-09-20 10:07:25.398000,424.3074325062282,99
2024-09-20 10:07:25.399000,424.3085483986496,14
2024-09-20 10:07:25.403000,424.3108581506575,104
2024-09-20 10:07:25.421000,424.3525634237727,1004
2024-09-20 10:07:25.483000,424.3367982390043,102
2024-09-20 10:07:25.536000,424.3336801633145,9
2024-09-20 10:07:25.567000,424.3005475533821,97
2024-09-20 10:07:25.643000,424.3473385216,5
2024-09-20 10:07:25.668000,424.251509649616,101
2024-09-20 10:07:25.699000,424.265299371628,1003
2024-09-20 10:07:25.703000,424.34690588516526,95
2024-09-20 10:07:25.717000,424.34520910234863,8
2024-09-20 10:07:25.719000,424.2858362489643,14
2024-09-20 10:07:25.761000,424.3387017886622,98
2024-09-20 10:07:25.768000,424.32306567065297,15
2024-09-20 10:07:25.776000,424.331276332108,996
2024-09-20 10:07:25.780000,424.3622849908588,1002
2024-09-20 10:07:25.795000,424.3438666896223,105
2024-09-20 10:07:26.742000,424.31717826219415,101
2024-09-20 10:07:26.776000,424.3242835121716,996
2024-09-20 10:07:26.881000,424.3575178985674,101
2024-09-20 10:07:27.021000,424.3250279546515,100
2024-09-20 10:07:27.086000,424.327510770651,104
2024-09-20 10:07:27.146000,424.3369510311963,6
2024-09-20 10:07:27.183000,424.32385039176734,1000
2024-09-20 10:07:27.484000,424.3387796366936,999
2024-09-20 10:07:27.507000,424.3322854209041,8
2024-09-20 10:07:27.529000,424.3514647462143,99
2024-09-20 10:07:27.594000,424.3427620631801,997
2024-09-20 10:07:27.668000,424.33738257268834,998
2024-09-20 10:07:27.710000,424.3380106920199,14
2024-09-20 10:07:27.728000,424.3323599192176,10
2024-09-20 10:07:27.785000,424.3377948758948,104
2024-09-20 10:07:27.916000,424.3332226142168,999
2024-09-20 10:07:28.076000,424.3345135353956,996
2024-09-20 10:07:28.176000,424.3257379209483,9
2024-09-20 10:07:28.182000,424.303874389787,995
2024-09-20 10:07:28.250000,424.321052883114,997
2024-09-20 10:07:28.269000,424.3194905288168,998
2024-09-20 10:07:28.520000,424.2986289978758,7
2024-09-20 10:07:28.616000,424.2906107027673,7
2024-09-20 10:07:28.663000,424.2928066512384,104
2024-09-20 10:07:28.872000,424.2895853795744,11
2024-09-20 10:07:28.898000,424.32090532074267,101
2024-09-20 10:07:28.905000,424.287621131592,7
2024-09-20 10:07:28.921000,424.31608313909294,95
2024-09-20 10:07:28.992000,424.317443079836,8
2024-09-20 10:07:29.068000,424.4156037153333,10
2024-09-20 10:07:29.075000,424.38675335186986,105
2024-09-20 10:07:29.095000,424.4184772297047,101
2024-09-20 10:07:29.139000,424.39987636550353,6
2024-09-20 10:07:29.186000,424.4091833254473,8
2024-09-20 10:07:29.320000,424.3243613769427,100
2024-09-20 10:07:29.337000,424.3799802424232,1000
2024-09-20 10:07:29.423000,424.33496625393263,999
2024-09-20 10:07:29.433000,424.4135806705529,1000
2024-09-20 10:07:29.509000,424.37149803229727,9
2024-09-20 10:07:29.510000,424.3813454537637,99
2024-09-20 10:07:29.515000,424.3914894009993,1003
2024-09-20 10:07:29.562000,424.40402415462216,97
2024-09-20 10:07:29.568000,424.3330427840942,9
2024-09-20 10:07:29.580000,424.367015046684,14
2024-09-20 10:07:29.673000,424.38779936848766,1003
2024-09-20 10:07:29.705000,424.3279682648731,96
2024-09-20 10:07:29.743000,424.3904372530145,99
2024-09-20 10:07:29.764000,424.3991258075811,998
2024-09-20 10:07:29.767000,424.3972320239053,13
2024-09-20 10:07:29.813000,424.3941589614436,1000
2024-09-20 10:07:29.847000,424.3294992763029,5
2024-09-20 10:07:29.852000,424.32257093797153,99
2024-09-20 10:07:29.854000,424.33323119893817,996
2024-09-20 10:07:30.111000,424.33222422956135,9
2024-09-20 10:07:30.299000,424.3389224245983,996
2024-09-20 10:07:30.314000,424.3514098383507,15
2024-09-20 10:07:30.449000,424.3298184796348,15
2024-09-20 10:07:30.526000,424.3281199206178,996
2024-09-20 10:07:30.810000,424.3401192880916,999
2024-09-20 10:07:31.089000,424.3023873949861,15
2024-09-20 10:07:31.194000,424.31535661965137,1000
2024-09-20 10:07:31.196000,424.3001653229441,1003
2024-09-20 10:07:31.245000,424.3021444205218,15
2024-09-20 10:07:31.278000,424.3151299436032,1001
2024-09-20 10:07:31.298000,424.2918026448651,13
2024-09-20 10:07:31.310000,424.30808454887017,12
2024-09-20 10:07:31.313000,424.29143492249005,10
2024-09-20 10:07:31.423000,424.3166441766061,103
2024-09-20 10:07:31.535000,424.3066586041057,10
2024-09-20 10:07:31.682000,424.2958462222815,101
2024-09-20 10:07:31.806000,424.3031935503678,5
2024-09-20 10:07:31.851000,424.3084812497115,1002
2024-09-20 10:07:31.995000,424.3070878419728,99
2024-09-20 10:07:32.002000,424.4010899644017,7
2024-09-20 10:07:32.048000,424.3379099398655,1005
2024-09-20 10:07:32.241000,424.4215795833733,12
2024-09-20 10:07:32.253000,424.38449533617296,9
2024-09-20 10:07:32.257000,424.3402389813445,7
2024-09-20 10:07:32.338000,424.40840754863694,5
2024-09-20 10:07:32.431000,424.32386239978297,1001
2024-09-20 10:07:32.453000,424.3543544955044,15
2024-09-20 10:07:32.798000,424.311602978844,996
2024-09-20 10:07:32.881000,424.4009871920008,13
2024-09-20 10:07:32.921000,424.41176287488616,95
2024-09-20 10:07:32.950000,424.38368534291504,7
2024-09-20 10:07:32.993000,424.4005954975378,95
2024-09-20 10:07:33.181000,424.4043027033147,97
2024-09-20 10:07:33.456000,424.42455542523055,999
2024-09-20 10:07:33.858000,424.4156829605184,996
2024-09-20 10:07:33.989000,424.3885384452377,1000
2024-09-20 10:07:34.134000,424.3499352022599,102
2024-09-20 10:07:34.266000,424.39283751546697,6
2024-09-20 10:07:34.407000,424.3389112896552,12
2024-09-20 10:07:34.748000,424.3635364176599,95
2024-09-20 10:07:34.765000,424.3412698369472,996
2024-09-20 10:07:34.947000,424.37605522679627,998
2024-09-20 10:07:35.147000,424.3868366971862,12
2024-09-20 10:07:35.273000,424.36033797907146,995
2024-09-20 10:07:35.349000,424.35954564267337,1000
2024-09-20 10:07:35.395000,424.36158157876855,10
2024-09-20 10:07:35.397000,424.3586451607624,1004
2024-09-20 10:07:35.409000,424.381074861674,998
2024-09-20 10:07:35.446000,424.3770441933872,998
2024-09-20 10:07:35.500000,424.3445239159381,1002
2024-09-20 10:07:35.512000,424.3503978766152,9
2024-09-20 10:07:35.580000,424.3770328168875,1003
2024-09-20 10:07:35.592000,424.36148583496737,10
2024-09-20 10:07:35.770000,424.3408450842454,101
2024-09-20 10:07:35.868000,424.35991362676185,99
2024-09-20 10:07:35.944000,424.35764077635326,995
2024-09-20 10:07:35.999000,424.37556235298206,102
2024-09-20 10:07:36.093000,424.37066793339255,5
2024-09-20 10:07:36.159000,424.3999433632182,6
2024-09-20 10:07:36.174000,424.4017201805404,95
2024-09-20 10:07:36.186000,424.3466202998604,6
2024-09-20 10:07:36.187000,424.3604822148933,8
2024-09-20 10:07:36.221000,424.3270549133268,1002
2024-09-20 10:07:36.233000,424.3979455468202,95
2024-09-20 10:07:36.274000,424.35700522857576,1001
2024-09-20 10:07:36.289000,424.334236250769,14
2024-09-20 10:07:36.438000,424.4013858285808,5
2024-09-20 10:07:36.440000,424.3822912640777,995
2024-09-20 10:07:36.459000,424.4043784947712,10
2024-09-20 10:07:36.554000,424.4344519797338,103
2024-09-20 10:07:36.577000,424.4355102260073,98
2024-09-20 10:07:36.579000,424.3911134396217,11
2024-09-20 10:07:36.630000,424.357721373237,97
2024-09-20 10:07:36.631000,424.3601041788704,5
2024-09-20 10:07:36.688000,424.3844511359794,100
2024-09-20 10:07:36.716000,424.34663985202496,1002
2024-09-20 10:07:36.769000,424.41418217530384,98
2024-09-20 10:07:36.782000,424.4131638775655,101
2024-09-20 10:07:36.857000,424.3749703644985,101
2024-09-20 10:07:36.904000,424.3508598336836,1005
2024-09-20 10:07:36.945000,424.4017578704705,1000
2024-09-20 10:07:36.960000,424.3534732189157,97
2024-09-20 10:07:36.994000,424.3666528265832,95
2024-09-20 10:07:37.195000,424.37439213626993,103
2024-09-20 10:07:37.217000,424.3618291202397,15
2024-09-20 10:07:37.237000,424.3638770848124,8
2024-09-20 10:07:37.366000,424.3889052710122,999
2024-09-20 10:07:37.387000,424.3772313201042,998
2024-09-20 10:07:37.394000,424.3899867417492,99
2024-09-20 10:07:37.411000,424.36118064505024,996
2024-09-20 10:07:37.428000,424.3668343725661,5
2024-09-20 10:07:37.447000,424.35669905726667,12
2024-09-20 10:07:37.464000,424.3753452683562,1004
2024-09-20 10:07:37.544000,424.3606609749378,1004
2024-09-20 10:07:37.550000,424.4060373403885,15
2024-09-20 10:07:37.551000,424.3847856076875,14
2024-09-20 10:07:37.642000,424.39838099706094,997
2024-09-20 10:07:37.672000,424.38362097316286,104
2024-09-20 10:07:37.701000,424.36452588505097,1000
2024-09-20 10:07:37.752000,424.3864870533358,1001
2024-09-20 10:07:37.762000,424.3725752536291,995
2024-09-20 10:07:37.842000,424.3656510742212,6
2024-09-20 10:07:37.855000,424.3460307705429,100
2024-09-20 10:07:37.860000,424.4019978801836,95
2024-09-20 10:07:37.879000,424.3700050648315,1005
2024-09-20 10:07:37.886000,424.3598280531445,9
2024-09-20 10:07:37.887000,424.3627422613411,1001
2024-09-20 10:07:37.936000,424.35253720156334,9
2024-09-20 10:07:37.947000,424.3598877240093,1003
2024-09-20 10:07:37.969000,424.3839692629713,95
2024-09-20 10:07:37.975000,424.356122709571,13
2024-09-20 10:07:38.088000,424.4207331130213,998
2024-09-20 10:07:38.307000,424.39160883729534,103
2024-09-20 10:07:38.341000,424.42185103978034,15
2024-09-20 10:07:38.369000,424.430845338047,98
2024-09-20 10:07:38.417000,424.453474597688,1005
2024-09-20 10:07:38.595000,424.44002887069,100
2024-09-20 10:07:38.811000,424.4256474060038,1001
2024-09-20 10:07:38.836000,424.3938642856263,95
2024-09-20 10:07:38.849000,424.43376854116985,1000
2024-09-20 10:07:38.852000,424.4422604889736,1000
2024-09-20 10:07:38.885000,424.4369989235989,999
2024-09-20 10:07:38.919000,424.4310393083359,102
2024-09-20 10:07:38.993000,424.4327942300365,101
2024-09-20 10:07:38.999000,424.4373754355446,998
2024-09-20 10:07:39.092000,424.3290909802512,9
2024-09-20 10:07:39.109000,424.2929819209368,5
2024-09-20 10:07:39.133000,424.3317359340365,13
2024-09-20 10:07:39.225000,424.3536152492096,998
2024-09-20 10:07:39.299000,424.3736614276376,1005
2024-09-20 10:07:39.322000,424.3485114860429,8
2024-09-20 10:07:39.412000,424.3353222989823,8
2024-09-20 10:07:39.433000,424.28580098422543,96
2024-09-20 10:07:39.457000,424.3524785717002,995
2024-09-20 10:07:39.500000,424.35171094077015,98
2024-09-20 10:07:39.502000,424.3980189363737,995
2024-09-20 10:07:39.686000,424.3284014691109,1001
2024-09-20 10:07:39.691000,424.3027198165354,14
2024-09-20 10:07:39.705000,424.388812774892,996
2024-09-20 10:07:39.731000,424.323148987618,101
2024-09-20 10:07:39.734000,424.3272117609785,1005
2024-09-20 10:07:39.744000,424.28212575303394,13
2024-09-20 10:07:39.780000,424.2667303320901,7
2024-09-20 10:07:39.793000,424.3675591613662,5
2024-09-20 10:07:39.851000,424.3671985949914,8
2024-09-20 10:07:39.863000,424.36576636295126,97
2024-09-20 10:07:39.872000,424.3342691130331,9
2024-09-20 10:07:39.918000,424.3007217944882,1004
2024-09-20 10:07:39.925000,424.3477925312615,9
2024-09-20 10:07:40.091000,424.26850113449416,101
2024-09-20 10:07:40.118000,424.3020999189543,104
2024-09-20 10:07:40.171000,424.2681898225836,1004
2024-09-20 10:07:40.216000,424.2569333734315,998
2024-09-20 10:07:40.266000,424.23405195536446,1001
2024-09-20 10:07:40.372000,424.2742190281973,6
2024-09-20 10:07:40.466000,424.255771589948,6
2024-09-20 10:07:40.473000,424.273417502077,997
2024-09-20 10:07:40.479000,424.2895573889088,1000
2024-09-20 10:07:40.510000,424.257623364547,996
2024-09-20 10:07:40.530000,424.2355036430618,97
2024-09-20 10:07:40.535000,424.2583453023913,1004
2024-09-20 10:07:40.561000,424.2676171786696,1005
2024-09-20 10:07:40.586000,424.2573953874473,997
2024-09-20 10:07:40.646000,424.26746242784776,1005
2024-09-20 10:07:40.723000,424.2584836332704,998
2024-09-20 10:07:40.757000,424.2999677038905,95
2024-09-20 10:07:40.810000,424.29686933234416,998
2024-09-20 10:07:40.848000,424.26079375028496,97
2024-09-20 10:07:40.869000,424.30181326858377,105
2024-09-20 10:07:40.889000,424.26390822896064,102
2024-09-20 10:07:40.894000,424.2844569421543,1001
2024-09-20 10:07:40.972000,424.2593356983804,95
2024-09-20 10:07:41.113000,424.2952228509392,103
2024-09-20 10:07:41.134000,424.2847627579633,15
2024-09-20 10:07:41.195000,424.2790040386,105
2024-09-20 10:07:41.543000,424.2880345294101,14
2024-09-20 10:07:41.818000,424.2946610036809,1002
2024-09-20 10:07:41.886000,424.2801525286721,1000
2024-09-20 10:07:42.010000,424.297991399735,9
2024-09-20 10:07:42.037000,424.28539246077,15
2024-09-20 10:07:42.088000,424.29152700665946,1000
2024-09-20 10:07:42.098000,424.2295416696994,97
2024-09-20 10:07:42.116000,424.21892282490455,1000
2024-09-20 10:07:42.119000,424.281722588262,5
2024-09-20 10:07:42.153000,424.2813710907331,1001
2024-09-20 10:07:42.175000,424.2524475482297,104
2024-09-20 10:07:42.280000,424.27420865823655,102
2024-09-20 10:07:42.280000,424.29164573228286,997
2024-09-20 10:07:42.395000,424.2929017457749,96
2024-09-20 10:07:42.421000,424.29310968821136,14
2024-09-20 10:07:42.428000,424.2537437042298,99
2024-09-20 10:07:42.450000,424.2473116424977,104
2024-09-20 10:07:42.484000,424.29055239427777,1005
2024-09-20 10:07:42.524000,424.21795933167215,95
2024-09-20 10:07:42.584000,424.2476193225461,1000
2024-09-20 10:07:42.636000,424.30743542508,8
2024-09-20 10:07:42.676000,424.2828316589538,97
2024-09-20 10:07:42.712000,424.27493644041385,9
2024-09-20 10:07:42.726000,424.2043925523893,8
2024-09-20 10:07:42.729000,424.2593362138799,103
2024-09-20 10:07:42.734000,424.2753707598212,7
2024-09-20 10:07:42.800000,424.2655962289251,102
2024-09-20 10:07:42.880000,424.3026294170113,6
2024-09-20 10:07:42.948000,424.2257817400645,996
2024-09-20 10:07:42.973000,424.2789169707796,97
2024-09-20 10:07:42.979000,424.2126998764468,99
2024-09-20 10:07:43.123000,424.2327696044629,13
2024-09-20 10:07:43.285000,424.2146982694948,1003
2024-09-20 10:07:43.438000,424.2407820393884,103
2024-09-20 10:07:43.531000,424.2240992314075,998
2024-09-20 10:07:43.535000,424.2132303933474,96
2024-09-20 10:07:43.682000,424.2039015262577,15
2024-09-20 10:07:43.821000,424.2152247203359,1005
2024-09-20 10:07:43.860000,424.2328762230013,95
2024-09-20 10:07:44.009000,424.1995126793057,996
2024-09-20 10:07:44.078000,424.19786517085566,7
2024-09-20 10:07:44.123000,424.1756636974372,1003
2024-09-20 10:07:44.242000,424.1934295116567,15
2024-09-20 10:07:44.269000,424.2157061052926,99
2024-09-20 10:07:44.301000,424.21284455127295,1004
2024-09-20 10:07:44.390000,424.1771506057915,105
2024-09-20 10:07:44.404000,424.1981570816656,998
2024-09-20 10:07:44.422000,424.205524932759,104
2024-09-20 10:07:44.519000,424.2060636123208,100
2024-09-20 10:07:44.657000,424.2227380028972,102
2024-09-20 10:07:44.757000,424.1761369512147,96
2024-09-20 10:07:44.859000,424.1976802190654,998
2024-09-20 10:07:44.885000,424.197899578685,13
2024-09-20 10:07:44.924000,424.1584440314102,997
2024-09-20 10:07:44.935000,424.1565371045134,97
2024-09-20 10:07:45.011000,424.1928220172474,1003
2024-09-20 10:07:45.152000,424.1927343001524,105
2024-09-20 10:07:45.192000,424.216740292174,1001
2024-09-20 10:07:45.261000,424.2071226508653,996
2024-09-20 10:07:45.435000,424.20350406908153,96
2024-09-20 10:07:45.522000,424.1926788913751,10
2024-09-20 10:07:45.583000,424.1775221688175,7
2024-09-20 10:07:45.599000,424.18494475771087,999
2024-09-20 10:07:45.885000,424.20463796963,102
2024-09-20 10:07:45.957000,424.19857623089575,1001
2024-09-20 10:07:46.004000,424.1099918402055,14
2024-09-20 10:07:46.052000,424.104650445375,8
2024-09-20 10:07:46.054000,424.1117938188317,104
2024-09-20 10:07:46.104000,424.15679754756025,996
2024-09-20 10:07:46.162000,424.1299499469697,11
2024-09-20 10:07:46.191000,424.0947806591886,98
2024-09-20 10:07:46.266000,424.1386130229248,1005
2024-09-20 10:07:46.304000,424.1108329554201,1001
2024-09-20 10:07:46.394000,424.1204126234373,96
2024-09-20 10:07:46.485000,424.1070025397389,1000
2024-09-20 10:07:46.581000,424.1169655076065,96
2024-09-20 10:07:46.603000,424.1103718138357,1000
2024-09-20 10:07:46.609000,424.17712882201215,15
2024-09-20 10:07:46.645000,424.10891407336334,97
2024-09-20 10:07:46.682000,424.1153241888613,105
2024-09-20 10:07:46.698000,424.1042042825746,1003
2024-09-20 10:07:46.780000,424.1265787955791,995
2024-09-20 10:07:46.817000,424.1516590041453,97
2024-09-20 10:07:46.906000,424.118670765659,104
2024-09-20 10:07:46.932000,424.1656139374397,999
2024-09-20 10:07:46.994000,424.10851353319856,1001
2024-09-20 10:07:47.096000,424.0918803854362,101
2024-09-20 10:07:47.163000,424.0952033995949,102
2024-09-20 10:07:47.225000,424.117865812344,103
2024-09-20 10:07:47.310000,424.07577938732464,997
2024-09-20 10:07:47.399000,424.1124252124917,5
2024-09-20 10:07:47.431000,424.1264820108198,15
2024-09-20 10:07:47.486000,424.1053787716836,96
2024-09-20 10:07:47.517000,424.0972280003329,999
2024-09-20 10:07:47.672000,424.104945880499,6
2024-09-20 10:07:47.731000,424.11018287834617,99
2024-09-20 10:07:47.791000,424.10517811972846,9
2024-09-20 10:07:47.954000,424.125405241051,6
2024-09-20 10:07:47.992000,424.0811976670582,998
2024-09-20 10:07:48.942000,424.0807948985856,103
2024-09-20 10:07:48.996000,424.1067403040099,101
2024-09-20 10:07:49.412000,424.1026335114524,105
2024-09-20 10:07:49.877000,424.10390826846464,8
2024-09-20 10:07:50.089000,424.14772974622457,1001
2024-09-20 10:07:50.092000,424.10052312990535,8
2024-09-20 10:07:50.248000,424.1675925192986,995
2024-09-20 10:07:50.251000,424.1190447906768,996
2024-09-20 10:07:50.266000,424.11894542378417,98
2024-09-20 10:07:50.355000,424.1170355307533,5
2024-09-20 10:07:50.443000,424.1792843220076,96
2024-09-20 10:07:50.498000,424.1180903794559,997
2024-09-20 10:07:50.519000,424.15988433755126,1002
2024-09-20 10:07:50.523000,424.1070875885103,1000
2024-09-20 10:07:50.529000,424.175643768308,5
2024-09-20 10:07:50.544000,424.1876377595268,96
2024-09-20 10:07:50.593000,424.113407176041,13
2024-09-20 10:07:50.594000,424.16927288190055,102
2024-09-20 10:07:50.622000,424.1914883178548,97
2024-09-20 10:07:50.623000,424.1105389994847,12
2024-09-20 10:07:50.656000,424.1158426355236,103
2024-09-20 10:07:50.667000,424.1382240389704,10
2024-09-20 10:07:50.690000,424.1360193783476,9
2024-09-20 10:07:50.809000,424.1654186667861,105
2024-09-20 10:07:50.818000,424.1240006648735,11
2024-09-20 10:07:50.832000,424.1972040724677,1000
2024-09-20 10:07:50.868000,424.1584115971968,101
2024-09-20 10:07:50.872000,424.17633887067024,6
2024-09-20 10:07:50.941000,424.1877684967689,9
2024-09-20 10:07:50.968000,424.1133765831395,1003
2024-09-20 10:07:50.969000,424.18986546660045,996
2024-09-20 10:07:51.022000,424.2142639262499,1004
2024-09-20 10:07:51.024000,424.18796051398766,999
2024-09-20 10:07:51.025000,424.163238477422,10
2024-09-20 10:07:51.065000,424.1748044127553,13
2024-09-20 10:07:51.080000,424.2237479826048,103
2024-09-20 10:07:51.127000,424.2224965014102,98
2024-09-20 10:07:51.139000,424.1464559943725,11
2024-09-20 10:07:51.174000,424.1474173953042,1000
2024-09-20 10:07:51.352000,424.1295592331769,9
2024-09-20 10:07:51.366000,424.1441773207818,1001
2024-09-20 10:07:51.379000,424.1491642294624,11
2024-09-20 10:07:51.401000,424.2227619250533,10
2024-09-20 10:07:51.409000,424.2357488526387,101
2024-09-20 10:07:51.416000,424.2160383860007,1004
2024-09-20 10:07:51.435000,424.15744113519816,1005
2024-09-20 10:07:51.540000,424.1562246219768,13
2024-09-20 10:07:51.547000,424.2222364677294,995
2024-09-20 10:07:51.563000,424.1651670507483,1004
2024-09-20 10:07:51.625000,424.2004813946952,998
2024-09-20 10:07:51.636000,424.1310158418689,995
2024-09-20 10:07:51.724000,424.1461623448447,105
2024-09-20 10:07:51.796000,424.224356819268,14
2024-09-20 10:07:51.950000,424.16510407977097,6
2024-09-20 10:07:52.061000,424.1898510811435,14
2024-09-20 10:07:52.131000,424.2051287368801,995
2024-09-20 10:07:52.161000,424.194170847791,1000
2024-09-20 10:07:52.260000,424.18594083690425,9
2024-09-20 10:07:52.295000,424.1878185245093,95
2024-09-20 10:07:52.305000,424.1922524039552,98
2024-09-20 10:07:52.465000,424.19428618171946,12
2024-09-20 10:07:52.697000,424.18584462513206,1002
2024-09-20 10:07:52.737000,424.17758248996086,97
2024-09-20 10:07:52.802000,424.17877383824,10
2024-09-20 10:07:52.856000,424.204197233416,98
2024-09-20 10:07:52.862000,424.1862901367452,99
2024-09-20 10:07:52.995000,424.1933229698874,999
2024-09-20 10:07:53.015000,424.1519809415508,1000
2024-09-20 10:07:53.168000,424.08021313112863,105
2024-09-20 10:07:53.298000,424.1474503236967,8
2024-09-20 10:07:53.361000,424.16180113264215,97
2024-09-20 10:07:53.390000,424.1673425149288,8
2024-09-20 10:07:53.427000,424.1482826274133,8
2024-09-20 10:07:53.430000,424.18899705533534,1002
2024-09-20 10:07:53.497000,424.1203132847139,15
2024-09-20 10:07:53.542000,424.082842811972,103
2024-09-20 10:07:53.556000,424.1595084102045,7
2024-09-20 10:07:53.575000,424.0799020616067,14
2024-09-20 10:07:53.631000,424.167513315137,12
2024-09-20 10:07:53.718000,424.1199338461673,5
2024-09-20 10:07:53.840000,424.1489189986797,995
2024-09-20 10:07:53.916000,424.1081029214312,1000
2024-09-20 10:07:53.917000,424.1175050313138,995
2024-09-20 10:07:53.922000,424.17422942395,10
2024-09-20 10:07:53.961000,424.0921017439664,98
2024-09-20 10:07:54.403000,424.0917475445989,999
2024-09-20 10:07:54.651000,424.1065622171096,104
2024-09-20 10:07:55.015000,423.9825584880928,99
2024-09-20 10:07:55.025000,423.92316212191423,1003
2024-09-20 10:07:55.044000,424.0165013585536,98
2024-09-20 10:07:55.108000,423.92688699421126,1002
2024-09-20 10:07:55.122000,423.9224376951497,104
2024-09-20 10:07:55.174000,423.9385444972832,12
2024-09-20 10:07:55.221000,424.0408670450784,99
2024-09-20 10:07:55.310000,423.9540461405295,10
2024-09-20 10:07:55.348000,423.9346778968426,104
2024-09-20 10:07:55.504000,424.0404350580053,104
2024-09-20 10:07:55.587000,424.10163639733935,1004
2024-09-20 10:07:55.605000,424.0796114542408,1004
2024-09-20 10:07:55.606000,423.9200859679276,102
2024-09-20 10:07:55.664000,424.0045542512607,1001
2024-09-20 10:07:55.676000,423.9403762618891,102
2024-09-20 10:07:55.693000,424.0715521930368,98
2024-09-20 10:07:55.710000,423.9983636395555,96
2024-09-20 10:07:55.863000,423.9106314660333,6
2024-09-20 10:07:55.887000,424.0145100277746,1000
2024-09-20 10:07:55.914000,424.0631124934786,100
2024-09-20 10:07:55.937000,423.9908466838507,13
2024-09-20 10:07:55.937000,424.1002011856493,1002
2024-09-20 10:07:55.943000,424.0080982607988,96
2024-09-20 10:07:55.965000,424.0389347667893,14
2024-09-20 10:07:55.977000,423.9892829608741,103
2024-09-20 10:07:55.978000,424.05924736937385,996
2024-09-20 10:07:56.036000,423.939319086366,1002
2024-09-20 10:07:56.084000,423.9913152811394,105
2024-09-20 10:07:56.106000,423.9947717266004,5
2024-09-20 10:07:56.123000,423.98434615922287,8
2024-09-20 10:07:56.174000,424.0101472340631,98
2024-09-20 10:07:56.175000,423.992327014662,11
2024-09-20 10:07:56.197000,423.9888615117766,99
2024-09-20 10:07:56.215000,423.99635779200617,1001
2024-09-20 10:07:56.236000,423.9333625708189,7
2024-09-20 10:07:56.261000,423.92474615783067,12
2024-09-20 10:07:56.271000,423.98050542958856,9
2024-09-20 10:07:56.293000,423.9748148672805,14
2024-09-20 10:07:56.331000,423.9971518541426,998
2024-09-20 10:07:56.369000,423.93937308099737,97
2024-09-20 10:07:56.494000,423.9693829065702,99
2024-09-20 10:07:56.508000,423.95465939143065,99
2024-09-20 10:07:56.555000,423.9774722608293,7
2024-09-20 10:07:56.568000,423.9962044813987,995
2024-09-20 10:07:56.646000,423.9380003613456,999
2024-09-20 10:07:56.704000,423.9772553673944,996
2024-09-20 10:07:56.706000,423.9878410682125,1005
2024-09-20 10:07:56.709000,423.99905960010966,96
2024-09-20 10:07:56.727000,423.9714609769471,1003
2024-09-20 10:07:56.732000,423.9748675369455,103
2024-09-20 10:07:56.832000,423.97727636098455,1005
2024-09-20 10:07:56.878000,423.9509518380967,999
2024-09-20 10:07:56.879000,423.9563413050854,102
2024-09-20 10:07:56.903000,423.9930880743384,998
2024-09-20 10:07:56.977000,423.9939262288427,95
2024-09-20 10:07:57.006000,423.953683236062,8
2024-09-20 10:07:57.009000,423.9064633150555,1000
2024-09-20 10:07:57.211000,423.9627775321235,996
2024-09-20 10:07:57.212000,423.9028066398556,8
2024-09-20 10:07:57.234000,423.9727304036781,7
2024-09-20 10:07:57.273000,423.9480798426394,98
2024-09-20 10:07:57.282000,423.96013506210846,96
2024-09-20 10:07:57.298000,423.94210497071913,100
2024-09-20 10:07:57.390000,423.9445912559896,100
2024-09-20 10:07:57.639000,423.8934885855768,8
2024-09-20 10:07:57.673000,423.96203698746615,11
2024-09-20 10:07:57.683000,423.9081876665854,5
2024-09-20 10:07:57.736000,423.9358502179909,11
2024-09-20 10:07:57.809000,423.924250065608,1000
2024-09-20 10:07:57.833000,423.9115309998449,1005
2024-09-20 10:07:57.848000,423.950080980581,95
2024-09-20 10:07:57.880000,423.9508459800117,999
2024-09-20 10:07:57.937000,423.9238324852696,1003
2024-09-20 10:07:57.981000,423.89032741086567,996
2024-09-20 10:07:58,423.8490551486222,997
2024-09-20 10:07:58.022000,423.9098518281388,98
2024-09-20 10:07:58.048000,423.8670380369156,1000
2024-09-20 10:07:58.062000,423.8609496676924,101
2024-09-20 10:07:58.127000,423.86678959417424,1003
2024-09-20 10:07:58.131000,423.8811844289811,101
2024-09-20 10:07:58.149000,423.85983517478144,96
2024-09-20 10:07:58.188000,423.8225674848212,9
2024-09-20 10:07:58.201000,423.84695049025896,103
2024-09-20 10:07:58.276000,423.8696133542084,96
2024-09-20 10:07:58.351000,423.83388707592167,8
2024-09-20 10:07:58.418000,423.8588149355147,14
2024-09-20 10:07:58.439000,423.86510593287625,8
2024-09-20 10:07:58.488000,423.8991677903898,1002
2024-09-20 10:07:58.498000,423.85364041235664,8
2024-09-20 10:07:58.620000,423.8331033015774,11
2024-09-20 10:07:58.649000,423.8423097330904,996
2024-09-20 10:07:58.677000,423.86620173883625,997
2024-09-20 10:07:58.701000,423.8313472246783,6
2024-09-20 10:07:58.709000,423.8433513995413,100
2024-09-20 10:07:58.712000,423.86282692022695,96
2024-09-20 10:07:58.727000,423.8205318758952,100
2024-09-20 10:07:58.799000,423.85534270701146,100
2024-09-20 10:07:58.805000,423.8513986270908,11
2024-09-20 10:07:58.821000,423.84322261827685,10
2024-09-20 10:07:58.826000,423.84774604384313,98
2024-09-20 10:07:58.874000,423.84994587238174,14
2024-09-20 10:07:58.943000,423.8906560851578,103
2024-09-20 10:07:59.050000,423.84288911488767,9
2024-09-20 10:07:59.078000,423.84156834133233,1001
2024-09-20 10:07:59.145000,423.8361748044763,1003
2024-09-20 10:07:59.317000,423.9229489019959,102
2024-09-20 10:07:59.353000,423.9205294323484,1003
2024-09-20 10:07:59.426000,423.9268872490024,11
2024-09-20 10:07:59.435000,423.8199050639709,99
2024-09-20 10:07:59.462000,423.8508521503024,11
2024-09-20 10:07:59.570000,423.8623405779035,103
2024-09-20 10:07:59.619000,423.8500891873433,11
2024-09-20 10:07:59.631000,423.8367221515158,8
2024-09-20 10:07:59.675000,423.9125292790529,9
2024-09-20 10:07:59.717000,423.93167695302446,15
2024-09-20 10:07:59.750000,423.9193835689651,997
2024-09-20 10:07:59.795000,423.9149419851118,1001
2024-09-20 10:07:59.838000,423.8451625060487,104
2024-09-20 10:07:59.863000,423.833685334188,102
2024-09-20 10:07:59.919000,423.9089169574319,999
2024-09-20 10:07:59.938000,423.91498949941575,105
2024-09-20 10:07:59.950000,423.88638065923766,1005
2024-09-20 10:07:59.973000,423.8299250450314,103
2024-09-20 10:07:59.975000,423.8208631871059,995
2024-09-20 10:07:59.993000,423.91330563027975,1005
