Timestamp,Price,Size
2024-09-20 15:56:00.082000,424.2493112927132,98
2024-09-20 15:56:00.090000,429.9723370474148,99
2024-09-20 15:56:01.036000,429.8933003110668,1000
2024-09-20 15:56:01.047000,429.8898298710342,7
2024-09-20 15:56:01.058000,429.8967956021172,7
2024-09-20 15:56:01.066000,429.9152738372173,1003
2024-09-20 15:56:01.085000,429.9679500840869,96
2024-09-20 15:56:01.163000,429.9156712080192,15
2024-09-20 15:56:01.191000,429.8856843245538,6
2024-09-20 15:56:01.211000,429.90352484277776,997
2024-09-20 15:56:01.241000,429.88439943170914,14
2024-09-20 15:56:01.259000,429.9123366173882,995
2024-09-20 15:56:01.376000,429.96456875838936,1005
2024-09-20 15:56:01.381000,429.88517948659,12
2024-09-20 15:56:01.381000,429.8854426475792,15
2024-09-20 15:56:01.454000,429.9436212104608,1003
2024-09-20 15:56:01.507000,429.9180375014309,101
2024-09-20 15:56:01.581000,429.90776384680487,100
2024-09-20 15:56:01.605000,429.9050062748684,97
2024-09-20 15:56:01.645000,429.8912963302273,997
2024-09-20 15:56:01.663000,429.9324960313602,9
2024-09-20 15:56:01.700000,429.8994233813515,7
2024-09-20 15:56:01.718000,429.97420699801415,5
2024-09-20 15:56:01.761000,429.9152177724392,15
2024-09-20 15:56:01.770000,429.9049376063505,999
2024-09-20 15:56:01.782000,429.87512676952383,1002
2024-09-20 15:56:01.867000,429.9150196234097,11
2024-09-20 15:56:02.517000,429.9123824235458,5
2024-09-20 15:56:03.036000,429.9350310693512,105
2024-09-20 15:56:03.075000,429.87511016558426,105
2024-09-20 15:56:03.168000,429.8759341905003,96
2024-09-20 15:56:03.177000,429.92571898992327,1000
2024-09-20 15:56:03.178000,429.893390809265,96
2024-09-20 15:56:03.181000,429.88824320003886,1004
2024-09-20 15:56:03.191000,429.900502510765,12
2024-09-20 15:56:03.195000,424.2796528197995,1000
2024-09-20 15:56:03.236000,429.9033604773293,98
2024-09-20 15:56:03.246000,429.894415641874,102
2024-09-20 15:56:03.290000,429.9254172322183,997
2024-09-20 15:56:03.303000,429.8702373908421,7
2024-09-20 15:56:03.307000,429.918291207359,99
2024-09-20 15:56:03.360000,429.8773405257599,998
2024-09-20 15:56:03.598000,429.9145583955916,1000
2024-09-20 15:56:03.635000,429.8832782447882,100
2024-09-20 15:56:03.678000,429.8732541069397,103
2024-09-20 15:56:03.742000,429.9081570952287,8
2024-09-20 15:56:03.757000,429.8799481956156,996
2024-09-20 15:56:03.773000,429.93242153884296,12
2024-09-20 15:56:03.818000,429.8966586028866,1002
2024-09-20 15:56:03.889000,429.8837773244165,1001
2024-09-20 15:56:03.901000,429.8824189701904,11
2024-09-20 15:56:03.908000,429.8833424205228,101
2024-09-20 15:56:03.964000,429.8735887294966,100
2024-09-20 15:56:03.976000,429.8824830721303,105
2024-09-20 15:56:04.020000,429.89156883443553,97
2024-09-20 15:56:04.056000,429.8434716412507,7
2024-09-20 15:56:04.093000,429.9256868706965,101
2024-09-20 15:56:04.100000,429.8807839192434,995
2024-09-20 15:56:04.147000,429.89212878488206,1001
2024-09-20 15:56:04.182000,429.9204625670095,6
2024-09-20 15:56:04.193000,429.9026513349696,1002
2024-09-20 15:56:04.300000,429.8540137002796,104
2024-09-20 15:56:04.314000,429.9162708058458,5
2024-09-20 15:56:04.371000,429.90806822523854,6
2024-09-20 15:56:04.441000,429.8546180761844,104
2024-09-20 15:56:04.442000,429.8603360408408,996
2024-09-20 15:56:04.593000,429.8663105670973,13
2024-09-20 15:56:04.596000,429.8831317189045,997
2024-09-20 15:56:04.612000,429.8809745706107,1003
2024-09-20 15:56:04.639000,429.8889858903087,10
2024-09-20 15:56:04.646000,429.8499176977428,103
2024-09-20 15:56:04.681000,429.8786273979781,5
2024-09-20 15:56:04.708000,429.917228216555,11
2024-09-20 15:56:04.798000,429.8423446331465,100
2024-09-20 15:56:04.805000,429.9096600793909,96
2024-09-20 15:56:04.965000,429.90549357550856,11
2024-09-20 15:56:04.977000,429.8609694506925,99
2024-09-20 15:56:05.181000,429.9156206469385,99
2024-09-20 15:56:05.615000,429.9088748962862,996
2024-09-20 15:56:05.833000,429.91485128289327,13
2024-09-20 15:56:06.034000,429.897042356654,95
2024-09-20 15:56:06.406000,429.89860751523537,9
2024-09-20 15:56:06.498000,429.9162746037957,14
2024-09-20 15:56:06.517000,429.9002175422207,8
2024-09-20 15:56:06.705000,429.8853333232526,1004
2024-09-20 15:56:06.977000,429.90252200597087,1002
2024-09-20 15:56:07.005000,429.826748351357,999
2024-09-20 15:56:07.049000,429.8987104134267,12
2024-09-20 15:56:07.071000,429.843248742157,1000
2024-09-20 15:56:07.123000,429.9088626516847,1004
2024-09-20 15:56:07.125000,429.84498319276736,1002
2024-09-20 15:56:07.165000,429.8349829083463,103
2024-09-20 15:56:07.192000,429.8372254671536,105
2024-09-20 15:56:07.233000,429.8474654440403,103
2024-09-20 15:56:07.235000,429.83962436982085,995
2024-09-20 15:56:07.264000,429.8905312527212,1004
2024-09-20 15:56:07.276000,429.8423595722067,15
2024-09-20 15:56:07.375000,429.84985136853015,14
2024-09-20 15:56:07.386000,429.83966441388833,1003
2024-09-20 15:56:07.553000,429.8704217509701,105
2024-09-20 15:56:07.567000,429.8342035193826,996
2024-09-20 15:56:07.611000,429.8263297751527,1003
2024-09-20 15:56:07.749000,429.84822918675474,14
2024-09-20 15:56:07.812000,429.85871418661634,996
2024-09-20 15:56:07.866000,429.8502987682996,8
2024-09-20 15:56:08.041000,429.8491954630648,999
2024-09-20 15:56:08.887000,429.8444742713762,99
2024-09-20 15:56:08.926000,429.8476600908068,101
2024-09-20 15:56:09.534000,429.8577738014773,1003
2024-09-20 15:56:09.575000,429.85509977015016,10
2024-09-20 15:56:09.585000,429.8485619936685,97
2024-09-20 15:56:09.731000,429.8561308073601,10
2024-09-20 15:56:09.817000,429.85685507039386,102
2024-09-20 15:56:09.907000,429.8586290504468,1001
2024-09-20 15:56:10.145000,429.851856659564,13
2024-09-20 15:56:10.159000,429.8578221989271,95
2024-09-20 15:56:10.186000,429.8630360555279,1001
2024-09-20 15:56:10.199000,429.8602836963834,9
2024-09-20 15:56:10.201000,429.8522724220551,99
2024-09-20 15:56:10.227000,429.8685475998036,1002
2024-09-20 15:56:10.239000,429.8513189458913,12
2024-09-20 15:56:10.245000,429.8666120617435,1002
2024-09-20 15:56:10.320000,429.8549095554312,102
2024-09-20 15:56:10.459000,429.8443433788178,10
2024-09-20 15:56:10.575000,429.8606974210069,100
2024-09-20 15:56:10.984000,429.833715136317,96
2024-09-20 15:56:11.085000,429.8563662883659,101
2024-09-20 15:56:11.089000,429.8538473573969,8
2024-09-20 15:56:11.108000,429.8792087918046,1004
2024-09-20 15:56:11.113000,429.8580001722641,13
2024-09-20 15:56:11.119000,429.8650080519333,98
2024-09-20 15:56:11.145000,429.8677815483517,102
2024-09-20 15:56:11.173000,429.85859413820606,102
2024-09-20 15:56:11.176000,429.8441581270101,997
2024-09-20 15:56:11.186000,429.8683039314967,99
2024-09-20 15:56:11.215000,429.834299463066,998
2024-09-20 15:56:11.281000,429.84719263587647,99
2024-09-20 15:56:11.327000,429.85919026502256,5
2024-09-20 15:56:11.398000,429.8649753082233,105
2024-09-20 15:56:11.449000,429.8656233420013,5
2024-09-20 15:56:11.466000,429.876177921622,97
2024-09-20 15:56:11.518000,429.8468152031867,102
2024-09-20 15:56:11.521000,429.8674292262506,10
2024-09-20 15:56:11.542000,429.8771398935439,13
2024-09-20 15:56:11.709000,429.87880134260337,97
2024-09-20 15:56:11.755000,429.8691039542314,95
2024-09-20 15:56:11.764000,429.84500513373615,9
2024-09-20 15:56:11.793000,429.848612590703,1002
2024-09-20 15:56:11.832000,429.8724483867976,999
2024-09-20 15:56:11.874000,429.8717374645975,6
2024-09-20 15:56:11.893000,429.8791542702169,7
2024-09-20 15:56:11.994000,429.8331773484611,997
2024-09-20 15:56:12.011000,429.7691813908821,998
2024-09-20 15:56:12.126000,429.8171534021864,6
2024-09-20 15:56:12.145000,429.7913313079094,1001
2024-09-20 15:56:12.190000,429.7987846935536,13
2024-09-20 15:56:12.196000,429.7771201660927,14
2024-09-20 15:56:12.207000,429.8445687319907,14
2024-09-20 15:56:12.232000,429.8001096578722,1003
2024-09-20 15:56:12.234000,429.7827540101896,5
2024-09-20 15:56:12.297000,429.8219681601928,5
2024-09-20 15:56:12.333000,429.8429027899851,995
2024-09-20 15:56:12.342000,429.7736263653263,6
2024-09-20 15:56:12.347000,429.8599727002645,95
2024-09-20 15:56:12.376000,429.8075509518257,102
2024-09-20 15:56:12.400000,429.84178024123565,12
2024-09-20 15:56:12.453000,429.78235397389807,105
2024-09-20 15:56:12.507000,429.78580414201696,1002
2024-09-20 15:56:12.594000,429.84575808327895,99
2024-09-20 15:56:12.603000,429.81380296002175,15
2024-09-20 15:56:12.639000,429.7623915318573,100
2024-09-20 15:56:12.687000,429.7834998885979,6
2024-09-20 15:56:12.731000,429.8519086490031,998
2024-09-20 15:56:12.760000,429.80373474257925,103
2024-09-20 15:56:12.807000,429.7930318187855,1001
2024-09-20 15:56:12.864000,429.77917080139775,1004
2024-09-20 15:56:12.959000,429.8055384850929,98
2024-09-20 15:56:13.046000,429.7334432713407,104
2024-09-20 15:56:13.162000,429.7281833449827,1002
2024-09-20 15:56:13.187000,429.7816819256745,1000
2024-09-20 15:56:13.349000,429.7868552406368,15
2024-09-20 15:56:13.537000,429.7420415776305,105
2024-09-20 15:56:13.593000,429.77737045015095,98
2024-09-20 15:56:13.624000,429.7749788530521,1005
2024-09-20 15:56:13.646000,429.7785223896439,7
2024-09-20 15:56:13.687000,429.7703933600173,999
2024-09-20 15:56:13.738000,429.7413786748299,5
2024-09-20 15:56:13.754000,429.7455386621908,13
2024-09-20 15:56:13.858000,429.7341742487207,99
2024-09-20 15:56:13.870000,429.7459093661965,95
2024-09-20 15:56:13.875000,429.72041029134834,101
2024-09-20 15:56:13.910000,429.7688295457539,99
2024-09-20 15:56:13.929000,429.73805854752806,996
2024-09-20 15:56:13.939000,429.7670830565807,1002
2024-09-20 15:56:13.967000,429.7931583536139,98
2024-09-20 15:56:14.161000,429.7427755582496,7
2024-09-20 15:56:14.469000,429.7391564520646,11
2024-09-20 15:56:15.017000,429.75729723267153,7
2024-09-20 15:56:15.284000,429.789778223345,9
2024-09-20 15:56:15.535000,429.78277788605885,96
2024-09-20 15:56:15.662000,429.79570460135534,12
2024-09-20 15:56:15.683000,429.80295265935206,7
2024-09-20 15:56:15.901000,429.7567964304448,100
2024-09-20 15:56:15.906000,429.7604164580621,105
2024-09-20 15:56:15.906000,429.77436889120327,997
2024-09-20 15:56:15.963000,429.7809226625693,15
2024-09-20 15:56:16.166000,429.7398075404877,997
2024-09-20 15:56:16.168000,429.7080891748421,10
2024-09-20 15:56:16.173000,429.7554604176679,1003
2024-09-20 15:56:16.177000,429.7304298154119,96
2024-09-20 15:56:16.184000,429.7274857117015,11
2024-09-20 15:56:16.212000,424.3932839531487,999
2024-09-20 15:56:16.242000,429.783231500584,100
2024-09-20 15:56:16.245000,429.7986797641088,105
2024-09-20 15:56:16.282000,429.7429008334345,10
2024-09-20 15:56:16.282000,429.75737249137273,10
2024-09-20 15:56:16.288000,429.77382175628736,1002
2024-09-20 15:56:16.296000,429.7344153945921,105
2024-09-20 15:56:16.453000,429.8082443547914,11
2024-09-20 15:56:16.464000,429.7439895240185,98
2024-09-20 15:56:16.471000,429.736225714121,102
2024-09-20 15:56:16.497000,429.78657490557015,12
2024-09-20 15:56:16.560000,429.7374829901093,1004
2024-09-20 15:56:16.652000,429.77962800359376,95
2024-09-20 15:56:16.668000,429.73460484465807,12
2024-09-20 15:56:16.669000,429.7857225556769,995
2024-09-20 15:56:16.710000,429.7115950255716,97
2024-09-20 15:56:16.878000,429.7412077491824,999
2024-09-20 15:56:16.899000,429.77063382400775,97
2024-09-20 15:56:16.903000,429.735908571756,105
2024-09-20 15:56:16.948000,429.7768063009706,1004
2024-09-20 15:56:16.999000,429.8032953028265,999
2024-09-20 15:56:17.013000,429.7152737463965,14
2024-09-20 15:56:17.020000,429.819743021679,1005
2024-09-20 15:56:17.073000,429.8378606012575,103
2024-09-20 15:56:17.078000,429.823633743496,100
2024-09-20 15:56:17.097000,429.77857166798873,97
2024-09-20 15:56:17.166000,429.82637641337385,1004
2024-09-20 15:56:17.282000,429.82513698518346,1004
2024-09-20 15:56:17.286000,429.8288379435991,1003
2024-09-20 15:56:17.339000,429.7195987484065,7
2024-09-20 15:56:17.348000,429.8733138108509,998
2024-09-20 15:56:17.410000,429.8133157806445,95
2024-09-20 15:56:17.487000,429.7005232583504,95
2024-09-20 15:56:17.489000,429.81841703696176,1002
2024-09-20 15:56:17.493000,429.7274335787818,97
2024-09-20 15:56:17.512000,429.71613707869886,102
2024-09-20 15:56:17.692000,429.713810908608,11
2024-09-20 15:56:17.746000,429.8419254791456,10
2024-09-20 15:56:17.748000,429.8106454774016,99
2024-09-20 15:56:17.754000,429.7883355734215,100
2024-09-20 15:56:17.872000,429.8818227112517,9
2024-09-20 15:56:17.913000,429.7595145800958,1004
2024-09-20 15:56:17.918000,429.70864239584,1000
2024-09-20 15:56:17.918000,429.8290607673901,102
2024-09-20 15:56:17.999000,429.730903085167,101
2024-09-20 15:56:18.095000,429.89851644331577,8
2024-09-20 15:56:18.799000,429.89319274162295,7
2024-09-20 15:56:19.220000,429.91090416912976,1000
2024-09-20 15:56:19.351000,429.91523886235694,9
2024-09-20 15:56:19.426000,429.8965633154749,995
2024-09-20 15:56:19.638000,429.88185783266863,9
2024-09-20 15:56:20.174000,429.903448887867,101
2024-09-20 15:56:20.323000,429.8253943182016,1000
2024-09-20 15:56:20.339000,429.8672167573752,104
2024-09-20 15:56:20.400000,429.8602339827845,13
2024-09-20 15:56:20.415000,429.8913256818298,95
2024-09-20 15:56:20.434000,429.9167591267375,1003
2024-09-20 15:56:20.558000,429.92563801456606,103
2024-09-20 15:56:20.562000,429.8634445758481,9
2024-09-20 15:56:20.627000,429.87940887565793,15
2024-09-20 15:56:20.671000,429.87501477748486,104
2024-09-20 15:56:20.775000,429.8574809311037,10
2024-09-20 15:56:20.789000,429.8288272849501,14
2024-09-20 15:56:20.829000,429.8479241624512,14
2024-09-20 15:56:20.875000,429.8698550671312,15
2024-09-20 15:56:20.978000,429.9026379603866,11
2024-09-20 15:56:21.265000,429.85487667270166,11
2024-09-20 15:56:21.276000,429.8336572387141,14
2024-09-20 15:56:21.308000,429.8526820999887,1003
2024-09-20 15:56:21.313000,429.8515958076104,95
2024-09-20 15:56:21.347000,424.4371736186704,14
2024-09-20 15:56:21.492000,429.84531939917366,104
2024-09-20 15:56:21.828000,429.8406494302243,5
2024-09-20 15:56:21.857000,429.8284257308039,14
2024-09-20 15:56:21.975000,429.8380495214552,99
2024-09-20 15:56:23.014000,429.8094331179418,103
2024-09-20 15:56:23.051000,429.83020987258783,6
2024-09-20 15:56:23.095000,429.838447661345,998
2024-09-20 15:56:23.387000,429.85805726407983,1005
2024-09-20 15:56:23.499000,429.8480416978166,105
2024-09-20 15:56:23.502000,429.8354720721418,103
2024-09-20 15:56:23.774000,429.83567682128665,8
2024-09-20 15:56:23.813000,429.85734634657297,998
2024-09-20 15:56:24.008000,429.9547378681265,97
2024-09-20 15:56:24.094000,429.983527015092,14
2024-09-20 15:56:24.121000,429.9522216836008,999
2024-09-20 15:56:24.166000,429.9164830105075,9
2024-09-20 15:56:24.351000,429.9643838835313,7
2024-09-20 15:56:24.397000,429.9395358031719,8
2024-09-20 15:56:24.399000,429.950014821835,9
2024-09-20 15:56:24.435000,429.8934928680744,1001
2024-09-20 15:56:24.488000,429.9636504542544,999
2024-09-20 15:56:24.566000,429.9339823953732,999
2024-09-20 15:56:24.628000,429.896252318873,5
2024-09-20 15:56:24.676000,429.90393686888814,1003
2024-09-20 15:56:24.809000,429.90660344629214,102
2024-09-20 15:56:24.832000,429.878711241496,999
2024-09-20 15:56:24.863000,429.9363674339468,95
2024-09-20 15:56:24.884000,429.9580355319664,99
2024-09-20 15:56:24.885000,429.9921937866725,5
2024-09-20 15:56:24.932000,429.94188712163776,1002
2024-09-20 15:56:24.958000,429.9640283619789,105
2024-09-20 15:56:24.989000,429.8784396332976,10
2024-09-20 15:56:25.190000,429.9960156800141,100
2024-09-20 15:56:25.234000,430.0118504654119,9
2024-09-20 15:56:25.295000,430.0037201331127,99
2024-09-20 15:56:25.468000,429.98858573585335,101
2024-09-20 15:56:26.078000,429.9797730305854,10
2024-09-20 15:56:26.111000,429.986462012796,9
2024-09-20 15:56:26.163000,429.961337849966,999
2024-09-20 15:56:26.181000,429.9938135754285,10
2024-09-20 15:56:26.183000,430.0008789015439,103
2024-09-20 15:56:26.192000,429.9749973372373,103
2024-09-20 15:56:26.289000,429.9925452209669,104
2024-09-20 15:56:26.325000,429.9911230335604,15
2024-09-20 15:56:26.347000,430.0000506499272,9
2024-09-20 15:56:26.356000,429.9742230653148,14
2024-09-20 15:56:26.369000,429.9791240489215,105
2024-09-20 15:56:26.376000,429.9990518877341,6
2024-09-20 15:56:26.388000,429.9864946344185,1001
2024-09-20 15:56:26.422000,429.9643176908214,1003
2024-09-20 15:56:26.468000,429.9909985194813,1001
2024-09-20 15:56:26.582000,429.9634677492848,7
2024-09-20 15:56:26.651000,429.9797965947728,100
2024-09-20 15:56:26.694000,429.99950897041646,15
2024-09-20 15:56:26.987000,429.9983067911068,1005
2024-09-20 15:56:27,429.97248218635553,995
2024-09-20 15:56:27.037000,429.9565827394698,1002
2024-09-20 15:56:27.070000,429.9401024624228,999
2024-09-20 15:56:27.089000,429.9829404253311,100
2024-09-20 15:56:27.111000,429.9478390756904,12
2024-09-20 15:56:27.125000,429.9543333940912,995
2024-09-20 15:56:27.142000,429.9255553956919,105
2024-09-20 15:56:27.203000,429.9433072685585,98
2024-09-20 15:56:27.207000,429.9740505614464,1003
2024-09-20 15:56:27.264000,429.97277427595054,5
2024-09-20 15:56:27.286000,429.9648763724437,102
2024-09-20 15:56:27.435000,429.9791246685499,1002
2024-09-20 15:56:27.452000,429.9889735002309,7
2024-09-20 15:56:27.572000,429.9481445434279,1001
2024-09-20 15:56:27.591000,429.98194470353377,96
2024-09-20 15:56:27.609000,429.9330144716956,999
2024-09-20 15:56:27.614000,429.917541812401,10
2024-09-20 15:56:27.623000,429.9727127504261,999
2024-09-20 15:56:27.665000,429.96727588020246,1000
2024-09-20 15:56:27.689000,429.95866763312745,102
2024-09-20 15:56:27.803000,429.9290261655782,995
2024-09-20 15:56:27.858000,429.942890855621,7
2024-09-20 15:56:27.925000,429.945921628477,96
2024-09-20 15:56:28.093000,429.94428731548936,99
2024-09-20 15:56:28.172000,429.94612022736857,995
2024-09-20 15:56:28.289000,429.9477380374721,99
2024-09-20 15:56:28.328000,429.9441549106405,104
2024-09-20 15:56:28.443000,429.9449005098945,998
2024-09-20 15:56:28.679000,429.9443816211736,105
2024-09-20 15:56:28.835000,429.950401768977,100
2024-09-20 15:56:28.919000,429.9375704155569,1001
2024-09-20 15:56:29.947000,429.9421883927439,101
2024-09-20 15:56:30.030000,429.9705111372113,103
2024-09-20 15:56:30.037000,429.9362820835374,6
2024-09-20 15:56:30.043000,429.9823225356276,8
2024-09-20 15:56:30.044000,429.94016397715785,997
2024-09-20 15:56:30.056000,429.9640428034004,6
2024-09-20 15:56:30.070000,429.9337871613491,101
2024-09-20 15:56:30.115000,429.9587229177728,1000
2024-09-20 15:56:30.217000,429.9659295742056,102
2024-09-20 15:56:30.232000,429.9614208829663,998
2024-09-20 15:56:30.239000,429.9698283517571,1004
2024-09-20 15:56:30.249000,429.9629475884931,7
2024-09-20 15:56:30.285000,429.96305586293823,10
2024-09-20 15:56:30.354000,429.967688958569,998
2024-09-20 15:56:30.407000,429.9445188241278,9
2024-09-20 15:56:30.462000,429.9379303705852,10
2024-09-20 15:56:30.490000,429.9632619066196,96
2024-09-20 15:56:30.494000,429.9421428653423,996
2024-09-20 15:56:30.541000,429.93879164623786,14
2024-09-20 15:56:30.639000,429.9830660856216,995
2024-09-20 15:56:30.690000,429.9327881277125,102
2024-09-20 15:56:30.710000,429.9505288488928,12
2024-09-20 15:56:30.714000,429.96381150629946,100
2024-09-20 15:56:30.802000,429.95026584004125,99
2024-09-20 15:56:30.819000,429.9636358000286,1002
2024-09-20 15:56:30.839000,429.9477103805311,104
2024-09-20 15:56:30.950000,429.9713346213853,1002
2024-09-20 15:56:30.996000,429.9475814894951,995
2024-09-20 15:56:31.241000,429.9902246550071,998
2024-09-20 15:56:31.278000,429.9705755030374,7
2024-09-20 15:56:31.287000,429.9738652709772,105
2024-09-20 15:56:31.363000,429.98411923392433,9
2024-09-20 15:56:31.411000,429.96455573672927,98
2024-09-20 15:56:31.478000,429.9907057585268,102
2024-09-20 15:56:31.506000,430.00020398528926,7
2024-09-20 15:56:31.684000,429.9655567556442,8
2024-09-20 15:56:31.900000,429.9804928119324,11
2024-09-20 15:56:32.041000,430.0032898945671,1002
2024-09-20 15:56:32.176000,430.0081152511501,14
2024-09-20 15:56:32.181000,429.9971139770186,1004
2024-09-20 15:56:32.219000,429.9979397640515,997
2024-09-20 15:56:33.103000,429.98394027998256,1004
2024-09-20 15:56:33.104000,429.9529194695211,1002
2024-09-20 15:56:33.111000,429.9517535501454,996
2024-09-20 15:56:33.218000,429.9559852969699,100
2024-09-20 15:56:33.220000,429.95401164510895,105
2024-09-20 15:56:33.260000,429.9514351308071,996
2024-09-20 15:56:33.291000,429.9603267120356,102
2024-09-20 15:56:33.307000,429.9561620586506,13
2024-09-20 15:56:33.355000,429.95422709783605,15
2024-09-20 15:56:33.390000,429.9675487059928,1002
2024-09-20 15:56:33.402000,429.9584629271104,13
2024-09-20 15:56:33.411000,429.9659500009743,997
2024-09-20 15:56:33.487000,429.9599741162608,1001
2024-09-20 15:56:33.588000,429.9651952682442,8
2024-09-20 15:56:33.612000,429.94878128544224,1001
2024-09-20 15:56:33.626000,429.9505221643661,104
2024-09-20 15:56:33.660000,429.9669768872658,1002
2024-09-20 15:56:33.802000,429.9689197740206,1004
2024-09-20 15:56:33.851000,429.95939193111406,98
2024-09-20 15:56:33.877000,429.97251380116,14
2024-09-20 15:56:33.904000,429.9553059370599,15
2024-09-20 15:56:33.944000,429.9637176785048,101
2024-09-20 15:56:34.055000,429.9779069868298,999
2024-09-20 15:56:34.090000,429.9622766156671,13
2024-09-20 15:56:34.167000,429.98798510965327,105
2024-09-20 15:56:34.216000,429.9769955993665,102
2024-09-20 15:56:34.314000,430.01009576632765,11
2024-09-20 15:56:34.324000,429.99067891845567,96
2024-09-20 15:56:34.324000,429.9977376373975,105
2024-09-20 15:56:34.368000,429.9997975338097,99
2024-09-20 15:56:34.566000,430.0010271728707,9
2024-09-20 15:56:34.568000,429.9564240734271,95
2024-09-20 15:56:34.572000,429.99603542393794,999
2024-09-20 15:56:34.594000,429.9591511846312,99
2024-09-20 15:56:34.652000,429.9858696720032,6
2024-09-20 15:56:34.744000,430.0103117763289,998
2024-09-20 15:56:34.775000,429.9914017560835,7
2024-09-20 15:56:34.975000,429.9997860799136,100
2024-09-20 15:56:35.107000,429.9625915203366,999
2024-09-20 15:56:35.114000,429.9445406667884,8
2024-09-20 15:56:35.131000,429.94492073768,12
2024-09-20 15:56:35.131000,429.9539808002028,14
2024-09-20 15:56:35.211000,424.47014941643374,13
2024-09-20 15:56:35.297000,429.96585353261673,995
2024-09-20 15:56:35.313000,429.9559097608915,10
2024-09-20 15:56:35.457000,429.9555773671034,11
2024-09-20 15:56:35.595000,429.9507209087416,13
2024-09-20 15:56:35.744000,429.9667306851204,1002
2024-09-20 15:56:35.783000,429.9429297139667,9
2024-09-20 15:56:36.592000,429.9301691752738,15
2024-09-20 15:56:36.841000,429.9363014327435,995
2024-09-20 15:56:37.073000,429.9438430640761,5
2024-09-20 15:56:37.095000,429.9082082233463,13
2024-09-20 15:56:37.176000,429.95856299199545,97
2024-09-20 15:56:37.437000,429.8891721248244,996
2024-09-20 15:56:37.660000,429.9056593646186,997
2024-09-20 15:56:37.847000,429.9288028544111,103
2024-09-20 15:56:38.044000,429.82394527625024,1001
2024-09-20 15:56:38.175000,429.8220897338674,12
2024-09-20 15:56:38.374000,429.8823851071495,6
2024-09-20 15:56:38.407000,429.897457702719,11
2024-09-20 15:56:38.450000,429.860435145812,96
2024-09-20 15:56:38.511000,429.8797439644702,11
2024-09-20 15:56:38.579000,429.8496519465736,101
2024-09-20 15:56:38.627000,429.8406599855067,96
2024-09-20 15:56:38.896000,429.8420146799276,104
2024-09-20 15:56:39.019000,429.79760510878873,103
2024-09-20 15:56:39.065000,429.7780039307239,10
2024-09-20 15:56:39.111000,429.797003538854,104
2024-09-20 15:56:39.113000,429.7812166343064,5
2024-09-20 15:56:39.208000,429.79688997519565,7
2024-09-20 15:56:39.215000,429.79429969987694,13
2024-09-20 15:56:39.246000,429.8516225938893,1003
2024-09-20 15:56:39.254000,429.7984260301175,9
2024-09-20 15:56:39.261000,429.8115655766392,14
2024-09-20 15:56:39.299000,429.8442799744695,13
2024-09-20 15:56:39.326000,429.8326661030399,996
2024-09-20 15:56:39.354000,429.8112999247445,13
2024-09-20 15:56:39.428000,429.8169984951766,9
2024-09-20 15:56:39.429000,429.80682524667736,1003
2024-09-20 15:56:39.499000,429.83748623397,1004
2024-09-20 15:56:39.546000,429.8401403025637,1000
2024-09-20 15:56:39.560000,429.83959419498666,101
2024-09-20 15:56:39.572000,429.7805237331119,13
2024-09-20 15:56:39.658000,429.7796852884188,102
2024-09-20 15:56:39.667000,429.8112159793212,1000
2024-09-20 15:56:39.674000,429.83722362685154,7
2024-09-20 15:56:39.759000,429.8391524186519,14
2024-09-20 15:56:39.789000,429.8234015418313,1004
2024-09-20 15:56:39.815000,429.7996874829108,998
2024-09-20 15:56:39.870000,429.83091649685673,105
2024-09-20 15:56:39.906000,429.8149750897884,98
2024-09-20 15:56:39.930000,429.79709972090586,98
2024-09-20 15:56:39.930000,429.8161633181148,11
2024-09-20 15:56:39.944000,429.84507314347775,997
2024-09-20 15:56:40.411000,429.8010587214298,12
2024-09-20 15:56:40.514000,429.80686615493937,96
2024-09-20 15:56:40.597000,429.7532587541148,11
2024-09-20 15:56:40.613000,429.7895132583056,98
2024-09-20 15:56:40.616000,429.8025662345443,999
2024-09-20 15:56:40.742000,429.7852287764543,15
2024-09-20 15:56:40.752000,429.8036277562005,96
2024-09-20 15:56:40.785000,429.756084569612,996
2024-09-20 15:56:40.792000,429.7991801631347,101
2024-09-20 15:56:40.810000,429.7990081590858,1000
2024-09-20 15:56:41.012000,429.8203551156296,1002
2024-09-20 15:56:41.154000,429.7970159219135,998
2024-09-20 15:56:41.155000,424.3609569274267,995
2024-09-20 15:56:41.188000,429.7987056697153,1001
2024-09-20 15:56:41.194000,429.7681698784547,995
2024-09-20 15:56:41.201000,429.7731795204094,12
2024-09-20 15:56:41.206000,429.79546122524073,5
2024-09-20 15:56:41.298000,429.767088692364,96
2024-09-20 15:56:41.347000,429.7767471328395,998
2024-09-20 15:56:41.369000,429.8237120076539,1001
2024-09-20 15:56:41.404000,429.768939759319,5
2024-09-20 15:56:41.435000,429.774543296789,100
2024-09-20 15:56:41.445000,429.7824313263508,996
2024-09-20 15:56:41.462000,429.81140470910873,96
2024-09-20 15:56:41.501000,429.7639376098342,1000
2024-09-20 15:56:41.549000,429.7742878419919,12
2024-09-20 15:56:41.558000,429.7830162409114,9
2024-09-20 15:56:41.578000,429.7839194254936,97
2024-09-20 15:56:41.585000,429.7730546210244,103
2024-09-20 15:56:41.608000,429.7975322893468,101
2024-09-20 15:56:41.689000,429.75253022659047,999
2024-09-20 15:56:41.696000,429.7713998083261,10
2024-09-20 15:56:41.786000,429.7898202026649,15
2024-09-20 15:56:41.808000,429.7797091101356,1000
2024-09-20 15:56:41.847000,429.75539898171087,8
2024-09-20 15:56:41.993000,429.7699726991581,102
2024-09-20 15:56:42.011000,429.75814577549727,96
2024-09-20 15:56:42.399000,429.76032531748433,1003
2024-09-20 15:56:42.401000,429.75322663835175,995
2024-09-20 15:56:42.482000,429.76842820931694,11
2024-09-20 15:56:42.487000,429.779814450407,103
2024-09-20 15:56:42.523000,429.7795573254279,15
2024-09-20 15:56:42.556000,429.7792614093512,103
2024-09-20 15:56:42.620000,429.76079807969353,998
2024-09-20 15:56:42.654000,429.78144768171467,997
2024-09-20 15:56:42.665000,429.7594198600703,1004
2024-09-20 15:56:42.793000,429.779863215054,13
2024-09-20 15:56:43.338000,429.80772743322296,99
2024-09-20 15:56:43.518000,429.77541653976886,11
2024-09-20 15:56:43.792000,429.8002757753658,95
2024-09-20 15:56:43.852000,429.8006468282319,5
2024-09-20 15:56:44.030000,429.7848684641597,996
2024-09-20 15:56:44.111000,429.730579873072,100
2024-09-20 15:56:44.214000,429.74744584034215,5
2024-09-20 15:56:44.218000,429.7157722269436,1002
2024-09-20 15:56:44.272000,429.7833092959559,98
2024-09-20 15:56:44.299000,429.78455311317697,96
2024-09-20 15:56:44.319000,429.78113700723554,101
2024-09-20 15:56:44.862000,429.7401497768373,1003
2024-09-20 15:56:44.938000,429.7304291512172,8
2024-09-20 15:56:45.066000,429.7519435176748,9
2024-09-20 15:56:45.113000,429.7545348335355,100
2024-09-20 15:56:45.115000,429.82161259320094,104
2024-09-20 15:56:45.222000,429.7533056767565,15
2024-09-20 15:56:45.268000,429.7889775693253,100
2024-09-20 15:56:45.316000,429.80369023342274,99
2024-09-20 15:56:45.318000,429.7764122218234,15
2024-09-20 15:56:45.388000,429.782647181701,98
2024-09-20 15:56:45.400000,429.8192021947124,998
2024-09-20 15:56:45.491000,429.8075892149596,8
2024-09-20 15:56:45.578000,429.7873692308391,1004
2024-09-20 15:56:45.581000,429.8132541962742,999
2024-09-20 15:56:45.625000,429.8275733049658,9
2024-09-20 15:56:45.651000,429.81627052052914,100
2024-09-20 15:56:45.694000,429.8092747536778,999
2024-09-20 15:56:45.717000,429.8223877773334,103
2024-09-20 15:56:45.719000,429.78791099355806,98
2024-09-20 15:56:45.738000,429.7632967323818,1000
2024-09-20 15:56:45.756000,429.7885093481997,12
2024-09-20 15:56:45.804000,429.8234763756536,11
2024-09-20 15:56:45.909000,429.7913642583295,101
2024-09-20 15:56:45.931000,429.8079781356025,12
2024-09-20 15:56:45.937000,429.8066122464801,999
2024-09-20 15:56:45.985000,429.79053190592816,100
2024-09-20 15:56:46.151000,429.8385598496261,1000
2024-09-20 15:56:46.250000,429.89432969552223,1005
2024-09-20 15:56:46.260000,429.843469738974,11
2024-09-20 15:56:46.361000,429.83906080964624,999
2024-09-20 15:56:46.539000,429.8929462979016,101
2024-09-20 15:56:46.630000,429.86178564980287,95
2024-09-20 15:56:46.643000,429.8577809220234,6
2024-09-20 15:56:46.721000,429.8832541814052,999
2024-09-20 15:56:46.943000,429.8835566520582,103
2024-09-20 15:56:46.946000,429.8733197507344,98
2024-09-20 15:56:46.984000,429.8488108539815,104
2024-09-20 15:56:47.190000,429.82608800818855,11
2024-09-20 15:56:47.199000,429.810811642133,103
2024-09-20 15:56:47.352000,429.8603118536063,12
2024-09-20 15:56:47.365000,429.7989674533741,96
2024-09-20 15:56:47.448000,429.8124714926951,15
2024-09-20 15:56:47.482000,429.8028924891203,12
2024-09-20 15:56:47.491000,429.8680141231373,1000
2024-09-20 15:56:47.517000,429.79437224981285,13
2024-09-20 15:56:47.672000,429.79897407149264,997
2024-09-20 15:56:47.775000,429.8034792712097,1000
2024-09-20 15:56:47.879000,429.81227820371424,95
2024-09-20 15:56:47.946000,429.8120540150348,98
2024-09-20 15:56:47.997000,429.843556199048,1005
2024-09-20 15:56:49.047000,429.8489865572273,12
2024-09-20 15:56:49.059000,429.8616960410746,10
2024-09-20 15:56:49.083000,429.8226320213548,1003
2024-09-20 15:56:49.088000,429.8233513436306,1005
2024-09-20 15:56:49.169000,429.82378856243633,1003
2024-09-20 15:56:49.192000,429.7912077800096,12
2024-09-20 15:56:49.231000,429.7958743059736,1000
2024-09-20 15:56:49.328000,429.8632548092877,98
2024-09-20 15:56:49.351000,429.7919476916459,7
2024-09-20 15:56:49.388000,429.8385574369247,11
2024-09-20 15:56:49.408000,429.8245415164234,7
2024-09-20 15:56:49.476000,429.8615663439823,998
2024-09-20 15:56:49.500000,429.7974335580204,101
2024-09-20 15:56:49.510000,429.8092235504381,996
2024-09-20 15:56:49.542000,429.8163418001501,1004
2024-09-20 15:56:49.543000,429.8096460095447,7
2024-09-20 15:56:49.617000,429.81959322907386,998
2024-09-20 15:56:49.707000,429.8196972784782,10
2024-09-20 15:56:49.712000,429.8271610025289,1002
2024-09-20 15:56:49.760000,429.8573446671288,999
2024-09-20 15:56:49.818000,429.8329646981829,15
2024-09-20 15:56:49.888000,429.7950444308998,6
2024-09-20 15:56:49.937000,429.80749177649903,1005
2024-09-20 15:56:49.946000,429.80966365835087,998
2024-09-20 15:56:50.015000,429.7543599713304,98
2024-09-20 15:56:50.023000,429.7449158488984,5
2024-09-20 15:56:50.068000,429.73483687078976,11
2024-09-20 15:56:50.107000,429.7319294132593,997
2024-09-20 15:56:50.107000,429.7723003260564,1005
2024-09-20 15:56:50.256000,429.7638922798913,997
2024-09-20 15:56:50.388000,429.7529712136189,1001
2024-09-20 15:56:50.426000,429.76425438812703,97
2024-09-20 15:56:50.516000,429.7526020575074,11
2024-09-20 15:56:50.672000,429.7445469157793,15
2024-09-20 15:56:50.806000,429.7332708977806,13
2024-09-20 15:56:50.937000,429.736681818797,10
2024-09-20 15:56:51.137000,429.7321496336596,103
2024-09-20 15:56:51.482000,429.7079490064417,1004
2024-09-20 15:56:51.747000,429.7552008716087,103
2024-09-20 15:56:51.807000,429.7575731593113,997
2024-09-20 15:56:51.840000,429.7425120899695,997
2024-09-20 15:56:51.912000,429.7365264418474,100
2024-09-20 15:56:52.165000,429.733771823202,5
2024-09-20 15:56:52.242000,429.72530660897394,13
2024-09-20 15:56:52.448000,429.7178798877378,5
2024-09-20 15:56:52.496000,429.724867647296,14
2024-09-20 15:56:52.561000,429.7091786274064,1003
2024-09-20 15:56:52.645000,429.73660465286815,997
2024-09-20 15:56:52.700000,429.7027494668814,100
2024-09-20 15:56:52.721000,429.7184557704658,103
2024-09-20 15:56:52.892000,429.7411337400524,996
2024-09-20 15:56:53.063000,429.7104939633192,1001
2024-09-20 15:56:53.104000,429.7225352248416,13
2024-09-20 15:56:53.105000,429.7196934119469,1003
2024-09-20 15:56:53.197000,429.69203643447673,10
2024-09-20 15:56:53.226000,429.74382327435154,96
2024-09-20 15:56:53.401000,429.7225581550146,96
2024-09-20 15:56:53.505000,429.7165779714361,103
2024-09-20 15:56:53.508000,429.7136592492925,101
2024-09-20 15:56:53.711000,429.69603321095,1001
2024-09-20 15:56:53.846000,429.7015923879277,98
2024-09-20 15:56:53.846000,429.72193457888966,103
2024-09-20 15:56:54.249000,429.7571485732313,1001
2024-09-20 15:56:54.586000,429.76357380438697,99
2024-09-20 15:56:54.760000,429.74274961008535,998
2024-09-20 15:56:54.921000,429.7651833525437,1002
2024-09-20 15:56:54.942000,429.7516683632461,1001
2024-09-20 15:56:55.001000,429.7285021196862,9
2024-09-20 15:56:55.008000,429.6860459340683,99
2024-09-20 15:56:55.045000,429.737454888369,14
2024-09-20 15:56:55.087000,429.74384885421455,1000
2024-09-20 15:56:55.094000,429.7335742751251,104
2024-09-20 15:56:55.126000,429.7037188836393,995
2024-09-20 15:56:55.137000,429.7386553779971,100
2024-09-20 15:56:55.268000,429.7362639401432,103
2024-09-20 15:56:55.289000,429.7334839816517,104
2024-09-20 15:56:55.322000,429.6919523290047,12
2024-09-20 15:56:55.591000,429.7335205812339,5
2024-09-20 15:56:55.643000,429.7303687342177,1002
2024-09-20 15:56:55.685000,429.7401095103489,10
2024-09-20 15:56:55.691000,429.69927799089845,102
2024-09-20 15:56:55.885000,429.7067317924167,995
2024-09-20 15:56:56.123000,429.66807855512,95
2024-09-20 15:56:56.159000,429.6653603713477,103
2024-09-20 15:56:56.223000,429.6607399341687,9
2024-09-20 15:56:56.237000,429.6592048030967,1005
2024-09-20 15:56:56.367000,429.6543704026,103
2024-09-20 15:56:56.448000,429.6788628609787,104
2024-09-20 15:56:56.496000,429.6901345211264,101
2024-09-20 15:56:56.510000,429.6750828165883,12
2024-09-20 15:56:56.636000,429.6563857118402,12
2024-09-20 15:56:57.037000,429.6957780464977,97
2024-09-20 15:56:57.092000,429.7278228765785,104
2024-09-20 15:56:57.155000,429.6526708177296,1003
2024-09-20 15:56:57.171000,429.7276905032271,9
2024-09-20 15:56:57.220000,429.68586844896527,1003
2024-09-20 15:56:57.308000,429.71255197801054,100
2024-09-20 15:56:57.451000,429.7226744647847,1001
2024-09-20 15:56:57.464000,429.71532045653146,996
2024-09-20 15:56:57.519000,429.6868706992278,1003
2024-09-20 15:56:57.531000,429.6840122706736,98
2024-09-20 15:56:57.547000,429.7207073544234,104
2024-09-20 15:56:57.553000,429.73039834294735,103
2024-09-20 15:56:57.631000,429.7144451313204,8
2024-09-20 15:56:57.652000,429.7198909963861,995
2024-09-20 15:56:57.681000,429.6960942103548,102
2024-09-20 15:56:57.715000,429.6836735057421,6
2024-09-20 15:56:57.914000,429.7202327390453,10
2024-09-20 15:56:58.021000,429.6741087048846,998
2024-09-20 15:56:58.049000,429.69984812839306,100
2024-09-20 15:56:58.178000,429.6742854218032,1005
2024-09-20 15:56:58.198000,429.659820785437,1002
2024-09-20 15:56:58.272000,429.67453297999526,996
2024-09-20 15:56:58.296000,429.7024293328711,1002
2024-09-20 15:56:58.311000,429.701268806126,5
2024-09-20 15:56:58.398000,429.7340865462385,95
2024-09-20 15:56:58.406000,429.6788260221385,1003
2024-09-20 15:56:58.493000,429.7045713952817,7
2024-09-20 15:56:58.501000,429.68123647492496,1004
2024-09-20 15:56:58.535000,429.7060863410438,98
2024-09-20 15:56:58.541000,429.6485258079363,12
2024-09-20 15:56:58.643000,429.6925706976473,1003
2024-09-20 15:56:58.679000,429.6950606511039,12
2024-09-20 15:56:58.750000,429.6804169004902,96
2024-09-20 15:56:58.832000,429.6651538988289,996
2024-09-20 15:56:58.861000,429.67468761664014,5
2024-09-20 15:56:58.867000,429.6768680774424,1002
2024-09-20 15:56:58.872000,429.6828120881884,13
2024-09-20 15:56:58.883000,429.6746415970711,6
2024-09-20 15:56:58.902000,429.6800346952952,103
2024-09-20 15:56:58.941000,429.7182830293813,98
2024-09-20 15:56:58.943000,429.677653839074,96
2024-09-20 15:56:58.979000,429.6837597632045,1004
2024-09-20 15:56:58.998000,429.6955299531696,998
2024-09-20 15:56:59.028000,429.7174644281336,1005
2024-09-20 15:56:59.062000,429.7026508569243,7
2024-09-20 15:56:59.152000,429.7132551048414,7
2024-09-20 15:56:59.196000,429.7359682257991,96
2024-09-20 15:56:59.246000,429.71775126665966,1004
2024-09-20 15:56:59.266000,429.679131733604,7
2024-09-20 15:56:59.690000,429.7133108628703,97
2024-09-20 15:56:59.706000,429.7177238735601,8
2024-09-20 15:56:59.743000,429.7220807275645,98
2024-09-20 15:56:59.879000,429.66506621194617,7
2024-09-20 15:56:59.895000,429.7153762313839,1001
