Timestamp,Price,Size
2024-09-20 09:35:00.250000,422.2270996093891,97
2024-09-20 09:35:00.288000,422.22443845924334,103
2024-09-20 09:35:00.323000,422.2303697818342,997
2024-09-20 09:35:00.374000,422.25883232788425,11
2024-09-20 09:35:00.415000,422.2471507052064,997
2024-09-20 09:35:00.467000,422.2118605000868,102
2024-09-20 09:35:00.715000,422.2348405839046,6
2024-09-20 09:35:00.786000,422.2365723721857,99
2024-09-20 09:35:00.809000,422.219507381914,96
2024-09-20 09:35:01.014000,422.2266081451946,1001
2024-09-20 09:35:01.056000,422.2577596545316,997
2024-09-20 09:35:01.104000,422.2538133313952,9
2024-09-20 09:35:01.114000,422.2591934489053,1003
2024-09-20 09:35:01.209000,422.23291886501534,13
2024-09-20 09:35:01.269000,422.2302372027741,999
2024-09-20 09:35:01.311000,422.2372612366123,1001
2024-09-20 09:35:01.374000,422.2150100133473,5
2024-09-20 09:35:01.396000,422.2424253758656,8
2024-09-20 09:35:01.541000,422.2311191315399,5
2024-09-20 09:35:01.918000,422.2418701132764,10
2024-09-20 09:35:01.921000,422.26618418984106,998
2024-09-20 09:35:01.947000,422.2497445261334,97
2024-09-20 09:35:02.193000,422.23734831639376,995
2024-09-20 09:35:02.205000,422.2220562169658,8
2024-09-20 09:35:02.262000,422.2213632819914,999
2024-09-20 09:35:02.378000,422.2008871879168,997
2024-09-20 09:35:02.442000,422.20984143327047,95
2024-09-20 09:35:02.532000,422.2717687959637,102
2024-09-20 09:35:02.647000,422.2191474061644,104
2024-09-20 09:35:02.685000,422.213376155715,102
2024-09-20 09:35:02.788000,422.2356146815884,1004
2024-09-20 09:35:02.794000,422.25988263469753,998
2024-09-20 09:35:02.803000,422.22829170540456,102
2024-09-20 09:35:02.833000,422.2613702823096,6
2024-09-20 09:35:02.856000,422.22907463978,104
2024-09-20 09:35:02.868000,422.2175305034177,999
2024-09-20 09:35:02.982000,422.2248705381889,9
2024-09-20 09:35:03.031000,422.1913219615932,104
2024-09-20 09:35:03.034000,422.24369380679616,10
2024-09-20 09:35:03.060000,422.2427090449141,6
2024-09-20 09:35:03.066000,422.23781576678726,9
2024-09-20 09:35:03.082000,422.2639208920879,99
2024-09-20 09:35:03.213000,422.19653785504187,15
2024-09-20 09:35:03.215000,422.2575050796195,98
2024-09-20 09:35:03.218000,422.2253805795347,96
2024-09-20 09:35:03.220000,422.28102545917005,99
2024-09-20 09:35:03.224000,422.2392134916394,1001
2024-09-20 09:35:03.242000,422.2588819376182,1005
2024-09-20 09:35:03.296000,422.208811339414,5
2024-09-20 09:35:03.320000,422.2778685522314,11
2024-09-20 09:35:03.374000,422.2620373173571,1005
2024-09-20 09:35:03.432000,422.2416842338366,997
2024-09-20 09:35:03.502000,422.2375809190535,1004
2024-09-20 09:35:03.555000,422.2389378857327,96
2024-09-20 09:35:03.572000,422.21913142224287,1003
2024-09-20 09:35:03.608000,422.1820053063064,13
2024-09-20 09:35:03.655000,422.1974261508465,999
2024-09-20 09:35:03.791000,422.2460039737526,995
2024-09-20 09:35:03.799000,422.1883334082629,1003
2024-09-20 09:35:03.802000,422.2625908610104,96
2024-09-20 09:35:03.860000,422.19092715908295,14
2024-09-20 09:35:03.961000,422.261508301484,997
2024-09-20 09:35:03.976000,422.2571565680243,1005
2024-09-20 09:35:03.996000,422.26464523112463,11
2024-09-20 09:35:04.024000,422.2348625458258,1002
2024-09-20 09:35:04.030000,422.1798456305896,13
2024-09-20 09:35:04.042000,422.2237858121398,996
2024-09-20 09:35:04.050000,422.2124051030356,1001
2024-09-20 09:35:04.084000,422.1840227458565,13
2024-09-20 09:35:04.091000,422.2345699726303,6
2024-09-20 09:35:04.109000,422.1885787957177,14
2024-09-20 09:35:04.160000,422.1993270900738,15
2024-09-20 09:35:04.212000,422.19131590876174,995
2024-09-20 09:35:04.231000,422.17666414678257,10
2024-09-20 09:35:04.246000,422.1661441899275,1000
2024-09-20 09:35:04.273000,422.2334348376049,96
2024-09-20 09:35:04.309000,422.2144595325519,9
2024-09-20 09:35:04.380000,422.2110386018829,999
2024-09-20 09:35:04.395000,422.21694416755287,1001
2024-09-20 09:35:04.494000,422.2002310416954,102
2024-09-20 09:35:04.514000,422.2321050496042,10
2024-09-20 09:35:04.538000,422.1999082959768,999
2024-09-20 09:35:04.793000,422.2058120577802,9
2024-09-20 09:35:04.794000,422.2059393373439,995
2024-09-20 09:35:04.803000,422.2270334572657,1005
2024-09-20 09:35:04.809000,422.2373637737712,102
2024-09-20 09:35:04.842000,422.1653045515419,998
2024-09-20 09:35:04.850000,422.2288797649603,104
2024-09-20 09:35:04.862000,422.1794041867008,103
2024-09-20 09:35:04.893000,422.2086946666511,13
2024-09-20 09:35:04.901000,422.2360606154592,995
2024-09-20 09:35:04.909000,422.23048694320966,998
2024-09-20 09:35:05.362000,422.168672514558,100
2024-09-20 09:35:06.011000,422.1702491119677,997
2024-09-20 09:35:06.083000,422.2222270603844,8
2024-09-20 09:35:06.085000,422.18175940282873,5
2024-09-20 09:35:06.093000,422.2230283381679,14
2024-09-20 09:35:06.094000,422.1863189393432,998
2024-09-20 09:35:06.128000,422.21370513321983,99
2024-09-20 09:35:06.289000,422.191927592062,9
2024-09-20 09:35:06.400000,422.1830849994593,995
2024-09-20 09:35:06.401000,422.2011980047497,12
2024-09-20 09:35:06.403000,422.1872204017606,10
2024-09-20 09:35:06.405000,422.18748378296976,998
2024-09-20 09:35:06.405000,422.175229808756,11
2024-09-20 09:35:06.420000,422.2049943186525,999
2024-09-20 09:35:06.445000,422.1551758409193,996
2024-09-20 09:35:06.452000,422.1812917240793,1004
2024-09-20 09:35:06.488000,422.1683373036262,999
2024-09-20 09:35:06.547000,422.198186282172,102
2024-09-20 09:35:06.556000,422.1726881842622,995
2024-09-20 09:35:06.591000,422.1564837442291,14
2024-09-20 09:35:06.592000,422.2033954869543,6
2024-09-20 09:35:06.715000,422.1669586490302,8
2024-09-20 09:35:06.735000,422.1815834447883,97
2024-09-20 09:35:06.763000,422.2193435882368,996
2024-09-20 09:35:06.851000,422.20606135517534,11
2024-09-20 09:35:06.868000,422.218934690568,997
2024-09-20 09:35:06.903000,422.2151041104587,12
2024-09-20 09:35:06.931000,422.1702665652307,95
2024-09-20 09:35:06.980000,422.1994658584276,7
2024-09-20 09:35:07.126000,422.1991387436857,100
2024-09-20 09:35:07.150000,422.210434006244,11
2024-09-20 09:35:07.166000,422.1565467004292,997
2024-09-20 09:35:07.182000,422.2074781113855,996
2024-09-20 09:35:07.225000,422.2066116870236,96
2024-09-20 09:35:07.231000,422.1658488933107,996
2024-09-20 09:35:07.270000,422.1652555352419,96
2024-09-20 09:35:07.308000,422.1758918523976,104
2024-09-20 09:35:07.320000,422.1862160489037,1004
2024-09-20 09:35:07.325000,422.1775070880162,998
2024-09-20 09:35:07.377000,422.1586860307723,996
2024-09-20 09:35:07.379000,422.1839078133265,102
2024-09-20 09:35:07.438000,422.2135580548096,15
2024-09-20 09:35:07.522000,422.2090638854108,8
2024-09-20 09:35:07.606000,422.2218886949637,12
2024-09-20 09:35:07.635000,422.2074884797075,1000
2024-09-20 09:35:07.647000,422.21152799969656,1004
2024-09-20 09:35:07.652000,422.1641279634756,1002
2024-09-20 09:35:07.696000,422.173581439761,97
2024-09-20 09:35:07.769000,422.1586065305827,999
2024-09-20 09:35:07.875000,422.17212541696114,105
2024-09-20 09:35:07.885000,422.16711116194807,996
2024-09-20 09:35:07.893000,422.1472667680244,99
2024-09-20 09:35:07.920000,422.1697878340964,103
2024-09-20 09:35:07.920000,422.16826625063686,1001
2024-09-20 09:35:07.950000,422.19881914547193,1001
2024-09-20 09:35:07.954000,422.2135744638838,996
2024-09-20 09:35:07.997000,422.1921947886932,1001
2024-09-20 09:35:08.218000,422.22851463516514,99
2024-09-20 09:35:08.699000,422.2297776844695,101
2024-09-20 09:35:08.721000,422.2234208037236,97
2024-09-20 09:35:09.033000,422.2368340733451,13
2024-09-20 09:35:09.033000,422.2330687731409,103
2024-09-20 09:35:09.117000,422.2468378641845,1001
2024-09-20 09:35:09.152000,422.2120924824961,105
2024-09-20 09:35:09.164000,422.2447698364174,99
2024-09-20 09:35:09.306000,422.2169112189711,1002
2024-09-20 09:35:09.352000,422.2127599664613,13
2024-09-20 09:35:09.358000,422.2327457546578,8
2024-09-20 09:35:09.452000,422.2410534663465,14
2024-09-20 09:35:09.468000,422.21587539111255,98
2024-09-20 09:35:09.494000,422.2507845790122,104
2024-09-20 09:35:09.535000,422.257920743163,1003
2024-09-20 09:35:09.599000,422.2507526191057,1004
2024-09-20 09:35:09.605000,422.2338660406068,102
2024-09-20 09:35:09.652000,422.24515848719074,13
2024-09-20 09:35:09.689000,422.2380899837738,105
2024-09-20 09:35:09.690000,422.2334040181777,104
2024-09-20 09:35:09.748000,422.2167401987582,97
2024-09-20 09:35:09.861000,422.2321256676552,7
2024-09-20 09:35:09.941000,422.21268892949337,98
2024-09-20 09:35:10.052000,422.2315051391301,102
2024-09-20 09:35:10.073000,422.26137734811175,15
2024-09-20 09:35:10.079000,422.25643565743127,995
2024-09-20 09:35:10.130000,422.2664022912373,997
2024-09-20 09:35:10.292000,422.2541157731061,102
2024-09-20 09:35:10.298000,422.248383069612,1005
2024-09-20 09:35:10.385000,422.2654048280655,1000
2024-09-20 09:35:10.387000,422.26949418450175,1003
2024-09-20 09:35:10.407000,422.31010437626185,996
2024-09-20 09:35:10.410000,422.2891223655893,12
2024-09-20 09:35:10.411000,422.3058897822,11
2024-09-20 09:35:10.415000,422.2666848512067,10
2024-09-20 09:35:10.484000,422.2326942895681,13
2024-09-20 09:35:10.524000,422.2787344748284,998
2024-09-20 09:35:10.547000,422.2913190091981,101
2024-09-20 09:35:10.577000,422.2535131712576,11
2024-09-20 09:35:10.645000,422.26667708569335,997
2024-09-20 09:35:10.647000,422.2960055857856,13
2024-09-20 09:35:10.755000,422.26458265898617,1005
2024-09-20 09:35:10.795000,422.2826871499812,97
2024-09-20 09:35:10.815000,422.227997495373,8
2024-09-20 09:35:10.821000,422.2553579838028,995
2024-09-20 09:35:10.830000,422.3038559671316,1001
2024-09-20 09:35:10.852000,422.2988419003906,100
2024-09-20 09:35:10.852000,422.24400370727744,11
2024-09-20 09:35:10.869000,422.3050700848676,98
2024-09-20 09:35:10.906000,422.2750401282336,997
2024-09-20 09:35:10.980000,422.30552787522913,98
2024-09-20 09:35:11.058000,422.292176697725,8
2024-09-20 09:35:11.090000,422.3001672445205,96
2024-09-20 09:35:11.092000,422.2763041345863,102
2024-09-20 09:35:11.144000,422.281850066504,998
2024-09-20 09:35:11.145000,422.2822036538994,15
2024-09-20 09:35:11.274000,422.29998043899184,13
2024-09-20 09:35:11.321000,422.25269008524407,5
2024-09-20 09:35:11.365000,422.28528725315454,15
2024-09-20 09:35:11.699000,422.29007660414806,99
2024-09-20 09:35:11.810000,422.2904245068766,11
2024-09-20 09:35:11.816000,422.2873017410355,995
2024-09-20 09:35:11.821000,422.3019589181204,999
2024-09-20 09:35:11.921000,422.3049616859988,6
2024-09-20 09:35:12.113000,422.2675089081372,13
2024-09-20 09:35:12.129000,422.2624084387013,995
2024-09-20 09:35:12.137000,422.2569393187546,95
2024-09-20 09:35:12.253000,422.2846270859085,100
2024-09-20 09:35:12.288000,422.2371473166675,14
2024-09-20 09:35:12.508000,422.2510256620912,12
2024-09-20 09:35:12.659000,422.2900420636777,998
2024-09-20 09:35:12.731000,422.2633843499361,996
2024-09-20 09:35:12.823000,422.226233238352,13
2024-09-20 09:35:12.840000,422.25785311640016,97
2024-09-20 09:35:13.066000,422.2099928111164,103
2024-09-20 09:35:13.125000,422.22377409103257,1001
2024-09-20 09:35:13.158000,422.2105779025869,12
2024-09-20 09:35:13.183000,422.2163985502576,1003
2024-09-20 09:35:13.226000,422.2231616693703,98
2024-09-20 09:35:13.233000,422.2344095591138,1002
2024-09-20 09:35:13.245000,422.2321671691769,101
2024-09-20 09:35:13.245000,422.2232124415332,1005
2024-09-20 09:35:13.316000,422.2137694189835,103
2024-09-20 09:35:13.383000,422.2582282582589,1001
2024-09-20 09:35:13.550000,422.22176264606674,997
2024-09-20 09:35:13.563000,422.2596578773234,98
2024-09-20 09:35:13.675000,422.21479239842375,104
2024-09-20 09:35:13.715000,422.21553857497776,1003
2024-09-20 09:35:13.766000,422.20875335598646,102
2024-09-20 09:35:13.836000,422.22807293775327,12
2024-09-20 09:35:13.843000,422.2468306450457,1002
2024-09-20 09:35:13.851000,422.2650558191765,1003
2024-09-20 09:35:13.879000,422.2348680948671,6
2024-09-20 09:35:13.893000,422.2439152752586,995
2024-09-20 09:35:14.062000,422.1606889497374,999
2024-09-20 09:35:14.298000,422.1928973239513,999
2024-09-20 09:35:14.325000,422.172620328936,5
2024-09-20 09:35:14.508000,422.1847198282264,12
2024-09-20 09:35:14.509000,422.1900099024444,995
2024-09-20 09:35:14.577000,422.1422470991053,13
2024-09-20 09:35:14.676000,422.1841881739557,14
2024-09-20 09:35:14.799000,422.1645628846984,10
2024-09-20 09:35:14.907000,422.20594890011625,10
2024-09-20 09:35:14.982000,422.19774487951366,998
2024-09-20 09:35:15.006000,422.1322726375665,11
2024-09-20 09:35:15.030000,422.1615535989808,1001
2024-09-20 09:35:15.091000,422.1372227783936,95
2024-09-20 09:35:15.092000,422.1359439175643,100
2024-09-20 09:35:15.148000,422.13395471990975,999
2024-09-20 09:35:15.149000,422.1302941238503,6
2024-09-20 09:35:15.162000,422.1534563292921,10
2024-09-20 09:35:15.166000,422.1293330911721,104
2024-09-20 09:35:15.254000,422.1368335038678,15
2024-09-20 09:35:15.350000,422.10067814283866,997
2024-09-20 09:35:15.416000,422.13744296648287,1003
2024-09-20 09:35:15.502000,422.1517385286,8
2024-09-20 09:35:15.518000,422.12985535286697,997
2024-09-20 09:35:15.523000,422.1379177628455,997
2024-09-20 09:35:15.547000,422.0924065814349,15
2024-09-20 09:35:15.554000,422.1467962484221,6
2024-09-20 09:35:15.574000,422.11159983092426,104
2024-09-20 09:35:15.589000,422.1039827451279,9
2024-09-20 09:35:15.616000,422.1200098289523,1001
2024-09-20 09:35:15.650000,422.10893368187214,15
2024-09-20 09:35:15.835000,422.1305086068124,10
2024-09-20 09:35:15.930000,422.1215701021257,98
2024-09-20 09:35:15.931000,422.1266079432539,1004
2024-09-20 09:35:15.936000,422.1303436987549,97
2024-09-20 09:35:15.936000,422.1298048415538,102
2024-09-20 09:35:15.960000,422.12804686371175,105
2024-09-20 09:35:15.980000,422.1532028855993,15
2024-09-20 09:35:16.014000,422.0979401734117,5
2024-09-20 09:35:16.066000,422.0265088518631,99
2024-09-20 09:35:16.087000,422.0274388212936,996
2024-09-20 09:35:16.153000,422.06433952043136,7
2024-09-20 09:35:16.174000,422.0594326275034,1003
2024-09-20 09:35:16.184000,422.02968035689554,997
2024-09-20 09:35:16.224000,422.07929463609815,102
2024-09-20 09:35:16.262000,422.0852542064203,1005
2024-09-20 09:35:16.313000,422.0624368625037,105
2024-09-20 09:35:16.354000,422.1056321111101,14
2024-09-20 09:35:16.530000,422.0525706773692,95
2024-09-20 09:35:16.623000,422.0112278809204,98
2024-09-20 09:35:16.628000,422.0633281168195,100
2024-09-20 09:35:16.759000,422.0110930689162,1003
2024-09-20 09:35:16.762000,422.02422023527447,95
2024-09-20 09:35:16.776000,422.0096091336602,998
2024-09-20 09:35:16.798000,422.1072980138285,5
2024-09-20 09:35:16.829000,422.0302345688959,995
2024-09-20 09:35:16.945000,422.0092874286362,1005
2024-09-20 09:35:16.967000,422.05517540004087,12
2024-09-20 09:35:16.987000,421.999226701919,12
2024-09-20 09:35:17.010000,422.0155575703213,1003
2024-09-20 09:35:17.043000,421.9910590974698,998
2024-09-20 09:35:17.049000,422.00655360361446,97
2024-09-20 09:35:17.066000,422.01812284054427,15
2024-09-20 09:35:17.189000,422.01976457660254,102
2024-09-20 09:35:17.257000,421.97774404909705,9
2024-09-20 09:35:17.298000,421.99537713074005,14
2024-09-20 09:35:17.325000,422.0226533298622,8
2024-09-20 09:35:17.414000,421.9656618784715,12
2024-09-20 09:35:17.435000,422.018038476443,15
2024-09-20 09:35:17.453000,421.9799112794042,10
2024-09-20 09:35:17.478000,421.96222634215576,95
2024-09-20 09:35:17.489000,422.0397424901144,1000
2024-09-20 09:35:17.566000,422.0566552399327,7
2024-09-20 09:35:17.569000,421.9801895381334,996
2024-09-20 09:35:17.571000,422.0472493071008,99
2024-09-20 09:35:17.667000,421.9912054614752,995
2024-09-20 09:35:17.672000,421.9741521395797,15
2024-09-20 09:35:17.746000,421.9782528578911,1002
2024-09-20 09:35:17.777000,421.9948344751883,6
2024-09-20 09:35:17.851000,422.00649098297913,9
2024-09-20 09:35:17.865000,421.9603772494416,105
2024-09-20 09:35:17.938000,421.97988635732753,12
2024-09-20 09:35:17.941000,421.98180350253335,10
2024-09-20 09:35:18.012000,422.02465761751023,99
2024-09-20 09:35:18.041000,421.9765218552218,1004
2024-09-20 09:35:18.116000,421.9678432985791,103
2024-09-20 09:35:18.120000,422.0017027898991,996
2024-09-20 09:35:18.204000,421.9852952204152,10
2024-09-20 09:35:18.274000,422.0166999682223,999
2024-09-20 09:35:18.298000,422.0174482163813,10
2024-09-20 09:35:18.300000,421.99580254897705,11
2024-09-20 09:35:18.338000,422.0213778943027,97
2024-09-20 09:35:18.378000,421.9875729989004,999
2024-09-20 09:35:18.451000,422.00573455061294,12
2024-09-20 09:35:18.536000,421.987943530438,99
2024-09-20 09:35:18.597000,422.03454694277,9
2024-09-20 09:35:18.633000,422.00026556876537,15
2024-09-20 09:35:18.721000,421.9716285228478,10
2024-09-20 09:35:18.833000,421.958718225543,1000
2024-09-20 09:35:18.899000,422.0153417591255,100
2024-09-20 09:35:18.950000,422.03147368632096,101
2024-09-20 09:35:18.950000,421.9883516744031,95
2024-09-20 09:35:18.952000,421.9827602798746,105
2024-09-20 09:35:18.956000,422.02313600890784,13
2024-09-20 09:35:18.997000,422.0059510670766,10
2024-09-20 09:35:19.107000,421.98960958608177,13
2024-09-20 09:35:19.117000,422.00682282167696,105
2024-09-20 09:35:19.138000,421.95111504195086,96
2024-09-20 09:35:19.227000,421.9629167738635,105
2024-09-20 09:35:19.248000,421.9564375247664,98
2024-09-20 09:35:19.378000,421.9693532533773,97
2024-09-20 09:35:19.404000,421.9856322753789,96
2024-09-20 09:35:19.452000,421.97236739772535,15
2024-09-20 09:35:19.756000,421.96798899874,998
2024-09-20 09:35:19.868000,421.99513579387207,7
2024-09-20 09:35:19.923000,421.9900045588652,6
2024-09-20 09:35:19.968000,421.9943257505352,1004
2024-09-20 09:35:20.019000,421.9512538921017,999
2024-09-20 09:35:20.051000,421.9690741390573,104
2024-09-20 09:35:20.107000,422.0222682758358,1002
2024-09-20 09:35:20.111000,421.9641831608418,995
2024-09-20 09:35:20.204000,421.9773425475739,101
2024-09-20 09:35:20.211000,422.0279936327325,996
2024-09-20 09:35:20.237000,421.942002612081,12
2024-09-20 09:35:20.429000,421.98338344117104,996
2024-09-20 09:35:20.682000,422.02130819926,10
2024-09-20 09:35:20.719000,421.9863835855094,100
2024-09-20 09:35:20.756000,421.9531748276141,997
2024-09-20 09:35:20.856000,422.0357535217685,999
2024-09-20 09:35:20.911000,422.031452543028,102
2024-09-20 09:35:20.974000,422.0317234582407,10
2024-09-20 09:35:20.991000,422.01151091011207,1005
2024-09-20 09:35:21.042000,422.0473272572509,9
2024-09-20 09:35:21.166000,422.0803279441547,100
2024-09-20 09:35:21.200000,422.0745239329041,1004
2024-09-20 09:35:21.562000,422.0956871344672,8
2024-09-20 09:35:21.571000,422.0800809316863,9
2024-09-20 09:35:21.577000,422.08806565154606,104
2024-09-20 09:35:21.766000,422.10125228405377,102
2024-09-20 09:35:21.903000,422.0806351763191,105
2024-09-20 09:35:22.002000,422.0784254432037,104
2024-09-20 09:35:22.017000,422.1069109745137,100
2024-09-20 09:35:22.043000,422.0839957744415,1004
2024-09-20 09:35:22.149000,422.085445026854,13
2024-09-20 09:35:22.202000,422.0475721403208,8
2024-09-20 09:35:22.238000,422.121191048453,9
2024-09-20 09:35:22.242000,422.08152041288776,7
2024-09-20 09:35:22.288000,422.0483291588858,995
2024-09-20 09:35:22.332000,422.08122318715954,998
2024-09-20 09:35:22.534000,422.0673880076427,10
2024-09-20 09:35:22.598000,422.07379325663874,101
2024-09-20 09:35:22.645000,422.0763671194404,95
2024-09-20 09:35:22.671000,422.07974632648046,95
2024-09-20 09:35:22.771000,422.08406392832967,96
2024-09-20 09:35:22.771000,422.09104178240216,95
2024-09-20 09:35:22.772000,422.09183642431896,998
2024-09-20 09:35:22.816000,422.05307517875065,95
2024-09-20 09:35:22.921000,422.1088296602469,997
2024-09-20 09:35:22.966000,422.0783744651478,15
2024-09-20 09:35:23.044000,422.12974864842994,105
2024-09-20 09:35:24.188000,422.1298548425576,998
2024-09-20 09:35:25.160000,422.1472692863089,996
2024-09-20 09:35:25.161000,422.141276262465,6
2024-09-20 09:35:25.532000,422.1581919692799,997
2024-09-20 09:35:25.906000,422.1473072698436,13
2024-09-20 09:35:26.003000,422.1855351641146,7
2024-09-20 09:35:26.005000,422.15751104854365,100
2024-09-20 09:35:26.019000,422.1461499526656,1003
2024-09-20 09:35:26.057000,422.1794960502586,11
2024-09-20 09:35:26.057000,422.161120712752,998
2024-09-20 09:35:26.073000,422.1879085693616,14
2024-09-20 09:35:26.119000,422.1490605644485,10
2024-09-20 09:35:26.225000,422.18387717402817,10
2024-09-20 09:35:26.234000,422.1646856415604,999
2024-09-20 09:35:26.262000,422.19405192913246,996
2024-09-20 09:35:26.267000,422.2012250202991,102
2024-09-20 09:35:26.323000,422.1780366051332,997
2024-09-20 09:35:26.325000,422.1249084320976,99
2024-09-20 09:35:26.355000,422.1483196074871,95
2024-09-20 09:35:26.392000,422.1375087215066,10
2024-09-20 09:35:26.428000,422.1707590257655,6
2024-09-20 09:35:26.492000,422.15495808333776,104
2024-09-20 09:35:26.493000,422.1547827192068,997
2024-09-20 09:35:26.504000,422.1588858288709,95
2024-09-20 09:35:26.542000,422.180533451087,6
2024-09-20 09:35:26.571000,422.1761214729884,998
2024-09-20 09:35:26.639000,422.1758404225144,1003
2024-09-20 09:35:26.644000,422.1797690472312,99
2024-09-20 09:35:26.660000,422.17149354036695,1005
2024-09-20 09:35:26.806000,422.1751559784869,1003
2024-09-20 09:35:26.834000,422.1924263766582,102
2024-09-20 09:35:26.845000,422.1801926947071,103
2024-09-20 09:35:26.906000,422.1606904890959,998
2024-09-20 09:35:26.979000,422.1356527764132,6
2024-09-20 09:35:26.990000,422.1800395960085,10
2024-09-20 09:35:27.131000,422.1330555410915,10
2024-09-20 09:35:27.253000,422.128645015396,96
2024-09-20 09:35:27.639000,422.1240900839297,9
2024-09-20 09:35:27.640000,422.109368584794,5
2024-09-20 09:35:28.192000,422.1448718336436,12
2024-09-20 09:35:28.648000,422.1400471974662,14
2024-09-20 09:35:28.687000,422.1598443775041,10
2024-09-20 09:35:28.746000,422.1703667063659,98
2024-09-20 09:35:29.043000,422.168610606802,104
2024-09-20 09:35:29.119000,422.1791577247386,104
2024-09-20 09:35:29.125000,422.1346534037406,101
2024-09-20 09:35:29.208000,422.1639568510757,98
2024-09-20 09:35:29.384000,422.1787754094515,1004
2024-09-20 09:35:29.507000,422.14613362535897,997
2024-09-20 09:35:29.529000,422.1516626931858,11
2024-09-20 09:35:29.555000,422.1529328393725,8
2024-09-20 09:35:29.597000,422.12736370517337,103
2024-09-20 09:35:29.706000,422.1472184674863,13
2024-09-20 09:35:29.853000,422.161458270415,13
2024-09-20 09:35:29.892000,422.1772979917173,13
2024-09-20 09:35:29.929000,422.1388377908752,99
2024-09-20 09:35:30.078000,422.1404774340085,995
2024-09-20 09:35:30.438000,422.14802188853633,12
2024-09-20 09:35:30.743000,422.14819093776725,6
2024-09-20 09:35:30.977000,422.14020810691005,96
2024-09-20 09:35:30.980000,422.1499991914858,97
2024-09-20 09:35:31.005000,422.09532028759145,1005
2024-09-20 09:35:31.108000,422.11449291688814,98
2024-09-20 09:35:31.149000,422.0586431939893,95
2024-09-20 09:35:31.150000,422.11052136596464,105
2024-09-20 09:35:31.198000,422.0707262134926,6
2024-09-20 09:35:31.300000,422.0856854141531,995
2024-09-20 09:35:31.311000,422.1521471422897,101
2024-09-20 09:35:31.336000,422.1149313010468,1004
2024-09-20 09:35:31.360000,422.0427279283613,1003
2024-09-20 09:35:31.486000,422.03751208030593,14
2024-09-20 09:35:31.555000,422.1102241200474,10
2024-09-20 09:35:31.582000,422.04784201083305,6
2024-09-20 09:35:31.632000,422.04929442459854,996
2024-09-20 09:35:31.637000,422.10280040370793,5
2024-09-20 09:35:31.647000,422.14614963150825,1002
2024-09-20 09:35:31.673000,422.0486902049948,1005
2024-09-20 09:35:31.685000,422.066743962655,996
2024-09-20 09:35:31.799000,422.0580254693058,96
2024-09-20 09:35:31.835000,422.04886903812894,1005
2024-09-20 09:35:31.866000,422.04020442961854,996
2024-09-20 09:35:31.875000,422.1494034046745,101
2024-09-20 09:35:31.933000,422.0590410017472,11
2024-09-20 09:35:31.977000,422.0733922992494,1003
2024-09-20 09:35:31.981000,422.1047033082653,105
2024-09-20 09:35:31.982000,422.0321978155693,11
2024-09-20 09:35:32.085000,422.1080153025634,103
2024-09-20 09:35:32.223000,422.0520011092181,99
2024-09-20 09:35:32.314000,422.0575349797553,1002
2024-09-20 09:35:32.380000,422.0822653450414,996
2024-09-20 09:35:32.393000,422.093416716725,7
2024-09-20 09:35:32.396000,422.0868417746015,9
2024-09-20 09:35:32.440000,422.06854954127255,999
2024-09-20 09:35:32.478000,422.07848364956544,14
2024-09-20 09:35:32.758000,422.07180260751977,99
2024-09-20 09:35:32.780000,422.0885696953253,7
2024-09-20 09:35:32.793000,422.04782128573,1005
2024-09-20 09:35:32.862000,422.0737167877616,998
2024-09-20 09:35:32.956000,422.0924455722607,998
2024-09-20 09:35:32.975000,422.0590932352149,996
2024-09-20 09:35:32.978000,422.0495389338877,12
2024-09-20 09:35:33.011000,422.0424811253636,14
2024-09-20 09:35:33.035000,422.0818672671346,97
2024-09-20 09:35:33.046000,422.0345582585724,1002
2024-09-20 09:35:33.070000,422.0088538648232,100
2024-09-20 09:35:33.089000,422.0459494803792,1004
2024-09-20 09:35:33.092000,422.057928312488,7
2024-09-20 09:35:33.101000,422.0520639660935,101
2024-09-20 09:35:33.268000,422.0935734379316,103
2024-09-20 09:35:33.281000,422.0367925892624,95
2024-09-20 09:35:33.317000,422.0039619598241,999
2024-09-20 09:35:33.324000,422.0654156806946,99
2024-09-20 09:35:33.417000,422.0794280621057,97
2024-09-20 09:35:33.529000,422.0193075385249,96
2024-09-20 09:35:33.564000,422.0383947989947,12
2024-09-20 09:35:33.581000,422.049530468852,1005
2024-09-20 09:35:33.647000,421.9997642807628,103
2024-09-20 09:35:33.663000,422.0134708986625,10
2024-09-20 09:35:33.740000,422.0653375959008,101
2024-09-20 09:35:33.757000,422.01537944500274,97
2024-09-20 09:35:33.779000,421.99429507932473,11
2024-09-20 09:35:33.781000,422.0517734003673,95
2024-09-20 09:35:33.792000,422.04021136224617,101
2024-09-20 09:35:33.828000,422.09529415139264,996
2024-09-20 09:35:33.895000,422.0203868353468,96
2024-09-20 09:35:33.913000,422.01502633448536,98
2024-09-20 09:35:33.916000,422.0526971694399,99
2024-09-20 09:35:33.938000,422.0385663068074,105
2024-09-20 09:35:33.955000,422.0300657018072,14
2024-09-20 09:35:33.968000,422.0326535345013,96
2024-09-20 09:35:33.990000,422.0425931158617,102
2024-09-20 09:35:34.145000,421.9961968227651,1001
2024-09-20 09:35:34.164000,422.0050184433658,10
2024-09-20 09:35:34.335000,421.9598358459544,9
2024-09-20 09:35:34.497000,422.0050663020803,14
2024-09-20 09:35:34.510000,422.0189158974959,13
2024-09-20 09:35:34.519000,421.9872894300429,8
2024-09-20 09:35:34.559000,422.015913996285,99
2024-09-20 09:35:34.587000,421.98173795564287,103
2024-09-20 09:35:34.587000,421.96418628417496,14
2024-09-20 09:35:34.723000,421.9847482546193,102
2024-09-20 09:35:34.738000,421.9630098734566,99
2024-09-20 09:35:34.744000,421.99844894797394,104
2024-09-20 09:35:34.927000,421.9745951166023,104
2024-09-20 09:35:34.971000,422.0055598490224,103
2024-09-20 09:35:34.988000,421.9945332332987,996
2024-09-20 09:35:35.067000,422.0523756599589,13
2024-09-20 09:35:35.248000,422.00220740877336,99
2024-09-20 09:35:35.264000,421.99474011824753,97
2024-09-20 09:35:35.418000,422.0196092540181,7
2024-09-20 09:35:35.584000,422.0121507924628,1001
2024-09-20 09:35:35.920000,422.00188045799206,1000
2024-09-20 09:35:35.928000,422.00627990901006,95
2024-09-20 09:35:36.032000,422.0243951989461,999
2024-09-20 09:35:36.107000,422.0931756663687,100
2024-09-20 09:35:36.141000,422.04508676545896,103
2024-09-20 09:35:36.215000,422.0399710320213,97
2024-09-20 09:35:36.252000,422.0869031321654,1002
2024-09-20 09:35:36.294000,422.0749053580244,8
2024-09-20 09:35:36.302000,422.0630889659287,997
2024-09-20 09:35:36.335000,422.0734322746719,13
2024-09-20 09:35:36.338000,422.0563066801276,104
2024-09-20 09:35:36.430000,422.046217875396,1004
2024-09-20 09:35:36.456000,422.03811387376095,105
2024-09-20 09:35:36.475000,422.05058439864695,99
2024-09-20 09:35:36.479000,422.09106597448186,997
2024-09-20 09:35:36.480000,422.0273694901836,100
2024-09-20 09:35:36.539000,422.0224497482131,998
2024-09-20 09:35:36.640000,422.0569972825616,98
2024-09-20 09:35:36.695000,422.05397008313264,1004
2024-09-20 09:35:36.708000,422.0120225354984,1004
2024-09-20 09:35:36.738000,422.07604849564143,6
2024-09-20 09:35:36.752000,422.0371453058314,103
2024-09-20 09:35:36.759000,422.0729643900897,1001
2024-09-20 09:35:36.764000,422.0714726697492,102
2024-09-20 09:35:36.766000,422.0387056377493,995
2024-09-20 09:35:36.804000,422.0308230379969,15
2024-09-20 09:35:36.849000,422.0275944811671,997
2024-09-20 09:35:36.903000,422.04061186278216,5
2024-09-20 09:35:37.047000,422.0423987198097,1002
2024-09-20 09:35:37.131000,422.0597961009656,105
2024-09-20 09:35:37.483000,422.0593565585244,96
2024-09-20 09:35:37.728000,422.0732940207757,95
2024-09-20 09:35:38.122000,422.0755982632589,7
2024-09-20 09:35:38.176000,422.0610501009812,996
2024-09-20 09:35:38.217000,422.0771287283649,14
2024-09-20 09:35:38.271000,422.05732333455467,996
2024-09-20 09:35:38.467000,422.0583880459076,9
2024-09-20 09:35:38.689000,422.0582837659598,14
2024-09-20 09:35:38.736000,422.0803913176098,7
2024-09-20 09:35:38.809000,422.0914652360397,98
2024-09-20 09:35:38.848000,422.0820623624504,104
2024-09-20 09:35:38.856000,422.0522476200409,1001
2024-09-20 09:35:38.892000,422.0877707512334,11
2024-09-20 09:35:38.944000,422.0809476773143,995
2024-09-20 09:35:39.093000,422.0439734002191,95
2024-09-20 09:35:39.906000,422.0299798664107,6
2024-09-20 09:35:40.059000,422.0211074043824,99
2024-09-20 09:35:40.103000,422.0150760950757,96
2024-09-20 09:35:40.263000,422.0132777836029,95
2024-09-20 09:35:40.344000,422.0370125526805,15
2024-09-20 09:35:40.449000,422.0241473881138,1004
2024-09-20 09:35:40.586000,422.0258296134835,1005
2024-09-20 09:35:40.674000,422.0416889430584,104
2024-09-20 09:35:40.691000,422.0171067483786,99
2024-09-20 09:35:41.273000,422.04298635984617,95
2024-09-20 09:35:41.530000,422.0461624206464,9
2024-09-20 09:35:41.763000,422.0611435802918,98
2024-09-20 09:35:42.085000,422.0287944575807,100
2024-09-20 09:35:42.086000,422.0461490559482,104
2024-09-20 09:35:42.133000,422.0611863567822,14
2024-09-20 09:35:42.150000,422.0882600827972,100
2024-09-20 09:35:42.156000,422.0595637260863,102
2024-09-20 09:35:42.385000,422.0044603243577,15
2024-09-20 09:35:42.399000,421.9781233637463,15
2024-09-20 09:35:42.426000,422.0016727859978,997
2024-09-20 09:35:42.434000,422.0695472342912,997
2024-09-20 09:35:42.436000,421.9813279407085,104
2024-09-20 09:35:42.467000,422.0619478867635,99
2024-09-20 09:35:42.483000,421.9961346592462,1002
2024-09-20 09:35:42.507000,422.00397971961394,996
2024-09-20 09:35:42.537000,421.96976007515946,7
2024-09-20 09:35:42.549000,422.0886102541898,103
2024-09-20 09:35:42.587000,422.0214562467061,1000
2024-09-20 09:35:42.701000,421.99202141314186,1005
2024-09-20 09:35:42.726000,422.06503540894073,15
2024-09-20 09:35:42.763000,422.0508745801566,1003
2024-09-20 09:35:42.799000,422.0942901968004,6
2024-09-20 09:35:42.848000,422.0475154142601,13
2024-09-20 09:35:42.905000,422.080861165276,101
2024-09-20 09:35:42.919000,422.0718874460606,6
2024-09-20 09:35:42.940000,421.988311324591,98
2024-09-20 09:35:42.941000,421.97784643236525,997
2024-09-20 09:35:42.957000,422.012141217674,999
2024-09-20 09:35:42.979000,422.0940383034157,6
2024-09-20 09:35:43.122000,421.9696343621963,8
2024-09-20 09:35:43.259000,421.95473639805743,10
2024-09-20 09:35:43.319000,421.96490414177407,999
2024-09-20 09:35:43.444000,421.96624464908655,97
2024-09-20 09:35:43.458000,421.9546287611281,998
2024-09-20 09:35:43.521000,421.9479374337452,11
2024-09-20 09:35:44.011000,421.9825649629351,1003
2024-09-20 09:35:44.074000,421.9300022996311,1000
2024-09-20 09:35:44.182000,421.9643808992622,99
2024-09-20 09:35:44.187000,421.96209171130255,1005
2024-09-20 09:35:44.208000,421.96706975799975,12
2024-09-20 09:35:44.339000,421.9613096527107,1000
2024-09-20 09:35:44.541000,421.9378358021242,13
2024-09-20 09:35:44.569000,421.91708654897695,996
2024-09-20 09:35:44.642000,421.9280747408472,998
2024-09-20 09:35:44.669000,421.9356591255692,1004
2024-09-20 09:35:44.769000,421.9671070603867,5
2024-09-20 09:35:44.783000,421.9772668777046,5
2024-09-20 09:35:44.804000,421.9563503089385,999
2024-09-20 09:35:44.875000,421.9323150818154,98
2024-09-20 09:35:44.910000,421.9698658888537,5
2024-09-20 09:35:45.007000,421.90081308774165,6
2024-09-20 09:35:45.013000,421.9216297842673,6
2024-09-20 09:35:45.067000,421.9438157300856,12
2024-09-20 09:35:45.103000,421.9128290405599,1001
2024-09-20 09:35:45.104000,421.956348285868,14
2024-09-20 09:35:45.233000,421.8906957975209,105
2024-09-20 09:35:45.275000,421.87429633860273,5
2024-09-20 09:35:45.278000,421.8868971538989,98
2024-09-20 09:35:45.439000,421.88519846545154,96
2024-09-20 09:35:45.454000,421.89052789228055,10
2024-09-20 09:35:45.564000,421.8905172269573,13
2024-09-20 09:35:45.609000,421.8978862785351,1000
2024-09-20 09:35:45.634000,421.9112604748471,10
2024-09-20 09:35:45.654000,421.9342300615373,8
2024-09-20 09:35:45.698000,421.9159361065677,996
2024-09-20 09:35:45.707000,421.8991951113349,7
2024-09-20 09:35:45.730000,421.9337708362616,1000
2024-09-20 09:35:45.732000,421.8828277181898,5
2024-09-20 09:35:45.749000,421.9455262999102,996
2024-09-20 09:35:45.781000,421.9624833562003,96
2024-09-20 09:35:45.790000,421.9482604220767,995
2024-09-20 09:35:45.924000,421.9170755580534,997
2024-09-20 09:35:45.930000,421.8981435407242,98
2024-09-20 09:35:45.965000,421.9272543775485,1004
2024-09-20 09:35:46.034000,421.8907895641656,999
2024-09-20 09:35:46.137000,421.8487477018732,10
2024-09-20 09:35:46.353000,421.8852902977713,998
2024-09-20 09:35:46.448000,421.860153271669,1005
2024-09-20 09:35:46.454000,421.8439115634827,14
2024-09-20 09:35:46.565000,421.8800114327422,95
2024-09-20 09:35:46.692000,421.8233565809962,104
2024-09-20 09:35:46.892000,421.8479687778006,9
2024-09-20 09:35:46.915000,421.8463385886777,11
2024-09-20 09:35:46.937000,421.8360907111522,997
2024-09-20 09:35:47.076000,421.80406640662414,12
2024-09-20 09:35:47.137000,421.8200379954673,104
2024-09-20 09:35:47.270000,421.78148977307006,9
2024-09-20 09:35:47.292000,421.8097892385873,15
2024-09-20 09:35:47.299000,421.8174878952704,1005
2024-09-20 09:35:47.313000,421.7550416230146,999
2024-09-20 09:35:47.339000,421.7926516109404,995
2024-09-20 09:35:47.470000,421.8249243945814,98
2024-09-20 09:35:47.473000,421.7648244696362,96
2024-09-20 09:35:47.479000,421.7886251658648,14
2024-09-20 09:35:47.501000,421.7795201341821,1003
2024-09-20 09:35:47.585000,421.80487627529055,1000
2024-09-20 09:35:47.603000,421.8285056496766,13
2024-09-20 09:35:47.640000,421.7832733865654,1000
2024-09-20 09:35:47.715000,421.828152775067,15
2024-09-20 09:35:47.768000,421.7769397292499,96
2024-09-20 09:35:47.844000,421.820906346689,95
2024-09-20 09:35:47.848000,421.8088244175769,1001
2024-09-20 09:35:47.856000,421.8198449376889,9
2024-09-20 09:35:47.876000,421.8224836952826,15
2024-09-20 09:35:48.044000,421.8068475241847,10
2024-09-20 09:35:48.159000,421.8050028184617,96
2024-09-20 09:35:48.169000,421.8273413631729,104
2024-09-20 09:35:48.212000,421.8410973500697,8
2024-09-20 09:35:48.234000,421.8208110125466,995
2024-09-20 09:35:48.244000,421.80395843567607,6
2024-09-20 09:35:48.337000,421.7905032583592,101
2024-09-20 09:35:48.346000,421.7945386848628,1000
2024-09-20 09:35:48.487000,421.83103231157327,8
2024-09-20 09:35:48.496000,421.8421031696136,1002
2024-09-20 09:35:48.532000,421.8309513820822,99
2024-09-20 09:35:48.562000,421.812638376291,15
2024-09-20 09:35:48.636000,421.7870891563688,1004
2024-09-20 09:35:48.666000,421.8014596586048,995
2024-09-20 09:35:48.702000,421.78280949847954,1002
2024-09-20 09:35:48.880000,421.8019697025004,102
2024-09-20 09:35:48.888000,421.7977851485556,97
2024-09-20 09:35:48.932000,421.8222977713358,105
2024-09-20 09:35:49.103000,421.83489721516565,15
2024-09-20 09:35:49.387000,421.8163979024216,9
2024-09-20 09:35:49.454000,421.8226415453067,5
2024-09-20 09:35:49.458000,421.8388503737819,7
2024-09-20 09:35:49.508000,421.8565860557664,997
2024-09-20 09:35:49.700000,421.8597333511123,104
2024-09-20 09:35:49.832000,421.8323197666077,104
2024-09-20 09:35:49.844000,421.83323400534215,996
2024-09-20 09:35:50.038000,421.8031636480613,996
2024-09-20 09:35:50.053000,421.8143097551726,1005
2024-09-20 09:35:50.061000,421.8053322495404,95
2024-09-20 09:35:50.101000,421.8413192487271,6
2024-09-20 09:35:50.106000,421.7548720118425,1001
2024-09-20 09:35:50.116000,421.80552675133606,11
2024-09-20 09:35:50.180000,421.7760519332926,12
2024-09-20 09:35:50.267000,421.7529771136009,105
2024-09-20 09:35:50.286000,421.76846489644817,10
2024-09-20 09:35:50.354000,421.76834576700605,995
2024-09-20 09:35:50.424000,421.7757677536978,5
2024-09-20 09:35:50.450000,421.8390564166601,103
2024-09-20 09:35:50.452000,421.8256661662891,15
2024-09-20 09:35:50.515000,421.79699879954205,11
2024-09-20 09:35:50.556000,421.782598952917,5
2024-09-20 09:35:50.584000,421.7619637407928,1004
2024-09-20 09:35:50.585000,421.8192673667332,12
2024-09-20 09:35:50.646000,421.8274006333032,1004
2024-09-20 09:35:50.715000,421.77356659674217,95
2024-09-20 09:35:50.776000,421.7611817737104,8
2024-09-20 09:35:50.817000,421.7903281851725,1004
2024-09-20 09:35:50.850000,421.8540148450168,98
2024-09-20 09:35:50.892000,421.75834356913504,14
2024-09-20 09:35:50.897000,421.7510283169216,1003
2024-09-20 09:35:50.909000,421.7688958960624,15
2024-09-20 09:35:50.978000,421.8414900498713,97
2024-09-20 09:35:51.027000,421.7483554638927,101
2024-09-20 09:35:51.046000,421.7439191673752,997
2024-09-20 09:35:51.046000,421.7556186777249,11
2024-09-20 09:35:51.118000,421.7430928870494,97
2024-09-20 09:35:51.194000,421.7444769577672,104
2024-09-20 09:35:51.237000,421.7602335138869,105
2024-09-20 09:35:51.283000,421.7652226471959,1000
2024-09-20 09:35:51.354000,421.7432286794888,101
2024-09-20 09:35:51.366000,421.7372302481853,995
2024-09-20 09:35:51.405000,421.7489034155257,103
2024-09-20 09:35:51.409000,421.773349147736,98
2024-09-20 09:35:51.458000,421.74071662531065,11
2024-09-20 09:35:51.465000,421.74501014413687,998
2024-09-20 09:35:51.606000,421.7415974886073,1002
2024-09-20 09:35:51.735000,421.7394735298069,99
2024-09-20 09:35:51.867000,421.7649204630327,11
2024-09-20 09:35:51.914000,421.74266783033295,11
2024-09-20 09:35:51.974000,421.74960707582255,995
2024-09-20 09:35:51.995000,421.7301284663481,8
2024-09-20 09:35:52.054000,421.76268406388,5
2024-09-20 09:35:52.421000,421.73889176439496,1005
2024-09-20 09:35:52.465000,421.7442350176357,101
2024-09-20 09:35:52.539000,421.7654017987744,101
2024-09-20 09:35:52.726000,421.7751610555518,7
2024-09-20 09:35:52.751000,421.73800274276215,14
2024-09-20 09:35:53.080000,421.7320514138856,105
2024-09-20 09:35:53.213000,421.7584779015976,999
2024-09-20 09:35:53.237000,421.7882334992551,995
2024-09-20 09:35:53.298000,421.7552731316532,104
2024-09-20 09:35:53.310000,421.7518224682364,103
2024-09-20 09:35:53.402000,421.7335126793696,14
2024-09-20 09:35:53.463000,421.7319332179789,7
2024-09-20 09:35:53.568000,421.7392988210699,5
2024-09-20 09:35:53.636000,421.7448501527415,96
2024-09-20 09:35:53.724000,421.7879628589384,105
2024-09-20 09:35:54.095000,421.78677676862736,995
2024-09-20 09:35:54.107000,421.77548547191816,10
2024-09-20 09:35:54.145000,421.78566149447454,5
2024-09-20 09:35:54.173000,421.78307823382767,8
2024-09-20 09:35:54.173000,421.7937598334016,1003
2024-09-20 09:35:54.178000,421.8042038777769,99
2024-09-20 09:35:54.191000,421.7542277395224,101
2024-09-20 09:35:54.219000,421.7819553452578,996
2024-09-20 09:35:54.234000,421.7534249660269,102
2024-09-20 09:35:54.364000,421.7832042822607,998
2024-09-20 09:35:54.394000,421.7762226567169,12
2024-09-20 09:35:54.395000,421.7871158002927,13
2024-09-20 09:35:54.409000,421.7974831311717,14
2024-09-20 09:35:54.464000,421.80075932175606,103
2024-09-20 09:35:54.487000,421.78987884967177,1001
2024-09-20 09:35:54.547000,421.8026222450045,996
2024-09-20 09:35:54.658000,421.7822035572484,6
2024-09-20 09:35:54.693000,421.8059324231207,995
2024-09-20 09:35:54.740000,421.7952401432237,11
2024-09-20 09:35:54.898000,421.79300519670295,97
2024-09-20 09:35:54.964000,421.7814692273303,103
2024-09-20 09:35:55.001000,421.7428984031796,14
2024-09-20 09:35:55.029000,421.7313223195085,96
2024-09-20 09:35:55.062000,421.73838035373706,7
2024-09-20 09:35:55.071000,421.770968958969,14
2024-09-20 09:35:55.095000,421.7511135975141,1000
2024-09-20 09:35:55.265000,421.7446639278642,100
2024-09-20 09:35:55.281000,421.741239853226,14
2024-09-20 09:35:55.384000,421.7411147462751,13
2024-09-20 09:35:55.414000,421.7593283094954,10
2024-09-20 09:35:55.417000,421.736402264692,96
2024-09-20 09:35:55.441000,421.7267389756448,1001
2024-09-20 09:35:55.522000,421.7344134417199,9
2024-09-20 09:35:55.550000,421.7371465824469,96
2024-09-20 09:35:55.564000,421.7340946968966,9
2024-09-20 09:35:55.622000,421.73708404615024,1003
2024-09-20 09:35:55.622000,421.7432632298097,15
2024-09-20 09:35:55.652000,421.7368499153855,7
2024-09-20 09:35:55.662000,421.7480472596665,101
2024-09-20 09:35:55.667000,421.7425157219116,997
2024-09-20 09:35:55.671000,421.7587355465043,996
2024-09-20 09:35:55.711000,421.7331918195307,13
2024-09-20 09:35:55.715000,421.7550241659011,9
2024-09-20 09:35:55.765000,421.75738576968985,102
2024-09-20 09:35:55.768000,421.7445754693414,15
2024-09-20 09:35:55.858000,421.7608696668887,103
2024-09-20 09:35:55.873000,421.7505203040057,95
2024-09-20 09:35:55.920000,421.7525526724091,996
2024-09-20 09:35:55.982000,421.7473336025585,104
2024-09-20 09:35:56.024000,421.7582339745022,102
2024-09-20 09:35:56.208000,421.7452563571136,105
2024-09-20 09:35:56.310000,421.74414387568606,15
2024-09-20 09:35:56.540000,421.760200596355,105
2024-09-20 09:35:56.712000,421.7454525893503,15
2024-09-20 09:35:56.880000,421.7417144369141,100
2024-09-20 09:35:56.926000,421.7546214675446,14
2024-09-20 09:35:57.366000,421.7438787717583,1004
2024-09-20 09:35:57.378000,421.7405217339556,1001
2024-09-20 09:35:57.457000,421.7454947394336,1003
2024-09-20 09:35:57.470000,421.75687424044565,1003
2024-09-20 09:35:57.747000,421.7417756389615,998
2024-09-20 09:35:57.769000,421.73960135186746,103
2024-09-20 09:35:57.772000,421.7367512869582,995
2024-09-20 09:35:57.900000,421.7524498255119,104
2024-09-20 09:35:58.195000,421.71796044124665,15
2024-09-20 09:35:58.272000,421.7108260648152,102
2024-09-20 09:35:58.492000,421.7097137330041,7
2024-09-20 09:35:58.746000,421.7077529949925,1005
2024-09-20 09:35:59.106000,421.7242611381658,1000
2024-09-20 09:35:59.495000,421.71932753422186,103
2024-09-20 09:35:59.685000,421.7001054061445,1000
2024-09-20 09:35:59.765000,421.7398066389497,104
