Timestamp,Price,Size
2024-09-18 12:45:00.031000,416.7523960639023,1004
2024-09-18 12:45:00.037000,416.7533035719671,98
2024-09-18 12:45:00.037000,416.7856604351079,996
2024-09-18 12:45:00.076000,416.7664684697468,99
2024-09-18 12:45:00.145000,416.81080239028233,13
2024-09-18 12:45:00.178000,416.77325823992027,996
2024-09-18 12:45:00.201000,416.76509625367805,95
2024-09-18 12:45:00.214000,416.8112200734045,996
2024-09-18 12:45:00.222000,416.765742428539,103
2024-09-18 12:45:00.255000,416.8141263286429,1000
2024-09-18 12:45:00.256000,416.7709318473133,102
2024-09-18 12:45:00.284000,416.75897250336607,11
2024-09-18 12:45:00.469000,416.77813369552905,101
2024-09-18 12:45:00.478000,416.76419030195865,14
2024-09-18 12:45:00.489000,416.8301066605293,99
2024-09-18 12:45:00.490000,416.76623388228745,999
2024-09-18 12:45:00.569000,416.7318018300015,97
2024-09-18 12:45:00.583000,416.7994329906017,1005
2024-09-18 12:45:00.638000,416.7705354672082,103
2024-09-18 12:45:00.702000,416.8199575081532,98
2024-09-18 12:45:00.746000,416.75529356626254,14
2024-09-18 12:45:00.757000,416.8314476052227,96
2024-09-18 12:45:00.770000,416.759191370493,1003
2024-09-18 12:45:00.848000,416.77354889341,101
2024-09-18 12:45:00.873000,416.7596479218693,101
2024-09-18 12:45:00.874000,416.7707144505929,96
2024-09-18 12:45:00.879000,416.7741239255339,1005
2024-09-18 12:45:00.893000,416.7381647681496,6
2024-09-18 12:45:00.956000,416.7704945900772,97
2024-09-18 12:45:00.967000,416.7823405761899,1004
2024-09-18 12:45:01.039000,416.7073448287487,9
2024-09-18 12:45:01.113000,416.7381295026648,11
2024-09-18 12:45:01.127000,416.73212168261705,996
2024-09-18 12:45:01.141000,416.7128432473581,999
2024-09-18 12:45:01.262000,416.7116086995606,14
2024-09-18 12:45:01.280000,416.7440313267405,996
2024-09-18 12:45:01.290000,416.74919957297,6
2024-09-18 12:45:01.410000,416.74247346899335,8
2024-09-18 12:45:01.539000,416.7219855020397,1004
2024-09-18 12:45:01.572000,416.70433693673175,102
2024-09-18 12:45:01.863000,416.7436388391023,98
2024-09-18 12:45:01.870000,416.7313663641388,8
2024-09-18 12:45:02.065000,416.6974564360439,13
2024-09-18 12:45:02.093000,416.7119623099896,1000
2024-09-18 12:45:02.103000,416.7628297580972,9
2024-09-18 12:45:02.399000,416.7163181544092,100
2024-09-18 12:45:02.459000,416.7243087276127,100
2024-09-18 12:45:02.481000,416.7283353496157,1001
2024-09-18 12:45:02.659000,416.7329707168106,101
2024-09-18 12:45:02.787000,416.7261780103621,98
2024-09-18 12:45:02.792000,416.7191239484118,11
2024-09-18 12:45:02.888000,416.7476363873991,102
2024-09-18 12:45:02.899000,416.710754747998,95
2024-09-18 12:45:02.899000,416.7230461982768,14
2024-09-18 12:45:02.934000,416.7293468027916,99
2024-09-18 12:45:02.974000,416.72484501020455,96
2024-09-18 12:45:02.988000,416.7264291581977,100
2024-09-18 12:45:02.993000,416.68662875227807,8
2024-09-18 12:45:03.020000,416.65747586091567,105
2024-09-18 12:45:03.097000,416.6518991500176,1000
2024-09-18 12:45:03.639000,416.6648609984875,7
2024-09-18 12:45:03.894000,416.6608321914947,95
2024-09-18 12:45:04.033000,416.6609885127685,1005
2024-09-18 12:45:04.096000,416.6844535467283,7
2024-09-18 12:45:04.101000,416.6521968217274,1002
2024-09-18 12:45:04.118000,416.6548897712147,7
2024-09-18 12:45:04.164000,416.66101200877927,1002
2024-09-18 12:45:04.200000,416.681494623362,96
2024-09-18 12:45:04.324000,416.6606067606434,5
2024-09-18 12:45:04.391000,416.6709309515426,97
2024-09-18 12:45:04.614000,416.64686211604993,8
2024-09-18 12:45:04.655000,416.6664470618904,6
2024-09-18 12:45:04.729000,416.67465976807,11
2024-09-18 12:45:04.831000,416.6478257295477,101
2024-09-18 12:45:04.942000,416.65375126210273,13
2024-09-18 12:45:04.969000,416.6511480063784,13
2024-09-18 12:45:05.015000,416.670421239242,7
2024-09-18 12:45:05.484000,416.70050616924726,999
2024-09-18 12:45:05.822000,416.6777231116147,999
2024-09-18 12:45:06.001000,416.7061674522351,104
2024-09-18 12:45:06.031000,416.6883481073071,8
2024-09-18 12:45:06.499000,416.69559320151353,1000
2024-09-18 12:45:07.074000,416.7324232026055,9
2024-09-18 12:45:07.163000,416.7075751346827,102
2024-09-18 12:45:07.270000,416.7028259440128,95
2024-09-18 12:45:07.329000,416.7229761639221,102
2024-09-18 12:45:07.403000,416.694908291226,104
2024-09-18 12:45:07.429000,416.7151740212797,9
2024-09-18 12:45:07.429000,416.6805548202005,13
2024-09-18 12:45:07.520000,416.70601517750896,10
2024-09-18 12:45:07.583000,416.6966021476317,998
2024-09-18 12:45:07.608000,416.6919363081731,997
2024-09-18 12:45:07.631000,416.7125510309575,995
2024-09-18 12:45:07.744000,416.6998524892297,103
2024-09-18 12:45:07.760000,416.6842870342679,996
2024-09-18 12:45:07.817000,416.694634712372,103
2024-09-18 12:45:07.846000,416.68604831318703,102
2024-09-18 12:45:07.855000,416.703653052967,9
2024-09-18 12:45:07.947000,416.6956573146692,100
2024-09-18 12:45:08.049000,416.7599796700762,998
2024-09-18 12:45:08.067000,416.7154015273699,1005
2024-09-18 12:45:08.087000,416.7078778785527,95
2024-09-18 12:45:08.124000,416.7443205736126,8
2024-09-18 12:45:08.210000,416.685367854789,99
2024-09-18 12:45:08.306000,416.7183515467913,97
2024-09-18 12:45:08.310000,416.7315245584963,995
2024-09-18 12:45:08.322000,416.7217790424448,99
2024-09-18 12:45:08.332000,416.71321097961146,1002
2024-09-18 12:45:08.363000,416.6982076979121,100
2024-09-18 12:45:08.421000,416.72754714193593,6
2024-09-18 12:45:08.450000,416.7129944559856,5
2024-09-18 12:45:08.526000,416.74208968415496,102
2024-09-18 12:45:08.549000,416.72522650623984,97
2024-09-18 12:45:08.585000,416.71977755327407,1005
2024-09-18 12:45:08.586000,416.697323519722,1004
2024-09-18 12:45:08.623000,416.7174689681417,97
2024-09-18 12:45:08.765000,416.7217743570207,997
2024-09-18 12:45:08.781000,416.7112641782333,7
2024-09-18 12:45:08.824000,416.7081050798428,8
2024-09-18 12:45:08.954000,416.7095179879455,11
2024-09-18 12:45:08.977000,416.70128258455264,1000
2024-09-18 12:45:09.092000,416.8053202516927,1004
2024-09-18 12:45:09.191000,416.71274597211726,95
2024-09-18 12:45:09.415000,416.80381290976976,8
2024-09-18 12:45:09.423000,416.72583287500913,103
2024-09-18 12:45:09.554000,416.8084136498417,13
2024-09-18 12:45:09.568000,416.7076532501628,105
2024-09-18 12:45:09.676000,416.8247684772501,996
2024-09-18 12:45:09.726000,416.6960919325397,100
2024-09-18 12:45:09.737000,416.7890440909505,102
2024-09-18 12:45:09.751000,416.7496047026388,95
2024-09-18 12:45:09.769000,416.72341178827946,105
2024-09-18 12:45:09.824000,416.7204704441432,1000
2024-09-18 12:45:09.882000,416.818406000596,995
2024-09-18 12:45:09.897000,416.7144605219828,98
2024-09-18 12:45:09.904000,416.760245354256,97
2024-09-18 12:45:09.994000,416.7905601287916,8
2024-09-18 12:45:09.994000,416.7201718023372,15
2024-09-18 12:45:10.055000,416.7618159995866,95
2024-09-18 12:45:10.126000,416.75408198533006,103
2024-09-18 12:45:10.200000,416.8071406485669,13
2024-09-18 12:45:10.207000,416.7698056571732,9
2024-09-18 12:45:10.232000,416.7622273802972,14
2024-09-18 12:45:10.251000,416.7787445458077,102
2024-09-18 12:45:10.269000,416.7681646721785,1004
2024-09-18 12:45:10.455000,416.74394241604375,105
2024-09-18 12:45:10.539000,416.79816677172096,96
2024-09-18 12:45:10.653000,416.7666144219728,7
2024-09-18 12:45:10.661000,416.768116163808,103
2024-09-18 12:45:10.679000,416.7849888170306,996
2024-09-18 12:45:10.692000,416.79911483659566,997
2024-09-18 12:45:10.713000,416.79168334034887,15
2024-09-18 12:45:10.727000,416.78694247316497,999
2024-09-18 12:45:10.770000,416.7742429560801,9
2024-09-18 12:45:10.942000,416.791268055386,102
2024-09-18 12:45:10.965000,416.7760873836969,1002
2024-09-18 12:45:11.026000,416.7735779025216,100
2024-09-18 12:45:11.028000,416.78569819351935,100
2024-09-18 12:45:11.095000,416.8015553151457,97
2024-09-18 12:45:11.102000,416.777676309304,8
2024-09-18 12:45:11.104000,416.8152234693745,15
2024-09-18 12:45:11.142000,416.7679235160836,101
2024-09-18 12:45:11.196000,416.77588504744654,9
2024-09-18 12:45:11.202000,416.79591037604223,99
2024-09-18 12:45:11.227000,416.8147472962367,105
2024-09-18 12:45:11.240000,416.8004149701738,98
2024-09-18 12:45:11.350000,416.78516160313296,1005
2024-09-18 12:45:11.358000,416.8027641215173,1000
2024-09-18 12:45:11.521000,416.7990141745252,103
2024-09-18 12:45:11.677000,416.7931631320105,9
2024-09-18 12:45:11.690000,416.8033312863168,7
2024-09-18 12:45:11.806000,416.8033698165906,95
2024-09-18 12:45:11.851000,416.7979411883429,7
2024-09-18 12:45:11.894000,416.80678573151965,9
2024-09-18 12:45:11.933000,416.7964316744436,101
2024-09-18 12:45:11.973000,416.8067537594792,14
2024-09-18 12:45:12.019000,416.7763017088254,1005
2024-09-18 12:45:12.116000,416.8347243629073,5
2024-09-18 12:45:12.132000,416.7945293053656,1001
2024-09-18 12:45:12.191000,416.7958755381577,15
2024-09-18 12:45:12.195000,416.793290218343,9
2024-09-18 12:45:12.202000,416.8032775143054,997
2024-09-18 12:45:12.203000,416.8206809893159,98
2024-09-18 12:45:12.213000,416.8024789463113,996
2024-09-18 12:45:12.269000,416.8281033720229,11
2024-09-18 12:45:12.320000,416.8056756102922,96
2024-09-18 12:45:12.332000,416.80392659909927,10
2024-09-18 12:45:12.364000,416.8000275425607,1000
2024-09-18 12:45:12.376000,416.8338391318767,998
2024-09-18 12:45:12.394000,416.8119724724973,5
2024-09-18 12:45:12.475000,416.82123436032856,10
2024-09-18 12:45:12.478000,416.7979999157974,98
2024-09-18 12:45:12.494000,416.81776247055257,95
2024-09-18 12:45:12.596000,416.8070928759204,995
2024-09-18 12:45:12.687000,416.8121756705343,997
2024-09-18 12:45:12.714000,416.82880148042193,6
2024-09-18 12:45:12.717000,416.8210593445654,1001
2024-09-18 12:45:12.740000,416.7924801206407,1002
2024-09-18 12:45:12.744000,416.8173140897056,995
2024-09-18 12:45:12.811000,416.8045328651639,995
2024-09-18 12:45:12.918000,416.7993290098365,6
2024-09-18 12:45:12.920000,416.80571263063206,8
2024-09-18 12:45:12.939000,416.78523100225567,1000
2024-09-18 12:45:12.945000,416.82203867887057,98
2024-09-18 12:45:12.975000,416.7923157626667,99
2024-09-18 12:45:13.018000,416.7513904223716,97
2024-09-18 12:45:13.182000,416.7524012013623,995
2024-09-18 12:45:13.302000,416.7700362468797,105
2024-09-18 12:45:13.344000,416.8044748702639,997
2024-09-18 12:45:13.483000,416.795596686168,1001
2024-09-18 12:45:13.607000,416.767475527715,5
2024-09-18 12:45:13.624000,416.740159658028,5
2024-09-18 12:45:13.756000,416.8221929472317,1004
2024-09-18 12:45:14.436000,416.8384960916485,12
2024-09-18 12:45:14.439000,416.8544986435186,997
2024-09-18 12:45:14.552000,416.8756090434247,1002
2024-09-18 12:45:14.600000,416.8862652654226,103
2024-09-18 12:45:14.672000,416.8359965180731,1005
2024-09-18 12:45:14.704000,416.8804315800336,6
2024-09-18 12:45:14.734000,416.8391145872839,13
2024-09-18 12:45:14.759000,416.8595208266243,999
2024-09-18 12:45:14.871000,416.879690821772,101
2024-09-18 12:45:14.909000,416.8842300094944,14
2024-09-18 12:45:14.918000,416.8531919735643,997
2024-09-18 12:45:14.937000,416.8721562847238,6
2024-09-18 12:45:14.974000,416.8816951500588,104
2024-09-18 12:45:14.982000,416.90351455131065,996
2024-09-18 12:45:15.024000,416.9113426051176,14
2024-09-18 12:45:15.145000,416.8975972044149,997
2024-09-18 12:45:15.174000,416.9036945581976,5
2024-09-18 12:45:15.227000,416.8965136663709,9
2024-09-18 12:45:15.257000,416.90292553213015,1001
2024-09-18 12:45:15.334000,416.93553183613307,1000
2024-09-18 12:45:15.358000,416.9175226507512,995
2024-09-18 12:45:15.360000,416.90657266756045,995
2024-09-18 12:45:15.375000,416.91464068906623,103
2024-09-18 12:45:15.394000,416.959774535506,995
2024-09-18 12:45:15.395000,416.9088509108007,105
2024-09-18 12:45:15.395000,416.9270226409229,999
2024-09-18 12:45:15.396000,416.9314436523376,6
2024-09-18 12:45:15.474000,416.9229357117505,1001
2024-09-18 12:45:15.526000,416.91345554496206,99
2024-09-18 12:45:15.538000,416.8965305956061,96
2024-09-18 12:45:15.564000,416.952672937196,15
2024-09-18 12:45:15.603000,416.9041838469398,10
2024-09-18 12:45:15.629000,416.91982150642855,101
2024-09-18 12:45:15.664000,416.8871630645533,100
2024-09-18 12:45:15.675000,416.8991538942103,7
2024-09-18 12:45:15.752000,416.9140608042151,8
2024-09-18 12:45:15.776000,416.9264959165402,1004
2024-09-18 12:45:15.783000,416.9137198701273,1005
2024-09-18 12:45:15.805000,416.92179710423017,997
2024-09-18 12:45:15.909000,416.90098584715815,15
2024-09-18 12:45:15.998000,416.95416965061537,1004
2024-09-18 12:45:16.099000,416.9138864905365,14
2024-09-18 12:45:16.266000,416.91036250180457,15
2024-09-18 12:45:16.371000,416.89409645812833,7
2024-09-18 12:45:16.456000,416.8893036974743,95
2024-09-18 12:45:16.494000,416.9134029418663,103
2024-09-18 12:45:16.510000,416.90531121144784,104
2024-09-18 12:45:16.540000,416.8836520516,997
2024-09-18 12:45:16.706000,416.9013362457272,6
2024-09-18 12:45:16.761000,416.9110737485975,10
2024-09-18 12:45:16.848000,416.9219488879969,99
2024-09-18 12:45:16.998000,416.9208344333692,999
2024-09-18 12:45:17.122000,416.8986123703673,5
2024-09-18 12:45:17.808000,416.9052785785462,96
2024-09-18 12:45:17.814000,416.8819890951792,1000
2024-09-18 12:45:18.091000,416.8948542298808,10
2024-09-18 12:45:18.205000,416.8988527462287,5
2024-09-18 12:45:19.394000,416.889084086943,1002
2024-09-18 12:45:19.491000,416.8746616989647,102
2024-09-18 12:45:19.545000,416.9086297023063,6
2024-09-18 12:45:19.774000,416.8888051938136,1004
2024-09-18 12:45:20.012000,416.936907106588,1003
2024-09-18 12:45:20.061000,416.9789930723163,1001
2024-09-18 12:45:20.200000,416.9758644917338,105
2024-09-18 12:45:20.256000,416.9084845157256,97
2024-09-18 12:45:20.269000,416.9201909277402,101
2024-09-18 12:45:20.281000,416.9033701232533,998
2024-09-18 12:45:20.292000,416.94288490706185,9
2024-09-18 12:45:20.324000,416.94842653556793,15
2024-09-18 12:45:20.326000,416.9430593796418,8
2024-09-18 12:45:20.392000,416.9624932868291,14
2024-09-18 12:45:20.404000,416.9725661598025,995
2024-09-18 12:45:20.472000,416.9682435557351,95
2024-09-18 12:45:20.507000,416.9911981408942,98
2024-09-18 12:45:20.517000,416.92879223603086,1003
2024-09-18 12:45:20.572000,416.9407754605361,998
2024-09-18 12:45:20.580000,416.9245423666152,1004
2024-09-18 12:45:20.589000,416.9716576929695,6
2024-09-18 12:45:20.617000,416.9503716700296,97
2024-09-18 12:45:20.719000,416.9675662901074,104
2024-09-18 12:45:20.738000,416.9164380935287,103
2024-09-18 12:45:20.745000,416.9625907859353,103
2024-09-18 12:45:20.810000,416.9600978587308,104
2024-09-18 12:45:20.998000,416.9178382793412,96
2024-09-18 12:45:21.011000,416.9648773761438,1002
2024-09-18 12:45:21.100000,416.9605108448419,104
2024-09-18 12:45:21.152000,416.95756117814256,15
2024-09-18 12:45:21.198000,416.95610534268826,15
2024-09-18 12:45:21.268000,416.9683496362361,104
2024-09-18 12:45:21.382000,416.9669076302679,14
2024-09-18 12:45:21.395000,416.9591254646195,9
2024-09-18 12:45:21.457000,416.9657522747391,104
2024-09-18 12:45:21.566000,416.9555823659424,10
2024-09-18 12:45:21.572000,416.97710945150953,10
2024-09-18 12:45:21.597000,416.9798639699348,13
2024-09-18 12:45:21.761000,416.9581322725605,11
2024-09-18 12:45:21.771000,416.96580013505377,1002
2024-09-18 12:45:21.793000,416.9685715708866,5
2024-09-18 12:45:22.301000,416.96503019206114,104
2024-09-18 12:45:22.619000,416.9467849049979,999
2024-09-18 12:45:22.656000,416.9647633465169,103
2024-09-18 12:45:22.894000,416.9542708274877,97
2024-09-18 12:45:23.004000,416.92535771555225,103
2024-09-18 12:45:23.097000,416.89698059587454,14
2024-09-18 12:45:23.256000,416.9014862767833,1002
2024-09-18 12:45:23.258000,416.906765408603,97
2024-09-18 12:45:23.270000,416.8862856623112,998
2024-09-18 12:45:23.276000,416.90183584168017,104
2024-09-18 12:45:23.322000,416.8891335644904,5
2024-09-18 12:45:23.327000,416.9294539474133,1004
2024-09-18 12:45:23.389000,416.9124571614767,99
2024-09-18 12:45:23.398000,416.9131501310857,997
2024-09-18 12:45:23.404000,416.89395281058006,99
2024-09-18 12:45:23.426000,416.88705811199816,6
2024-09-18 12:45:23.433000,416.9175391724498,100
2024-09-18 12:45:23.471000,416.8930079170461,101
2024-09-18 12:45:23.478000,416.94471664632897,98
2024-09-18 12:45:23.494000,416.9074438717524,999
2024-09-18 12:45:23.495000,416.895760343022,999
2024-09-18 12:45:23.517000,416.8918494850961,1003
2024-09-18 12:45:23.543000,416.9160947892472,1003
2024-09-18 12:45:23.653000,416.94388180053096,101
2024-09-18 12:45:23.655000,416.8964169158781,98
2024-09-18 12:45:23.703000,416.9465236924357,100
2024-09-18 12:45:23.802000,416.8888165955152,100
2024-09-18 12:45:23.814000,416.890545214881,997
2024-09-18 12:45:23.901000,416.90939215985975,1002
2024-09-18 12:45:24.190000,416.913104971029,1001
2024-09-18 12:45:24.269000,416.92728296872616,10
2024-09-18 12:45:24.432000,416.89927842714553,998
2024-09-18 12:45:25.018000,416.89867701844463,998
2024-09-18 12:45:25.026000,416.95498381453655,1002
2024-09-18 12:45:25.200000,416.9727831739136,96
2024-09-18 12:45:25.203000,416.9120315680322,104
2024-09-18 12:45:25.293000,416.9084319782941,998
2024-09-18 12:45:25.319000,416.9254468022135,103
2024-09-18 12:45:25.427000,416.9177259295782,998
2024-09-18 12:45:25.428000,416.9056757750633,9
2024-09-18 12:45:25.437000,416.94860687092233,1001
2024-09-18 12:45:25.458000,416.9462820417868,104
2024-09-18 12:45:25.505000,416.9132211992713,1000
2024-09-18 12:45:25.523000,416.9395084871365,101
2024-09-18 12:45:25.565000,416.9579576724986,95
2024-09-18 12:45:25.637000,416.9240703693594,104
2024-09-18 12:45:25.734000,416.9147229247561,97
2024-09-18 12:45:25.751000,416.9500687473534,97
2024-09-18 12:45:25.752000,416.89921081957925,1004
2024-09-18 12:45:25.774000,416.8840130779074,11
2024-09-18 12:45:25.874000,416.9668646354366,100
2024-09-18 12:45:25.887000,416.9518859636656,1003
2024-09-18 12:45:26.036000,416.8685895084087,103
2024-09-18 12:45:26.285000,416.9073769165036,997
2024-09-18 12:45:26.330000,416.86785259072593,1000
2024-09-18 12:45:26.419000,416.86981642862366,1002
2024-09-18 12:45:26.554000,416.8603595707218,999
2024-09-18 12:45:26.730000,416.8816870362511,1003
2024-09-18 12:45:27.041000,416.9303092234209,104
2024-09-18 12:45:27.595000,416.91483119192543,11
2024-09-18 12:45:27.633000,416.9191779675447,8
2024-09-18 12:45:27.892000,416.89463431894205,12
2024-09-18 12:45:27.918000,416.9228391214413,105
2024-09-18 12:45:28.043000,416.96662220212687,96
2024-09-18 12:45:28.081000,416.9566980215527,13
2024-09-18 12:45:28.725000,416.95407688751465,998
2024-09-18 12:45:28.794000,416.9389213267796,13
2024-09-18 12:45:28.966000,416.94893237256247,96
2024-09-18 12:45:29.112000,416.9557720437748,10
2024-09-18 12:45:29.222000,417.050259076208,1004
2024-09-18 12:45:29.229000,417.03253853393227,1003
2024-09-18 12:45:29.252000,416.990384871112,999
2024-09-18 12:45:29.273000,417.04452885510216,12
2024-09-18 12:45:29.303000,417.005441443345,105
2024-09-18 12:45:29.344000,417.0055291009062,101
2024-09-18 12:45:29.347000,417.01725707260806,103
2024-09-18 12:45:29.408000,417.0257267805232,7
2024-09-18 12:45:29.502000,417.04839115087753,1005
2024-09-18 12:45:29.584000,417.0286638393191,6
2024-09-18 12:45:29.636000,417.0152080098357,10
2024-09-18 12:45:29.845000,417.0228415910939,101
2024-09-18 12:45:29.923000,417.05347154703,103
2024-09-18 12:45:30.001000,417.0837789386642,997
2024-09-18 12:45:30.090000,417.0033711346938,9
2024-09-18 12:45:30.116000,417.0388746886052,96
2024-09-18 12:45:30.163000,417.03081349239625,98
2024-09-18 12:45:30.191000,417.0407693491279,100
2024-09-18 12:45:30.207000,417.051598697602,95
2024-09-18 12:45:30.237000,417.0269740114408,8
2024-09-18 12:45:30.290000,417.0651352819174,96
2024-09-18 12:45:30.335000,417.03667242703887,1005
2024-09-18 12:45:30.338000,417.0746581098836,104
2024-09-18 12:45:30.339000,417.0483854926032,998
2024-09-18 12:45:30.407000,417.0290235447156,1004
2024-09-18 12:45:30.448000,417.020422611283,14
2024-09-18 12:45:30.462000,417.0267941500898,96
2024-09-18 12:45:30.543000,417.0165785460474,14
2024-09-18 12:45:30.550000,417.00699038607866,1001
2024-09-18 12:45:30.651000,417.06518827326056,14
2024-09-18 12:45:30.674000,417.0154138698983,96
2024-09-18 12:45:30.699000,417.036835465693,15
2024-09-18 12:45:30.908000,417.0230287582064,6
2024-09-18 12:45:30.953000,417.0106904216653,100
2024-09-18 12:45:30.954000,417.0104863200958,102
2024-09-18 12:45:30.965000,417.05927294003146,97
2024-09-18 12:45:30.993000,417.01490533159824,995
2024-09-18 12:45:31.031000,417.08531946830107,103
2024-09-18 12:45:31.112000,417.04538563260206,13
2024-09-18 12:45:31.345000,417.05783618683074,101
2024-09-18 12:45:31.388000,417.0081791350325,1003
2024-09-18 12:45:31.464000,417.06859167618353,1005
2024-09-18 12:45:31.523000,417.06138640091,1002
2024-09-18 12:45:31.551000,417.08164882187424,995
2024-09-18 12:45:31.575000,417.0808945244389,9
2024-09-18 12:45:31.659000,417.0892598711655,12
2024-09-18 12:45:31.773000,417.066731969103,7
2024-09-18 12:45:31.826000,417.0041168879164,10
2024-09-18 12:45:31.882000,417.0133755761568,7
2024-09-18 12:45:31.978000,417.00635154451487,1000
2024-09-18 12:45:31.997000,417.0986795888631,6
2024-09-18 12:45:32.026000,417.0278310165155,997
2024-09-18 12:45:32.100000,416.999063752152,1002
2024-09-18 12:45:32.276000,417.02634314579774,101
2024-09-18 12:45:32.659000,417.0175517735773,1005
2024-09-18 12:45:32.821000,417.0250858016648,11
2024-09-18 12:45:32.883000,417.0331744403423,7
2024-09-18 12:45:33.058000,417.0315462629033,95
2024-09-18 12:45:33.207000,417.03268605992895,1005
2024-09-18 12:45:33.212000,417.033341909486,13
2024-09-18 12:45:33.388000,417.0289463250333,999
2024-09-18 12:45:33.394000,417.0208523826808,1000
2024-09-18 12:45:33.394000,417.0127730008671,15
2024-09-18 12:45:33.547000,417.0291684152168,995
2024-09-18 12:45:33.559000,417.00764346620014,8
2024-09-18 12:45:33.663000,417.0043897394129,998
2024-09-18 12:45:33.764000,417.019138672508,6
2024-09-18 12:45:33.775000,417.0252685541561,100
2024-09-18 12:45:33.804000,417.02453883436885,10
2024-09-18 12:45:33.939000,417.0291791671038,1000
2024-09-18 12:45:34.069000,416.969917448203,995
2024-09-18 12:45:34.120000,416.98722109242414,97
2024-09-18 12:45:34.270000,416.9691994638844,95
2024-09-18 12:45:34.292000,416.9723739701683,97
2024-09-18 12:45:34.334000,417.0077322636633,12
2024-09-18 12:45:34.346000,416.9755602552557,997
2024-09-18 12:45:34.385000,416.9713543249961,999
2024-09-18 12:45:34.496000,417.0210203498489,7
2024-09-18 12:45:34.535000,416.9899434399317,96
2024-09-18 12:45:34.585000,416.97868831526927,1003
2024-09-18 12:45:34.590000,416.9791015672468,96
2024-09-18 12:45:34.609000,417.0075941073218,1003
2024-09-18 12:45:34.628000,416.9761655509491,11
2024-09-18 12:45:34.643000,416.9589624151595,10
2024-09-18 12:45:34.653000,416.9812949097948,100
2024-09-18 12:45:34.658000,417.0261407822187,6
2024-09-18 12:45:34.811000,416.9680528872258,1001
2024-09-18 12:45:34.836000,416.97759444582096,998
2024-09-18 12:45:34.958000,417.01433210834347,14
2024-09-18 12:45:35.022000,417.0018464954486,99
2024-09-18 12:45:35.529000,417.002273952144,13
2024-09-18 12:45:35.907000,417.0100257924116,105
2024-09-18 12:45:36.566000,417.0025100856808,996
2024-09-18 12:45:37.045000,417.0114691382867,98
2024-09-18 12:45:37.060000,417.05218417219766,11
2024-09-18 12:45:37.081000,417.0548790672593,101
2024-09-18 12:45:37.105000,417.0062913222934,12
2024-09-18 12:45:37.113000,417.0346341908708,14
2024-09-18 12:45:37.182000,417.0784279293965,997
2024-09-18 12:45:37.207000,417.0233871749504,95
2024-09-18 12:45:37.264000,417.04057586379065,1005
2024-09-18 12:45:37.270000,417.0474110538011,1001
2024-09-18 12:45:37.339000,417.0381024490948,999
2024-09-18 12:45:37.448000,417.0527201747293,11
2024-09-18 12:45:37.454000,417.049611122246,103
2024-09-18 12:45:37.481000,417.01874244522094,103
2024-09-18 12:45:37.504000,417.0416119769659,996
2024-09-18 12:45:37.506000,417.0180107847386,995
2024-09-18 12:45:37.532000,417.0153661089792,14
2024-09-18 12:45:37.539000,417.0204902641959,101
2024-09-18 12:45:37.706000,417.01739445441535,13
2024-09-18 12:45:37.837000,417.0458822544494,999
2024-09-18 12:45:37.858000,417.0439334394946,103
2024-09-18 12:45:37.963000,417.0026298227663,1005
2024-09-18 12:45:38.107000,417.0991408558026,1005
2024-09-18 12:45:38.298000,417.11394471910256,104
2024-09-18 12:45:38.430000,417.11757960766863,7
2024-09-18 12:45:38.474000,417.1093411168709,11
2024-09-18 12:45:38.540000,417.1031352962642,13
2024-09-18 12:45:38.615000,417.0827477074537,5
2024-09-18 12:45:38.645000,417.1042330606375,104
2024-09-18 12:45:38.713000,417.1080516130239,1003
2024-09-18 12:45:38.860000,417.095770197534,999
2024-09-18 12:45:38.884000,417.0958242064951,98
2024-09-18 12:45:38.907000,417.0729966276739,7
2024-09-18 12:45:38.910000,417.09848438143257,1005
2024-09-18 12:45:39.099000,417.1094761986973,8
2024-09-18 12:45:39.112000,417.11111950545467,8
2024-09-18 12:45:39.121000,417.1164664956335,102
2024-09-18 12:45:39.194000,417.1136831253467,97
2024-09-18 12:45:39.298000,417.1067137619563,103
2024-09-18 12:45:39.462000,417.1288303235296,97
2024-09-18 12:45:39.466000,417.1100035924708,101
2024-09-18 12:45:39.553000,417.10424026383913,6
2024-09-18 12:45:39.758000,417.0881473908115,999
2024-09-18 12:45:39.854000,417.1159991119442,95
2024-09-18 12:45:39.895000,417.1139333808632,1002
2024-09-18 12:45:40.070000,417.1011529229519,99
2024-09-18 12:45:40.109000,417.1188453466444,6
2024-09-18 12:45:40.370000,417.1088147287398,998
2024-09-18 12:45:40.459000,417.1265951983656,1005
2024-09-18 12:45:40.583000,417.1140678906185,12
2024-09-18 12:45:40.657000,417.1071914810064,9
2024-09-18 12:45:40.694000,417.1226303433401,104
2024-09-18 12:45:40.769000,417.10010578199785,1000
2024-09-18 12:45:40.808000,417.12636981486185,99
2024-09-18 12:45:41.007000,417.14648311387015,11
2024-09-18 12:45:41.060000,417.1597085832839,9
2024-09-18 12:45:41.189000,417.1275123303396,1003
2024-09-18 12:45:41.195000,417.1494960866607,15
2024-09-18 12:45:41.195000,417.1308094922888,6
2024-09-18 12:45:41.312000,417.1210791489474,15
2024-09-18 12:45:41.315000,417.17631083488607,1005
2024-09-18 12:45:41.429000,417.1634977382373,12
2024-09-18 12:45:41.528000,417.1589155758136,96
2024-09-18 12:45:41.570000,417.1649869581637,1004
2024-09-18 12:45:41.610000,417.16752084898974,11
2024-09-18 12:45:41.631000,417.1428645860504,100
2024-09-18 12:45:41.828000,417.14209567852,996
2024-09-18 12:45:41.930000,417.1250112905528,5
2024-09-18 12:45:41.944000,417.1441596620946,8
2024-09-18 12:45:41.960000,417.121743698558,10
2024-09-18 12:45:41.968000,417.160101516823,105
2024-09-18 12:45:42.099000,417.1298230152148,996
2024-09-18 12:45:42.157000,417.1115361954496,12
2024-09-18 12:45:42.178000,417.131176579614,97
2024-09-18 12:45:42.185000,417.128302609145,1004
2024-09-18 12:45:42.251000,417.1311476728343,100
2024-09-18 12:45:42.320000,417.1179537348449,104
2024-09-18 12:45:42.350000,417.12343921559926,999
2024-09-18 12:45:42.527000,417.1206293543357,998
2024-09-18 12:45:42.553000,417.1209203257112,9
2024-09-18 12:45:42.592000,417.1230735098598,95
2024-09-18 12:45:42.614000,417.11196685085486,15
2024-09-18 12:45:42.688000,417.1247838965168,1001
2024-09-18 12:45:42.698000,417.1220934117912,998
2024-09-18 12:45:42.822000,417.1332020599469,998
2024-09-18 12:45:43.067000,417.1415869351911,97
2024-09-18 12:45:43.149000,417.12890895881753,13
2024-09-18 12:45:43.256000,417.1244245856399,99
2024-09-18 12:45:43.316000,417.1579097524952,12
2024-09-18 12:45:43.634000,417.1288879146098,95
2024-09-18 12:45:43.658000,417.133195909084,6
2024-09-18 12:45:43.659000,417.0941396847309,15
2024-09-18 12:45:43.772000,417.16781088610753,7
2024-09-18 12:45:43.804000,417.1289188278098,105
2024-09-18 12:45:43.816000,417.1453475637858,11
2024-09-18 12:45:43.888000,417.1105692727293,1000
2024-09-18 12:45:43.913000,417.1113727009176,1003
2024-09-18 12:45:43.939000,417.1248630179594,998
2024-09-18 12:45:43.952000,417.08857769689126,996
2024-09-18 12:45:44.040000,417.14845417687457,98
2024-09-18 12:45:44.093000,417.1506923890075,102
2024-09-18 12:45:44.099000,417.15832151772014,104
2024-09-18 12:45:44.234000,417.16062277481166,1003
2024-09-18 12:45:44.245000,417.1764090192237,10
2024-09-18 12:45:44.311000,417.1931652573697,997
2024-09-18 12:45:44.322000,417.18333133950136,1000
2024-09-18 12:45:44.435000,417.1408906495534,5
2024-09-18 12:45:44.457000,417.1913409404765,11
2024-09-18 12:45:44.575000,417.1616647958985,1002
2024-09-18 12:45:44.581000,417.1840715951643,98
2024-09-18 12:45:44.612000,417.1896242562028,101
2024-09-18 12:45:44.658000,417.1740699403941,6
2024-09-18 12:45:44.768000,417.1590104343869,13
2024-09-18 12:45:44.801000,417.15845624736994,1003
2024-09-18 12:45:44.804000,417.1577950921387,997
2024-09-18 12:45:44.899000,417.17317510496656,5
2024-09-18 12:45:44.986000,417.1841308568386,13
2024-09-18 12:45:45.143000,417.1214131727447,5
2024-09-18 12:45:45.297000,417.13478083615456,98
2024-09-18 12:45:45.487000,417.14955993205575,998
2024-09-18 12:45:45.685000,417.1483973606768,14
2024-09-18 12:45:45.973000,417.1365493600483,11
2024-09-18 12:45:46.010000,417.15495828823225,100
2024-09-18 12:45:46.024000,417.03602683372,102
2024-09-18 12:45:46.057000,417.1375476861151,105
2024-09-18 12:45:46.078000,417.0743549481453,104
2024-09-18 12:45:46.097000,417.140615013602,15
2024-09-18 12:45:46.290000,417.130872083775,99
2024-09-18 12:45:46.300000,417.1315531408353,104
2024-09-18 12:45:46.357000,417.13730801305474,104
2024-09-18 12:45:46.445000,417.0861372523902,11
2024-09-18 12:45:46.467000,417.136746520648,104
2024-09-18 12:45:46.497000,417.1052970362879,6
2024-09-18 12:45:46.518000,417.0968429899596,1005
2024-09-18 12:45:46.539000,417.1333553739507,13
2024-09-18 12:45:46.547000,417.1079939447218,1000
2024-09-18 12:45:46.564000,417.1425223651668,101
2024-09-18 12:45:46.590000,417.1311846318907,995
2024-09-18 12:45:46.748000,417.13477762216,995
2024-09-18 12:45:46.779000,417.1048539737784,99
2024-09-18 12:45:46.805000,417.1188542058789,104
2024-09-18 12:45:46.825000,417.1431510163086,1002
2024-09-18 12:45:46.860000,417.08207406286215,14
2024-09-18 12:45:46.870000,417.0838784274094,1002
2024-09-18 12:45:46.921000,417.13748801379,9
2024-09-18 12:45:46.950000,417.14081126555726,10
2024-09-18 12:45:46.993000,417.1330434255834,101
2024-09-18 12:45:47.290000,417.0321049971315,1003
2024-09-18 12:45:47.291000,417.0285422021544,996
2024-09-18 12:45:47.530000,417.0600318403805,97
2024-09-18 12:45:47.640000,417.0219499609383,13
2024-09-18 12:45:48.011000,417.0594516659061,6
2024-09-18 12:45:48.033000,416.9841101828216,8
2024-09-18 12:45:48.081000,416.9588155776228,6
2024-09-18 12:45:48.112000,416.9914958641896,1000
2024-09-18 12:45:48.130000,417.0176344759834,1000
2024-09-18 12:45:48.201000,417.03673090449735,998
2024-09-18 12:45:48.226000,416.9545021473867,13
2024-09-18 12:45:48.251000,417.018762483524,1004
2024-09-18 12:45:48.379000,417.0507324380072,12
2024-09-18 12:45:48.442000,417.0404527227245,1001
2024-09-18 12:45:48.471000,416.9294898181996,12
2024-09-18 12:45:48.538000,416.9655790745894,1002
2024-09-18 12:45:48.540000,417.0195703171016,6
2024-09-18 12:45:48.657000,417.0103758405177,14
2024-09-18 12:45:48.704000,416.947398463653,99
2024-09-18 12:45:48.750000,417.0147371894858,6
2024-09-18 12:45:48.834000,417.030011131979,9
2024-09-18 12:45:48.965000,416.9359581739627,1002
2024-09-18 12:45:48.978000,416.99087503895896,1001
2024-09-18 12:45:49.025000,417.036223685614,105
2024-09-18 12:45:49.075000,417.00781888455737,1000
2024-09-18 12:45:49.247000,417.0418494297661,95
2024-09-18 12:45:49.295000,417.04612762697246,5
2024-09-18 12:45:49.344000,416.9828795647047,995
2024-09-18 12:45:49.398000,417.0215988899865,99
2024-09-18 12:45:49.407000,417.0251963233893,97
2024-09-18 12:45:49.432000,416.9877007172316,9
2024-09-18 12:45:49.499000,417.0074341951077,12
2024-09-18 12:45:49.521000,417.0251015115703,999
2024-09-18 12:45:49.523000,417.0083616796125,15
2024-09-18 12:45:49.523000,417.0214961111892,12
2024-09-18 12:45:49.526000,417.018672674918,10
2024-09-18 12:45:49.532000,417.0442263330634,995
2024-09-18 12:45:49.532000,417.03039511736256,101
2024-09-18 12:45:49.545000,416.999211159198,7
2024-09-18 12:45:49.565000,417.03637331503967,998
2024-09-18 12:45:49.574000,417.0379702051748,6
2024-09-18 12:45:49.616000,417.042543418594,97
2024-09-18 12:45:49.651000,416.9877652383577,104
2024-09-18 12:45:49.871000,417.0406179186739,1004
2024-09-18 12:45:49.920000,417.0264933630632,6
2024-09-18 12:45:49.922000,417.0135994932903,1005
2024-09-18 12:45:49.972000,417.0244711890258,1001
2024-09-18 12:45:49.976000,417.02993089439786,995
2024-09-18 12:45:49.986000,417.0351117208883,1002
2024-09-18 12:45:49.989000,417.01251425755794,10
2024-09-18 12:45:50.075000,417.0054883212115,1003
2024-09-18 12:45:50.086000,416.9966247552339,13
2024-09-18 12:45:50.107000,416.97900919882,14
2024-09-18 12:45:50.113000,417.05442552294426,100
2024-09-18 12:45:50.163000,417.056224037266,1005
2024-09-18 12:45:50.181000,417.0219250026555,1003
2024-09-18 12:45:50.239000,417.0570334965772,103
2024-09-18 12:45:50.243000,417.0287314313257,98
2024-09-18 12:45:50.260000,417.0149952441032,10
2024-09-18 12:45:50.293000,417.0167966830553,11
2024-09-18 12:45:50.312000,417.0058672970092,98
2024-09-18 12:45:50.345000,417.00968204778405,998
2024-09-18 12:45:50.376000,417.04794467258114,104
2024-09-18 12:45:50.416000,417.0007597119321,999
2024-09-18 12:45:50.464000,417.00216010680447,1001
2024-09-18 12:45:50.471000,417.0085145223165,10
2024-09-18 12:45:50.507000,416.9965372438816,997
2024-09-18 12:45:50.551000,416.98549955584593,99
2024-09-18 12:45:50.574000,417.0112097954015,11
2024-09-18 12:45:50.591000,417.0026278905301,5
2024-09-18 12:45:50.697000,417.0454150953313,1001
2024-09-18 12:45:50.730000,417.0479241884563,98
2024-09-18 12:45:50.804000,416.9850545595056,1000
2024-09-18 12:45:50.863000,417.0158099186946,100
2024-09-18 12:45:50.977000,417.0235362042673,998
2024-09-18 12:45:51.069000,417.0688824084661,5
2024-09-18 12:45:51.127000,417.03034592909216,6
2024-09-18 12:45:51.248000,417.0511864046947,95
2024-09-18 12:45:51.592000,417.0304418772882,5
2024-09-18 12:45:51.720000,417.0649010917969,1003
2024-09-18 12:45:51.742000,417.01921749989833,995
2024-09-18 12:45:51.823000,417.0156036096628,1002
2024-09-18 12:45:51.842000,417.0548967324864,1002
2024-09-18 12:45:51.931000,417.0683150129365,11
2024-09-18 12:45:51.957000,417.0401872089612,10
2024-09-18 12:45:51.978000,417.0567602674792,104
2024-09-18 12:45:52.036000,417.02854882657743,5
2024-09-18 12:45:52.071000,416.97797203669455,1004
2024-09-18 12:45:52.088000,416.94329013883726,996
2024-09-18 12:45:52.175000,416.8966415143359,1003
2024-09-18 12:45:52.272000,417.04118763877807,97
2024-09-18 12:45:52.282000,416.9615045753374,1001
2024-09-18 12:45:52.315000,416.96587189814846,5
2024-09-18 12:45:52.318000,416.9818219227624,1000
2024-09-18 12:45:52.318000,416.8969757540171,997
2024-09-18 12:45:52.401000,416.8944926773164,101
2024-09-18 12:45:52.419000,416.9544636419655,998
2024-09-18 12:45:52.434000,416.9211026666112,1005
2024-09-18 12:45:52.470000,416.95163249976497,5
2024-09-18 12:45:52.487000,417.0082801523055,997
2024-09-18 12:45:52.564000,416.901696281783,6
2024-09-18 12:45:52.602000,417.0441683014976,1000
2024-09-18 12:45:52.615000,416.90831226215846,1005
2024-09-18 12:45:52.711000,416.9679129164888,1000
2024-09-18 12:45:52.712000,416.9620501676015,104
2024-09-18 12:45:52.750000,416.86774120045527,102
2024-09-18 12:45:52.796000,416.9546255326322,995
2024-09-18 12:45:52.810000,416.9651442397461,15
2024-09-18 12:45:52.811000,416.9491438405348,102
2024-09-18 12:45:52.930000,416.97591254448906,7
2024-09-18 12:45:52.940000,416.8678502283356,999
2024-09-18 12:45:52.962000,416.9981473039548,95
2024-09-18 12:45:52.974000,417.0332829886344,98
2024-09-18 12:45:52.976000,416.9743273222008,7
2024-09-18 12:45:52.998000,416.9667343404735,96
2024-09-18 12:45:53.001000,416.86594283315065,9
2024-09-18 12:45:53.059000,416.8931440357709,7
2024-09-18 12:45:53.062000,416.8788401100527,99
2024-09-18 12:45:53.094000,416.8643672681252,102
2024-09-18 12:45:53.103000,416.8644850862749,998
2024-09-18 12:45:53.107000,416.8278664644486,103
2024-09-18 12:45:53.122000,416.83415023077407,97
2024-09-18 12:45:53.151000,416.8078304227267,997
2024-09-18 12:45:53.153000,416.8121093239923,95
2024-09-18 12:45:53.220000,416.8603043839277,1002
2024-09-18 12:45:53.281000,416.9011760437784,96
2024-09-18 12:45:53.285000,416.8630834546631,1003
2024-09-18 12:45:53.385000,416.8843428527501,9
2024-09-18 12:45:53.470000,416.8363107325744,999
2024-09-18 12:45:53.472000,416.8159112633995,998
2024-09-18 12:45:53.532000,416.8456601729212,1004
2024-09-18 12:45:53.562000,416.86385604071694,997
2024-09-18 12:45:53.669000,416.8401290558279,100
2024-09-18 12:45:53.676000,416.87351092839646,105
2024-09-18 12:45:53.763000,416.8518310169383,998
2024-09-18 12:45:53.777000,416.8520685183276,1000
2024-09-18 12:45:53.791000,416.8109528427132,10
2024-09-18 12:45:53.835000,416.8084965183215,95
2024-09-18 12:45:53.891000,416.8035322171742,1000
2024-09-18 12:45:53.927000,416.8340280152509,997
2024-09-18 12:45:54.023000,416.8647099980885,96
2024-09-18 12:45:54.105000,416.8971057893846,7
2024-09-18 12:45:54.112000,416.8325462357335,6
2024-09-18 12:45:54.129000,416.8626847089191,1000
2024-09-18 12:45:54.215000,416.85598111667423,1005
2024-09-18 12:45:54.228000,416.87768171988256,995
2024-09-18 12:45:54.244000,416.8630719345397,5
2024-09-18 12:45:54.332000,416.8830905222176,100
2024-09-18 12:45:54.653000,416.8708385598832,998
2024-09-18 12:45:54.822000,416.8438104838982,996
2024-09-18 12:45:54.871000,416.8996618706433,1005
2024-09-18 12:45:54.998000,416.8554054166989,9
2024-09-18 12:45:55.029000,416.8717757619974,104
2024-09-18 12:45:55.054000,416.9110419319576,98
2024-09-18 12:45:55.067000,416.873418182116,14
2024-09-18 12:45:55.130000,416.8524276708016,6
2024-09-18 12:45:55.170000,416.8659797514279,7
2024-09-18 12:45:55.181000,416.86079555071353,13
2024-09-18 12:45:55.243000,416.8694301990116,1001
2024-09-18 12:45:55.255000,416.8589899301513,999
2024-09-18 12:45:55.265000,416.8813933171708,1002
2024-09-18 12:45:55.331000,416.8929333520829,15
2024-09-18 12:45:55.357000,416.8674200436774,104
2024-09-18 12:45:55.380000,416.8693739580171,102
2024-09-18 12:45:55.440000,416.869550631825,102
2024-09-18 12:45:55.468000,416.8614623270634,1005
2024-09-18 12:45:55.548000,416.8403260109521,100
2024-09-18 12:45:55.557000,416.8653600695395,104
2024-09-18 12:45:55.618000,416.8812892921897,9
2024-09-18 12:45:55.622000,416.8491260665241,995
2024-09-18 12:45:55.648000,416.8481257070621,103
2024-09-18 12:45:55.691000,416.8747372593473,102
2024-09-18 12:45:55.713000,416.85656574460495,6
2024-09-18 12:45:55.836000,416.875967584766,999
2024-09-18 12:45:55.841000,416.8961117869175,995
2024-09-18 12:45:55.967000,416.8657609462184,104
2024-09-18 12:45:55.979000,416.8682519538452,14
2024-09-18 12:45:55.986000,416.8874937775226,103
2024-09-18 12:45:56.028000,416.8247159168016,95
2024-09-18 12:45:56.068000,416.8250608775125,13
2024-09-18 12:45:56.126000,416.91240409927326,14
2024-09-18 12:45:56.136000,416.8336313095274,995
2024-09-18 12:45:56.145000,416.8780364513744,101
2024-09-18 12:45:56.166000,416.8907722091303,995
2024-09-18 12:45:56.181000,416.82096271940094,8
2024-09-18 12:45:56.216000,416.9195151476524,1003
2024-09-18 12:45:56.358000,416.8620790787204,11
2024-09-18 12:45:56.387000,416.81822863314295,96
2024-09-18 12:45:56.388000,416.83913869844207,5
2024-09-18 12:45:56.402000,416.8811686605698,1004
2024-09-18 12:45:56.508000,416.8791151156587,1002
2024-09-18 12:45:56.576000,416.8766801360188,997
2024-09-18 12:45:56.658000,416.8891704734901,102
2024-09-18 12:45:56.661000,416.8448756239325,996
2024-09-18 12:45:56.685000,416.8895992123967,104
2024-09-18 12:45:56.689000,416.82899380731885,997
2024-09-18 12:45:56.714000,416.8440433448575,97
2024-09-18 12:45:56.716000,416.80485262717866,12
2024-09-18 12:45:56.726000,416.9026926075361,1002
2024-09-18 12:45:56.803000,416.9034148512366,98
2024-09-18 12:45:56.866000,416.8369696606364,6
2024-09-18 12:45:57.050000,416.86011536127927,99
2024-09-18 12:45:57.091000,416.8979596038917,97
2024-09-18 12:45:57.199000,416.8751385255849,9
2024-09-18 12:45:57.245000,416.92014813991113,98
2024-09-18 12:45:57.490000,416.9282180555717,1000
2024-09-18 12:45:57.633000,416.8558593637952,13
2024-09-18 12:45:57.701000,416.86709681802313,98
2024-09-18 12:45:57.709000,416.8900690195263,15
2024-09-18 12:45:57.712000,416.8858533144421,5
2024-09-18 12:45:57.731000,416.9139181252827,103
2024-09-18 12:45:57.805000,416.9239907760451,104
2024-09-18 12:45:57.841000,416.920519075449,14
2024-09-18 12:45:57.885000,416.89948584886776,103
2024-09-18 12:45:58.014000,416.9059155091482,101
2024-09-18 12:45:58.046000,416.9519975620696,996
2024-09-18 12:45:58.048000,416.9260946949509,102
2024-09-18 12:45:58.098000,416.8848664573719,105
2024-09-18 12:45:58.138000,416.9092752667576,98
2024-09-18 12:45:58.168000,416.9462762144093,7
2024-09-18 12:45:58.204000,416.8869914055852,1000
2024-09-18 12:45:58.204000,416.9594090238917,995
2024-09-18 12:45:58.243000,416.95118356872126,997
2024-09-18 12:45:58.250000,416.88384878712986,6
2024-09-18 12:45:58.300000,416.96366588864464,5
2024-09-18 12:45:58.315000,416.8739814932322,100
2024-09-18 12:45:58.372000,416.9142782919636,6
2024-09-18 12:45:58.395000,416.88796572519055,1004
2024-09-18 12:45:58.408000,416.8936480699388,5
2024-09-18 12:45:58.420000,416.9118882593978,1003
2024-09-18 12:45:58.493000,416.89571857317736,100
2024-09-18 12:45:58.503000,416.94703722874857,1001
2024-09-18 12:45:58.536000,416.9400810209519,6
2024-09-18 12:45:58.558000,416.9680288508322,102
2024-09-18 12:45:58.690000,416.9639917147335,12
2024-09-18 12:45:58.762000,416.87703853736735,103
2024-09-18 12:45:58.763000,416.8703729169258,104
2024-09-18 12:45:58.825000,416.9123859632351,14
2024-09-18 12:45:58.856000,416.9084644763683,99
2024-09-18 12:45:58.883000,416.8993803987295,99
2024-09-18 12:45:58.903000,416.8746620514341,10
2024-09-18 12:45:58.993000,416.9204156599,1005
2024-09-18 12:45:59.027000,416.93739656614014,100
2024-09-18 12:45:59.031000,416.9276250545631,1003
2024-09-18 12:45:59.046000,416.9156574597019,996
2024-09-18 12:45:59.060000,416.8940937726921,103
2024-09-18 12:45:59.158000,416.92003763055226,100
2024-09-18 12:45:59.229000,416.9157656506703,7
2024-09-18 12:45:59.329000,416.8869189907687,8
2024-09-18 12:45:59.506000,416.925014392436,95
2024-09-18 12:45:59.521000,416.90323318723216,95
2024-09-18 12:45:59.556000,416.9009973066716,99
2024-09-18 12:45:59.684000,416.9042135897411,14
2024-09-18 12:45:59.687000,416.9068149584553,95
2024-09-18 12:45:59.918000,416.89487836299423,995
2024-09-18 12:45:59.921000,416.9103743377856,1000
