Timestamp,Price,Size
2024-09-18 12:49:00.047000,417.3449601712358,104
2024-09-18 12:49:00.052000,417.33387255381007,1000
2024-09-18 12:49:00.086000,417.3644861331288,103
2024-09-18 12:49:00.131000,417.3298479363766,1000
2024-09-18 12:49:00.146000,417.33500097872286,13
2024-09-18 12:49:00.157000,417.3811341141779,103
2024-09-18 12:49:00.208000,417.3411938486417,997
2024-09-18 12:49:00.218000,417.31865163901546,11
2024-09-18 12:49:00.229000,417.3479953389077,999
2024-09-18 12:49:00.231000,417.3914053292715,9
2024-09-18 12:49:00.352000,417.3786176805239,14
2024-09-18 12:49:00.377000,417.3464622612291,1000
2024-09-18 12:49:00.397000,417.3370721585593,101
2024-09-18 12:49:00.399000,417.3402067375045,12
2024-09-18 12:49:00.411000,417.3571631896915,104
2024-09-18 12:49:00.440000,417.33855456522616,101
2024-09-18 12:49:00.447000,417.3517573204141,995
2024-09-18 12:49:00.619000,417.3344887990421,1002
2024-09-18 12:49:00.631000,417.330300674388,1003
2024-09-18 12:49:00.678000,417.33302556777534,997
2024-09-18 12:49:00.711000,417.3312850453626,15
2024-09-18 12:49:00.756000,417.3916676982234,99
2024-09-18 12:49:00.774000,417.3548287687702,96
2024-09-18 12:49:00.774000,417.3196559505546,100
2024-09-18 12:49:00.796000,417.3552353356093,997
2024-09-18 12:49:00.868000,417.32691102077206,8
2024-09-18 12:49:00.917000,417.33262658985086,1004
2024-09-18 12:49:00.952000,417.3680710173576,100
2024-09-18 12:49:00.966000,417.3506063785416,11
2024-09-18 12:49:00.968000,417.35789125273686,99
2024-09-18 12:49:01.024000,417.3185005221504,8
2024-09-18 12:49:01.139000,417.34086755212974,6
2024-09-18 12:49:01.143000,417.307674508484,102
2024-09-18 12:49:01.257000,417.328311238996,15
2024-09-18 12:49:01.272000,417.3340600398797,995
2024-09-18 12:49:01.273000,417.3548669799611,5
2024-09-18 12:49:01.458000,417.2951326079608,7
2024-09-18 12:49:01.461000,417.34844391990254,5
2024-09-18 12:49:01.519000,417.3313365266352,96
2024-09-18 12:49:01.519000,417.2952612062053,10
2024-09-18 12:49:01.604000,417.33410966266666,7
2024-09-18 12:49:01.668000,417.3069394777848,997
2024-09-18 12:49:01.868000,417.28642213031287,10
2024-09-18 12:49:01.907000,417.2996697399929,995
2024-09-18 12:49:01.955000,417.32717422032266,99
2024-09-18 12:49:02.012000,417.2620464167362,12
2024-09-18 12:49:02.033000,417.30682773711,99
2024-09-18 12:49:02.191000,417.2969906111435,101
2024-09-18 12:49:02.205000,417.3037989027891,995
2024-09-18 12:49:02.293000,417.2830283061296,996
2024-09-18 12:49:02.296000,417.3296219574752,6
2024-09-18 12:49:02.527000,417.3108482363736,1004
2024-09-18 12:49:02.852000,417.2825971560104,103
2024-09-18 12:49:02.875000,417.2870685795101,1000
2024-09-18 12:49:02.875000,417.27884432626337,1000
2024-09-18 12:49:02.910000,417.3135556633212,102
2024-09-18 12:49:02.935000,417.2817452895259,12
2024-09-18 12:49:02.942000,417.3220211381436,7
2024-09-18 12:49:02.943000,417.3032378505053,100
2024-09-18 12:49:02.999000,417.3081003758616,105
2024-09-18 12:49:03.074000,417.3346678710093,103
2024-09-18 12:49:03.438000,417.30873131418673,7
2024-09-18 12:49:03.709000,417.3201660112218,15
2024-09-18 12:49:03.819000,417.3265096840532,996
2024-09-18 12:49:03.875000,417.3352346758706,101
2024-09-18 12:49:04.129000,417.3303489530325,996
2024-09-18 12:49:04.151000,417.36850420452606,102
2024-09-18 12:49:04.182000,417.3274615526888,102
2024-09-18 12:49:04.193000,417.3227520848574,1003
2024-09-18 12:49:04.393000,417.3498200885834,9
2024-09-18 12:49:04.576000,417.34139563223465,5
2024-09-18 12:49:04.627000,417.32065315093945,1003
2024-09-18 12:49:04.650000,417.3577193353072,12
2024-09-18 12:49:04.725000,417.3367487811733,103
2024-09-18 12:49:04.736000,417.31983719756,1005
2024-09-18 12:49:04.836000,417.3482650825599,995
2024-09-18 12:49:04.860000,417.3318519516358,13
2024-09-18 12:49:04.973000,417.3684349672307,104
2024-09-18 12:49:05.671000,417.396558598685,98
2024-09-18 12:49:05.700000,417.3749328951764,95
2024-09-18 12:49:06.077000,417.378181513726,7
2024-09-18 12:49:06.156000,417.4026307224085,1002
2024-09-18 12:49:06.234000,417.37681431899983,95
2024-09-18 12:49:06.363000,417.3677658124483,1000
2024-09-18 12:49:06.379000,417.3898074113906,13
2024-09-18 12:49:06.499000,417.4050626190687,998
2024-09-18 12:49:06.577000,417.3871725092564,1003
2024-09-18 12:49:06.683000,417.37018696025103,99
2024-09-18 12:49:08.143000,417.3952878422344,995
2024-09-18 12:49:08.386000,417.3972319532032,8
2024-09-18 12:49:08.624000,417.39114289177104,100
2024-09-18 12:49:08.648000,417.41144312796473,97
2024-09-18 12:49:08.685000,417.3910379146905,1000
2024-09-18 12:49:08.734000,417.3720996397469,10
2024-09-18 12:49:08.740000,417.3866288228013,1001
2024-09-18 12:49:08.799000,417.3952523520689,1004
2024-09-18 12:49:08.870000,417.4081636579065,101
2024-09-18 12:49:08.914000,417.3820133994529,6
2024-09-18 12:49:09.033000,417.3317600949887,996
2024-09-18 12:49:09.041000,417.3204965386296,7
2024-09-18 12:49:09.110000,417.4273552133808,1000
2024-09-18 12:49:09.184000,417.4434239529897,1002
2024-09-18 12:49:09.218000,417.40862557727576,8
2024-09-18 12:49:09.245000,417.3392381551044,101
2024-09-18 12:49:09.252000,417.34471908796814,102
2024-09-18 12:49:09.265000,417.3738835991356,12
2024-09-18 12:49:09.279000,417.3178597143407,100
2024-09-18 12:49:09.299000,417.3979735044796,97
2024-09-18 12:49:09.326000,417.4184855804074,6
2024-09-18 12:49:09.424000,417.4345090267095,12
2024-09-18 12:49:09.471000,417.4112558741545,996
2024-09-18 12:49:09.492000,417.4342346626382,1000
2024-09-18 12:49:09.494000,417.3767635878388,1003
2024-09-18 12:49:09.593000,417.4267824461514,95
2024-09-18 12:49:09.708000,417.3748818610991,14
2024-09-18 12:49:09.751000,417.4363279089339,1003
2024-09-18 12:49:09.757000,417.4153995188238,1004
2024-09-18 12:49:09.855000,417.4297403894154,98
2024-09-18 12:49:10.040000,417.2820437520325,101
2024-09-18 12:49:10.085000,417.2829860412304,100
2024-09-18 12:49:10.314000,417.2959657631499,100
2024-09-18 12:49:10.604000,417.32282724206016,999
2024-09-18 12:49:10.850000,417.3061576376053,1001
2024-09-18 12:49:11.027000,417.3436508360431,13
2024-09-18 12:49:11.033000,417.3171135720475,1002
2024-09-18 12:49:11.061000,417.3242822959153,6
2024-09-18 12:49:11.063000,417.29579030231554,1000
2024-09-18 12:49:11.115000,417.2953421964559,96
2024-09-18 12:49:11.143000,417.3332478170257,1001
2024-09-18 12:49:11.197000,417.3174101899036,97
2024-09-18 12:49:11.297000,417.3033902099921,102
2024-09-18 12:49:11.463000,417.3433561394021,998
2024-09-18 12:49:11.555000,417.2643300040608,999
2024-09-18 12:49:11.575000,417.3603789015124,996
2024-09-18 12:49:11.585000,417.33016505455873,996
2024-09-18 12:49:11.610000,417.3001379584735,998
2024-09-18 12:49:11.649000,417.31351176659103,8
2024-09-18 12:49:11.768000,417.3318004063436,1004
2024-09-18 12:49:11.783000,417.29085235268064,9
2024-09-18 12:49:11.839000,417.3052808323453,102
2024-09-18 12:49:11.867000,417.27528203396366,8
2024-09-18 12:49:11.873000,417.3123603658817,98
2024-09-18 12:49:12.282000,417.3734849487428,995
2024-09-18 12:49:12.323000,417.3401704366404,98
2024-09-18 12:49:12.553000,417.3682859791441,999
2024-09-18 12:49:12.689000,417.3458469889678,101
2024-09-18 12:49:13.013000,417.4195262311841,97
2024-09-18 12:49:13.021000,417.38692536116906,1004
2024-09-18 12:49:13.162000,417.4131275723887,104
2024-09-18 12:49:13.174000,417.4281253809495,997
2024-09-18 12:49:13.261000,417.4187403593418,96
2024-09-18 12:49:13.282000,417.3267389729471,999
2024-09-18 12:49:13.437000,417.41593935624655,997
2024-09-18 12:49:13.443000,417.35189448987336,1003
2024-09-18 12:49:13.464000,417.4146011938702,997
2024-09-18 12:49:13.495000,417.4083859276764,9
2024-09-18 12:49:13.505000,417.38947885218914,13
2024-09-18 12:49:13.620000,417.4180670383772,997
2024-09-18 12:49:13.637000,417.42073283299067,14
2024-09-18 12:49:13.695000,417.387881833011,98
2024-09-18 12:49:13.777000,417.348958147337,5
2024-09-18 12:49:13.811000,417.4056983311128,997
2024-09-18 12:49:13.813000,417.39654532605897,1004
2024-09-18 12:49:13.822000,417.4183923071262,105
2024-09-18 12:49:13.832000,417.4147718546392,96
2024-09-18 12:49:13.926000,417.37771419453327,15
2024-09-18 12:49:13.928000,417.4174425012822,999
2024-09-18 12:49:13.931000,417.38500827955056,12
2024-09-18 12:49:13.963000,417.3434974504373,12
2024-09-18 12:49:14.261000,417.44021186457655,1002
2024-09-18 12:49:14.358000,417.4862271658496,1001
2024-09-18 12:49:14.361000,417.44630740160136,105
2024-09-18 12:49:14.396000,417.4234188618473,97
2024-09-18 12:49:14.399000,417.4331722219444,1005
2024-09-18 12:49:14.400000,417.4440877706439,9
2024-09-18 12:49:14.418000,417.44743599292826,96
2024-09-18 12:49:14.432000,417.471502760164,104
2024-09-18 12:49:14.456000,417.4304862891728,1004
2024-09-18 12:49:14.488000,417.4716340678216,999
2024-09-18 12:49:14.515000,417.4270115088602,1003
2024-09-18 12:49:14.593000,417.4460872260984,104
2024-09-18 12:49:14.612000,417.4440468672487,14
2024-09-18 12:49:14.613000,417.4456042278536,5
2024-09-18 12:49:14.659000,417.45702337609134,100
2024-09-18 12:49:14.688000,417.4483583769877,99
2024-09-18 12:49:14.695000,417.4408323239416,1004
2024-09-18 12:49:14.715000,417.4809154589612,12
2024-09-18 12:49:14.772000,417.4760082566367,13
2024-09-18 12:49:14.842000,417.45569960537927,1005
2024-09-18 12:49:14.848000,417.42439851184827,13
2024-09-18 12:49:14.908000,417.4706259560804,6
2024-09-18 12:49:14.951000,417.4217109425919,999
2024-09-18 12:49:14.989000,417.4548167003877,11
2024-09-18 12:49:15.007000,417.5863890824231,998
2024-09-18 12:49:15.035000,417.537081583068,95
2024-09-18 12:49:15.085000,417.57840127571205,5
2024-09-18 12:49:15.087000,417.5018883305272,1000
2024-09-18 12:49:15.203000,417.5657776327875,95
2024-09-18 12:49:15.212000,417.5001121369037,995
2024-09-18 12:49:15.222000,417.55572479993776,95
2024-09-18 12:49:15.286000,417.5018902119735,1003
2024-09-18 12:49:15.290000,417.5609032259449,1002
2024-09-18 12:49:15.302000,417.5486179028337,11
2024-09-18 12:49:15.336000,417.5820131053731,8
2024-09-18 12:49:15.340000,417.4806765389519,1004
2024-09-18 12:49:15.359000,417.5791791630055,97
2024-09-18 12:49:15.365000,417.5607888429012,105
2024-09-18 12:49:15.370000,417.5081353892861,98
2024-09-18 12:49:15.452000,417.52871883173606,997
2024-09-18 12:49:15.536000,417.4980721392974,12
2024-09-18 12:49:15.550000,417.5554506206528,101
2024-09-18 12:49:15.622000,417.5495255033088,1001
2024-09-18 12:49:15.662000,417.4948355428644,15
2024-09-18 12:49:15.682000,417.5216941151623,1004
2024-09-18 12:49:15.682000,417.544125957748,6
2024-09-18 12:49:15.705000,417.5594897290845,15
2024-09-18 12:49:15.814000,417.5789403614597,105
2024-09-18 12:49:15.822000,417.5064639425244,1004
2024-09-18 12:49:15.875000,417.5901963641412,8
2024-09-18 12:49:15.903000,417.57981587555975,12
2024-09-18 12:49:16.050000,417.5677801240315,998
2024-09-18 12:49:16.059000,417.5607325522721,96
2024-09-18 12:49:16.075000,417.53586553508114,6
2024-09-18 12:49:16.113000,417.5612544551192,98
2024-09-18 12:49:16.173000,417.56567706492166,999
2024-09-18 12:49:16.206000,417.5514771416905,105
2024-09-18 12:49:16.245000,417.569727046143,998
2024-09-18 12:49:16.272000,417.58867864067537,95
2024-09-18 12:49:16.349000,417.5545162005505,996
2024-09-18 12:49:16.411000,417.5787848655864,1001
2024-09-18 12:49:16.599000,417.5298240175958,95
2024-09-18 12:49:16.752000,417.594267665427,105
2024-09-18 12:49:16.804000,417.5468627377686,1005
2024-09-18 12:49:16.857000,417.56235307617465,6
2024-09-18 12:49:16.884000,417.5628315582432,102
2024-09-18 12:49:16.904000,417.57992465469965,6
2024-09-18 12:49:16.913000,417.5711922501242,12
2024-09-18 12:49:17.030000,417.464698133134,1005
2024-09-18 12:49:17.090000,417.5843088229974,1000
2024-09-18 12:49:17.167000,417.49314964387554,996
2024-09-18 12:49:17.173000,417.5585076951995,998
2024-09-18 12:49:17.263000,417.59242733064747,998
2024-09-18 12:49:17.384000,417.5888700127204,1003
2024-09-18 12:49:17.427000,417.59447276113497,9
2024-09-18 12:49:17.475000,417.6072887053011,101
2024-09-18 12:49:17.475000,417.6101326331364,6
2024-09-18 12:49:17.483000,417.6010306019936,97
2024-09-18 12:49:17.616000,417.58768333413707,6
2024-09-18 12:49:17.621000,417.5719677782726,105
2024-09-18 12:49:17.658000,417.581730076194,997
2024-09-18 12:49:17.693000,417.5980661992077,98
2024-09-18 12:49:17.783000,417.47798906487816,995
2024-09-18 12:49:17.838000,417.57593352308015,102
2024-09-18 12:49:17.866000,417.56552033362925,995
2024-09-18 12:49:17.878000,417.59735173133726,103
2024-09-18 12:49:17.955000,417.58900326693566,11
2024-09-18 12:49:18.001000,417.5027498103109,6
2024-09-18 12:49:18.179000,417.4805437925799,98
2024-09-18 12:49:18.266000,417.47973343913,12
2024-09-18 12:49:18.340000,417.4591306606379,15
2024-09-18 12:49:18.444000,417.5119140856085,999
2024-09-18 12:49:18.495000,417.4907054467029,997
2024-09-18 12:49:18.675000,417.4878672524688,95
2024-09-18 12:49:18.698000,417.4767993317218,1004
2024-09-18 12:49:18.755000,417.494558166391,98
2024-09-18 12:49:18.819000,417.4668826969092,12
2024-09-18 12:49:18.962000,417.4809425550139,7
2024-09-18 12:49:19,417.47087613507335,12
2024-09-18 12:49:19.139000,417.4742100110926,8
2024-09-18 12:49:19.487000,417.4583870728187,12
2024-09-18 12:49:19.745000,417.469828849904,1005
2024-09-18 12:49:19.801000,417.473252014308,5
2024-09-18 12:49:19.860000,417.4672703907889,13
2024-09-18 12:49:20.233000,417.4694290871296,105
2024-09-18 12:49:21.047000,417.446328016274,95
2024-09-18 12:49:21.093000,417.4397495349185,15
2024-09-18 12:49:21.307000,417.4474632633399,102
2024-09-18 12:49:21.446000,417.4559094250944,95
2024-09-18 12:49:21.732000,417.4532630149623,104
2024-09-18 12:49:21.870000,417.4771740010664,1002
2024-09-18 12:49:22.035000,417.4673418939704,105
2024-09-18 12:49:22.368000,417.5188117323499,1004
2024-09-18 12:49:22.548000,417.5078322726602,5
2024-09-18 12:49:22.590000,417.5013831794542,105
2024-09-18 12:49:22.782000,417.4952779388082,10
2024-09-18 12:49:22.801000,417.5032224891206,5
2024-09-18 12:49:22.837000,417.5186665949575,102
2024-09-18 12:49:22.992000,417.4955028449629,1001
2024-09-18 12:49:23.058000,417.48788227293886,96
2024-09-18 12:49:23.121000,417.5441749957115,10
2024-09-18 12:49:23.172000,417.5492489327828,99
2024-09-18 12:49:23.312000,417.4938078819192,996
2024-09-18 12:49:23.347000,417.4684865981424,103
2024-09-18 12:49:23.349000,417.5837123636475,996
2024-09-18 12:49:23.465000,417.5184557385673,97
2024-09-18 12:49:23.548000,417.51614240850415,996
2024-09-18 12:49:23.548000,417.5072176080985,6
2024-09-18 12:49:23.564000,417.5652917865015,6
2024-09-18 12:49:23.638000,417.5753635529932,102
2024-09-18 12:49:23.704000,417.50774428253527,105
2024-09-18 12:49:23.721000,417.559481125874,10
2024-09-18 12:49:23.725000,417.5891978279146,14
2024-09-18 12:49:23.793000,417.47881664867054,100
2024-09-18 12:49:23.850000,417.6005632379665,10
2024-09-18 12:49:23.859000,417.5036981775058,999
2024-09-18 12:49:23.884000,417.59963205169487,6
2024-09-18 12:49:23.939000,417.5566466583085,997
2024-09-18 12:49:23.941000,417.5010369171328,1004
2024-09-18 12:49:23.952000,417.5414812489564,98
2024-09-18 12:49:23.975000,417.5475599964773,105
2024-09-18 12:49:24.001000,417.6453832869222,1005
2024-09-18 12:49:24.064000,417.5655729411848,1001
2024-09-18 12:49:24.153000,417.571457205407,998
2024-09-18 12:49:24.229000,417.57090675578615,999
2024-09-18 12:49:24.230000,417.5544779487297,11
2024-09-18 12:49:24.258000,417.6141559182472,1005
2024-09-18 12:49:24.271000,417.5604138776902,9
2024-09-18 12:49:24.273000,417.61398578576336,100
2024-09-18 12:49:24.332000,417.5593982166527,102
2024-09-18 12:49:24.337000,417.5523154340364,98
2024-09-18 12:49:24.337000,417.5681796009932,996
2024-09-18 12:49:24.374000,417.6191629241421,10
2024-09-18 12:49:24.379000,417.5685644340628,13
2024-09-18 12:49:24.408000,417.5517054616517,1003
2024-09-18 12:49:24.461000,417.5821722027862,95
2024-09-18 12:49:24.539000,417.5424730996669,13
2024-09-18 12:49:24.588000,417.5670535548887,15
2024-09-18 12:49:24.648000,417.6357899835882,15
2024-09-18 12:49:24.669000,417.5782661009696,998
2024-09-18 12:49:24.674000,417.5573042311791,995
2024-09-18 12:49:24.700000,417.5832081644324,101
2024-09-18 12:49:24.723000,417.60361718665104,996
2024-09-18 12:49:24.862000,417.599153898433,101
2024-09-18 12:49:24.920000,417.6180280945164,97
2024-09-18 12:49:24.961000,417.5421749652647,1004
2024-09-18 12:49:25.022000,417.5150087932638,997
2024-09-18 12:49:25.025000,417.53054515350567,102
2024-09-18 12:49:25.063000,417.5199796347909,995
2024-09-18 12:49:25.120000,417.52199943911097,10
2024-09-18 12:49:25.157000,417.517769918362,1005
2024-09-18 12:49:25.161000,417.53273901020606,995
2024-09-18 12:49:25.189000,417.4944564911007,1004
2024-09-18 12:49:25.317000,417.5180259988393,995
2024-09-18 12:49:25.351000,417.5277545416308,8
2024-09-18 12:49:25.388000,417.53298740594806,996
2024-09-18 12:49:25.423000,417.5468749222849,14
2024-09-18 12:49:25.432000,417.5556839785151,15
2024-09-18 12:49:25.472000,417.5487941398503,97
2024-09-18 12:49:25.583000,417.524166187144,105
2024-09-18 12:49:25.647000,417.50572276709136,11
2024-09-18 12:49:25.661000,417.5239216888173,1005
2024-09-18 12:49:25.710000,417.5096833290129,95
2024-09-18 12:49:25.746000,417.5178810180888,995
2024-09-18 12:49:25.766000,417.53384435883896,1005
2024-09-18 12:49:25.825000,417.5199531194869,14
2024-09-18 12:49:25.869000,417.5464046487847,999
2024-09-18 12:49:25.879000,417.5452841684085,10
2024-09-18 12:49:25.892000,417.4988108885319,13
2024-09-18 12:49:25.994000,417.5206936630591,102
2024-09-18 12:49:26.003000,417.559771737432,103
2024-09-18 12:49:26.013000,417.5755906073149,7
2024-09-18 12:49:26.020000,417.5373171418978,9
2024-09-18 12:49:26.216000,417.56404747118944,7
2024-09-18 12:49:26.252000,417.568181387288,105
2024-09-18 12:49:26.260000,417.5534072549716,11
2024-09-18 12:49:26.272000,417.6279923858184,999
2024-09-18 12:49:26.303000,417.5921325951208,14
2024-09-18 12:49:26.414000,417.5399222106443,104
2024-09-18 12:49:26.461000,417.5398212818932,104
2024-09-18 12:49:26.508000,417.544261020956,15
2024-09-18 12:49:26.523000,417.5884140441159,12
2024-09-18 12:49:26.530000,417.5817000583368,1005
2024-09-18 12:49:26.543000,417.5669727147618,97
2024-09-18 12:49:26.572000,417.531653212959,12
2024-09-18 12:49:26.596000,417.5723805071851,7
2024-09-18 12:49:26.614000,417.5707009626843,104
2024-09-18 12:49:26.645000,417.5613781313557,5
2024-09-18 12:49:26.737000,417.6160704712975,10
2024-09-18 12:49:26.768000,417.5962307553833,1005
2024-09-18 12:49:26.768000,417.5761461944158,96
2024-09-18 12:49:26.823000,417.6444956749953,9
2024-09-18 12:49:26.873000,417.6426152501636,100
2024-09-18 12:49:26.922000,417.6321121326415,8
2024-09-18 12:49:26.940000,417.5479295543487,1003
2024-09-18 12:49:26.964000,417.59057086722487,1004
2024-09-18 12:49:26.974000,417.5808156126136,999
2024-09-18 12:49:26.993000,417.59186846381664,1001
2024-09-18 12:49:26.999000,417.5605169158441,95
2024-09-18 12:49:27.038000,417.5424048565133,999
2024-09-18 12:49:27.067000,417.5535756550311,1003
2024-09-18 12:49:27.113000,417.5461122676416,97
2024-09-18 12:49:27.310000,417.56301705599935,95
2024-09-18 12:49:27.318000,417.5147368659812,14
2024-09-18 12:49:27.346000,417.5486584843224,103
2024-09-18 12:49:27.349000,417.5247077880402,996
2024-09-18 12:49:27.361000,417.56519834029945,10
2024-09-18 12:49:27.363000,417.5566202615586,9
2024-09-18 12:49:27.410000,417.54032134837377,97
2024-09-18 12:49:27.491000,417.60563537309446,1005
2024-09-18 12:49:27.513000,417.5280746074339,12
2024-09-18 12:49:27.603000,417.6149794631577,998
2024-09-18 12:49:27.644000,417.5929105273392,998
2024-09-18 12:49:27.659000,417.5439319831775,100
2024-09-18 12:49:27.693000,417.5161799386247,5
2024-09-18 12:49:27.792000,417.529742794798,98
2024-09-18 12:49:27.805000,417.5077587247224,1002
2024-09-18 12:49:27.894000,417.5271701633324,12
2024-09-18 12:49:28.089000,417.5048233495584,996
2024-09-18 12:49:28.136000,417.5403741607949,99
2024-09-18 12:49:28.173000,417.5290619978818,105
2024-09-18 12:49:28.251000,417.5181245513152,101
2024-09-18 12:49:28.358000,417.5333307098674,1000
2024-09-18 12:49:28.559000,417.5317671635476,12
2024-09-18 12:49:28.995000,417.51919214168936,99
2024-09-18 12:49:29.134000,417.4830457226583,995
2024-09-18 12:49:29.284000,417.5091615698151,95
2024-09-18 12:49:29.339000,417.5089662708887,1004
2024-09-18 12:49:29.529000,417.5025363735739,999
2024-09-18 12:49:29.702000,417.5076430794507,98
2024-09-18 12:49:29.893000,417.4944534253586,1000
2024-09-18 12:49:29.901000,417.4946663424305,15
2024-09-18 12:49:30.010000,417.4940622296781,99
2024-09-18 12:49:30.214000,417.5600551860911,101
2024-09-18 12:49:30.286000,417.5051266599745,6
2024-09-18 12:49:30.313000,417.5454923544556,104
2024-09-18 12:49:30.423000,417.5137874415112,14
2024-09-18 12:49:30.614000,417.5404850522475,100
2024-09-18 12:49:30.621000,417.5100705519098,96
2024-09-18 12:49:30.665000,417.52328343894976,997
2024-09-18 12:49:30.723000,417.5005681274809,97
2024-09-18 12:49:31.124000,417.58808926262736,1001
2024-09-18 12:49:31.137000,417.62507845149634,14
2024-09-18 12:49:31.167000,417.6199741637148,96
2024-09-18 12:49:31.428000,417.5736081253143,98
2024-09-18 12:49:31.521000,417.5522448648412,1004
2024-09-18 12:49:31.558000,417.6420692292612,96
2024-09-18 12:49:31.682000,417.63811363894735,95
2024-09-18 12:49:31.714000,417.54591085474505,15
2024-09-18 12:49:31.828000,417.6323931050226,100
2024-09-18 12:49:31.967000,417.6249562584605,5
2024-09-18 12:49:32.131000,417.6101392534967,8
2024-09-18 12:49:33.424000,417.6132635894115,100
2024-09-18 12:49:33.483000,417.5940473037263,102
2024-09-18 12:49:33.535000,417.6269435523429,1005
2024-09-18 12:49:33.639000,417.6080461981206,1001
2024-09-18 12:49:33.793000,417.6700972208108,97
2024-09-18 12:49:33.856000,417.64273864513,1005
2024-09-18 12:49:33.935000,417.6496387304837,96
2024-09-18 12:49:33.943000,417.65267605855234,1003
2024-09-18 12:49:33.971000,417.6497077198125,100
2024-09-18 12:49:34.220000,417.5997713810744,103
2024-09-18 12:49:34.767000,417.61003115733246,96
2024-09-18 12:49:36.055000,417.6253597322294,13
2024-09-18 12:49:36.118000,417.6363263737626,105
2024-09-18 12:49:36.131000,417.6524598701017,995
2024-09-18 12:49:36.158000,417.6443898019572,97
2024-09-18 12:49:36.187000,417.6304136005392,102
2024-09-18 12:49:36.267000,417.6114175013681,101
2024-09-18 12:49:36.379000,417.6365746932027,98
2024-09-18 12:49:36.444000,417.6083056260569,1004
2024-09-18 12:49:36.481000,417.6476674471338,98
2024-09-18 12:49:36.493000,417.6544921586676,103
2024-09-18 12:49:36.540000,417.645898243984,95
2024-09-18 12:49:36.617000,417.6213619989821,1002
2024-09-18 12:49:36.641000,417.6472894720983,15
2024-09-18 12:49:36.799000,417.71423753224286,1005
2024-09-18 12:49:36.832000,417.6778428587243,998
2024-09-18 12:49:36.863000,417.6892294214738,99
2024-09-18 12:49:37.016000,417.7042842191598,99
2024-09-18 12:49:37.090000,417.7105304850352,10
2024-09-18 12:49:37.141000,417.7174551235559,1000
2024-09-18 12:49:37.250000,417.689917743942,1005
2024-09-18 12:49:37.362000,417.683757226598,1004
2024-09-18 12:49:37.383000,417.6987218542407,95
2024-09-18 12:49:37.386000,417.69334442876806,1005
2024-09-18 12:49:37.410000,417.7198208905052,99
2024-09-18 12:49:37.427000,417.6958598680308,5
2024-09-18 12:49:37.464000,417.6858052334623,13
2024-09-18 12:49:37.514000,417.6823389676797,102
2024-09-18 12:49:37.532000,417.7230920865664,1001
2024-09-18 12:49:37.602000,417.70027009712106,10
2024-09-18 12:49:37.770000,417.7023240567135,103
2024-09-18 12:49:37.772000,417.6791533068472,999
2024-09-18 12:49:37.775000,417.7207123246072,12
2024-09-18 12:49:37.808000,417.6875543359894,95
2024-09-18 12:49:37.820000,417.7075804703554,104
2024-09-18 12:49:37.831000,417.7016413302787,997
2024-09-18 12:49:37.850000,417.7417549360993,98
2024-09-18 12:49:37.866000,417.6744617976576,13
2024-09-18 12:49:37.876000,417.69072946969976,97
2024-09-18 12:49:37.896000,417.6891877928211,103
2024-09-18 12:49:37.976000,417.705693510104,97
2024-09-18 12:49:37.988000,417.7075966852256,96
2024-09-18 12:49:38.025000,417.653258460146,103
2024-09-18 12:49:38.047000,417.6796205012175,9
2024-09-18 12:49:38.083000,417.6688991027226,105
2024-09-18 12:49:38.119000,417.6502438594799,1004
2024-09-18 12:49:38.143000,417.64151574236735,997
2024-09-18 12:49:38.200000,417.6992953846975,997
2024-09-18 12:49:38.277000,417.69577867829616,7
2024-09-18 12:49:38.279000,417.6498649571345,6
2024-09-18 12:49:38.331000,417.6672861244869,1004
2024-09-18 12:49:38.366000,417.6207729720785,104
2024-09-18 12:49:38.371000,417.7003374362103,98
2024-09-18 12:49:38.418000,417.7174279198844,14
2024-09-18 12:49:38.431000,417.66823010840267,104
2024-09-18 12:49:38.499000,417.68218729905954,1002
2024-09-18 12:49:38.511000,417.6632014068023,104
2024-09-18 12:49:38.568000,417.68395093980126,997
2024-09-18 12:49:38.588000,417.6290173306485,98
2024-09-18 12:49:38.603000,417.66931796652665,995
2024-09-18 12:49:38.651000,417.6472065441516,997
2024-09-18 12:49:38.653000,417.6767764070731,100
2024-09-18 12:49:38.682000,417.6481423946344,6
2024-09-18 12:49:38.714000,417.6298771249686,996
2024-09-18 12:49:38.714000,417.6277652078584,996
2024-09-18 12:49:38.797000,417.6692160560256,1003
2024-09-18 12:49:38.821000,417.6812601631701,104
2024-09-18 12:49:38.839000,417.6907752360377,11
2024-09-18 12:49:38.856000,417.6740074650476,1000
2024-09-18 12:49:38.884000,417.66075007888776,995
2024-09-18 12:49:38.924000,417.6832870102377,97
2024-09-18 12:49:38.990000,417.69969895443296,99
2024-09-18 12:49:39.027000,417.6807849907075,1002
2024-09-18 12:49:39.047000,417.7236581292747,1003
2024-09-18 12:49:39.086000,417.6775079219142,10
2024-09-18 12:49:39.154000,417.70277174058,998
2024-09-18 12:49:39.249000,417.7152299831302,999
2024-09-18 12:49:39.274000,417.6748605851719,1004
2024-09-18 12:49:39.280000,417.7001450414142,1002
2024-09-18 12:49:39.388000,417.6995765721322,105
2024-09-18 12:49:39.402000,417.7115630331923,10
2024-09-18 12:49:39.409000,417.6990452972726,5
2024-09-18 12:49:39.528000,417.70806052758456,995
2024-09-18 12:49:39.619000,417.7158496599062,103
2024-09-18 12:49:39.643000,417.6852961820265,98
2024-09-18 12:49:39.684000,417.6648582806478,105
2024-09-18 12:49:39.684000,417.6809515972837,9
2024-09-18 12:49:39.728000,417.6650328154125,1003
2024-09-18 12:49:39.740000,417.6729628738766,13
2024-09-18 12:49:39.816000,417.7155848870624,6
2024-09-18 12:49:39.934000,417.71888414345887,6
2024-09-18 12:49:39.939000,417.6674229391325,8
2024-09-18 12:49:39.965000,417.71418151907903,10
2024-09-18 12:49:41.283000,417.7020768276521,98
2024-09-18 12:49:41.541000,417.7152273423259,1001
2024-09-18 12:49:41.574000,417.6966883181924,996
2024-09-18 12:49:41.618000,417.7155919814308,100
2024-09-18 12:49:42.062000,417.77801759955634,10
2024-09-18 12:49:42.093000,417.7010061562289,1001
2024-09-18 12:49:42.097000,417.7030554583512,99
2024-09-18 12:49:42.103000,417.7204417646474,11
2024-09-18 12:49:42.104000,417.7658177798188,6
2024-09-18 12:49:42.127000,417.7360901295504,102
2024-09-18 12:49:42.132000,417.7001078145078,104
2024-09-18 12:49:42.161000,417.8128372519198,96
2024-09-18 12:49:42.210000,417.7679467121537,15
2024-09-18 12:49:42.293000,417.7194628740239,997
2024-09-18 12:49:42.308000,417.72490684953607,103
2024-09-18 12:49:42.345000,417.7397243533168,11
2024-09-18 12:49:42.411000,417.79033248178166,103
2024-09-18 12:49:42.450000,417.7604522885863,104
2024-09-18 12:49:42.454000,417.7334256432797,995
2024-09-18 12:49:42.556000,417.7424861515028,998
2024-09-18 12:49:42.656000,417.7053017570866,99
2024-09-18 12:49:42.753000,417.7914088628183,103
2024-09-18 12:49:42.761000,417.7960686973576,5
2024-09-18 12:49:42.777000,417.7559781637408,98
2024-09-18 12:49:42.867000,417.7074388328997,13
2024-09-18 12:49:42.893000,417.7487473334858,996
2024-09-18 12:49:42.903000,417.7498859517873,98
2024-09-18 12:49:42.926000,417.7517323966228,996
2024-09-18 12:49:42.935000,417.7220965929133,996
2024-09-18 12:49:42.942000,417.7759971072681,14
2024-09-18 12:49:42.973000,417.7112944699605,99
2024-09-18 12:49:42.984000,417.7514468078848,101
2024-09-18 12:49:42.994000,417.7629108153228,15
2024-09-18 12:49:43.012000,417.70794318487526,103
2024-09-18 12:49:43.113000,417.6862411920473,995
2024-09-18 12:49:43.163000,417.7186175366273,8
2024-09-18 12:49:43.198000,417.7170319592992,1005
2024-09-18 12:49:43.282000,417.7139672291991,103
2024-09-18 12:49:43.298000,417.7193665920732,6
2024-09-18 12:49:43.348000,417.7132027331505,105
2024-09-18 12:49:43.378000,417.6896439755434,10
2024-09-18 12:49:43.379000,417.7261314239216,97
2024-09-18 12:49:43.428000,417.6558824583076,8
2024-09-18 12:49:43.643000,417.7234131179577,999
2024-09-18 12:49:43.709000,417.7064983213608,5
2024-09-18 12:49:43.723000,417.718943451527,9
2024-09-18 12:49:44.157000,417.67425277317216,10
2024-09-18 12:49:44.232000,417.68847713396417,101
2024-09-18 12:49:44.258000,417.6725415571825,10
2024-09-18 12:49:44.349000,417.67979385807257,104
2024-09-18 12:49:44.543000,417.6883331009975,7
2024-09-18 12:49:45.072000,417.67069922260697,96
2024-09-18 12:49:45.140000,417.70791620099806,997
2024-09-18 12:49:45.146000,417.7066499277044,99
2024-09-18 12:49:45.619000,417.6401162607353,999
2024-09-18 12:49:45.639000,417.642481560876,1004
2024-09-18 12:49:45.683000,417.64145964473454,13
2024-09-18 12:49:45.787000,417.66382117927714,1005
2024-09-18 12:49:45.921000,417.6458882360992,1005
2024-09-18 12:49:46.005000,417.6069946559063,6
2024-09-18 12:49:46.087000,417.61588575449616,7
2024-09-18 12:49:46.150000,417.61688481203487,100
2024-09-18 12:49:46.217000,417.6097093231899,99
2024-09-18 12:49:46.218000,417.5851587519703,997
2024-09-18 12:49:46.221000,417.5808903645363,105
2024-09-18 12:49:46.249000,417.6050800044648,997
2024-09-18 12:49:46.357000,417.61691822137664,9
2024-09-18 12:49:46.376000,417.5953163133734,104
2024-09-18 12:49:46.399000,417.59042435229,996
2024-09-18 12:49:46.556000,417.5942655777116,1002
2024-09-18 12:49:46.567000,417.6026835097736,12
2024-09-18 12:49:46.606000,417.6089692023687,5
2024-09-18 12:49:46.630000,417.5979370204192,14
2024-09-18 12:49:46.703000,417.5888791733731,7
2024-09-18 12:49:46.758000,417.5879103098424,99
2024-09-18 12:49:46.809000,417.6213079652768,11
2024-09-18 12:49:46.826000,417.6350122107912,9
2024-09-18 12:49:46.884000,417.5923654526076,15
2024-09-18 12:49:46.999000,417.6386974995776,12
2024-09-18 12:49:47.038000,417.5053934840421,105
2024-09-18 12:49:47.043000,417.51056140248113,99
2024-09-18 12:49:47.058000,417.4972415945299,105
2024-09-18 12:49:47.149000,417.5620286458978,10
2024-09-18 12:49:47.272000,417.5193502592287,12
2024-09-18 12:49:47.352000,417.5832784640052,12
2024-09-18 12:49:47.422000,417.5707912822026,14
2024-09-18 12:49:47.622000,417.5082404142861,101
2024-09-18 12:49:47.653000,417.5582988164821,999
2024-09-18 12:49:47.660000,417.5604436819185,997
2024-09-18 12:49:47.686000,417.5365003262808,102
2024-09-18 12:49:47.942000,417.5111196548621,999
2024-09-18 12:49:48.049000,417.50244093466006,98
2024-09-18 12:49:48.073000,417.5005550714569,995
2024-09-18 12:49:48.386000,417.5070864614263,99
2024-09-18 12:49:50.035000,417.4930059026215,105
2024-09-18 12:49:50.297000,417.466303482582,15
2024-09-18 12:49:50.303000,417.4832222175111,102
2024-09-18 12:49:50.401000,417.4789940950264,999
2024-09-18 12:49:50.938000,417.4811228157397,1004
2024-09-18 12:49:51.122000,417.4913078272494,15
2024-09-18 12:49:51.153000,417.4998559538732,6
2024-09-18 12:49:51.190000,417.4872090768037,99
2024-09-18 12:49:51.457000,417.4975112886364,102
2024-09-18 12:49:51.763000,417.503701777191,9
2024-09-18 12:49:51.784000,417.507282582898,10
2024-09-18 12:49:52.111000,417.4836031260597,105
2024-09-18 12:49:52.114000,417.508608388781,1001
2024-09-18 12:49:52.253000,417.4824433801825,999
2024-09-18 12:49:52.262000,417.49990331696426,6
2024-09-18 12:49:52.355000,417.4796286195324,7
2024-09-18 12:49:52.374000,417.4897207233965,105
2024-09-18 12:49:52.408000,417.5048631691223,96
2024-09-18 12:49:52.415000,417.4801612001441,995
2024-09-18 12:49:52.471000,417.49036170117154,1000
2024-09-18 12:49:52.478000,417.5038258179972,1004
2024-09-18 12:49:52.489000,417.5021128841181,996
2024-09-18 12:49:52.502000,417.4822619971884,10
2024-09-18 12:49:52.537000,417.49475209642776,1000
2024-09-18 12:49:52.570000,417.4858007433673,14
2024-09-18 12:49:52.596000,417.4822870644248,95
2024-09-18 12:49:52.623000,417.5013665330046,15
2024-09-18 12:49:52.672000,417.5223050943117,102
2024-09-18 12:49:52.736000,417.5180034322252,8
2024-09-18 12:49:52.937000,417.5108775190046,1000
2024-09-18 12:49:53.376000,417.4877413631272,13
2024-09-18 12:49:53.391000,417.4929444061204,13
2024-09-18 12:49:53.410000,417.4829610494545,14
2024-09-18 12:49:53.733000,417.4886837904757,999
2024-09-18 12:49:53.808000,417.4942243001697,12
2024-09-18 12:49:54.044000,417.4643417875974,995
2024-09-18 12:49:54.044000,417.4212683332368,13
2024-09-18 12:49:54.051000,417.48566782081184,15
2024-09-18 12:49:54.061000,417.4383976619706,8
2024-09-18 12:49:54.071000,417.45280686671714,103
2024-09-18 12:49:54.172000,417.4273256999092,98
2024-09-18 12:49:54.179000,417.4072634768005,99
2024-09-18 12:49:54.186000,417.4870211581144,11
2024-09-18 12:49:54.232000,417.48205817696,1004
2024-09-18 12:49:54.243000,417.4807729469697,6
2024-09-18 12:49:54.461000,417.4739544548556,1003
2024-09-18 12:49:54.530000,417.4222662023,1003
2024-09-18 12:49:54.550000,417.4584281611092,11
2024-09-18 12:49:54.553000,417.47847162035583,9
2024-09-18 12:49:54.568000,417.3919099260277,6
2024-09-18 12:49:54.579000,417.48196899671206,99
2024-09-18 12:49:54.684000,417.4134525886099,99
2024-09-18 12:49:54.773000,417.4436522748743,14
2024-09-18 12:49:54.829000,417.4994350974057,1005
2024-09-18 12:49:54.852000,417.4487052884418,99
2024-09-18 12:49:54.859000,417.486185021158,6
2024-09-18 12:49:54.870000,417.4047540032871,103
2024-09-18 12:49:54.913000,417.5016946474374,101
2024-09-18 12:49:54.966000,417.5042296977322,15
2024-09-18 12:49:54.966000,417.48639884117216,12
2024-09-18 12:49:55.005000,417.40722919113904,101
2024-09-18 12:49:55.024000,417.4078646419893,999
2024-09-18 12:49:55.044000,417.4044419216352,14
2024-09-18 12:49:55.075000,417.3945591755744,997
2024-09-18 12:49:55.111000,417.423050334942,999
2024-09-18 12:49:55.128000,417.432627232337,101
2024-09-18 12:49:55.153000,417.4173063560906,997
2024-09-18 12:49:55.302000,417.4048249119991,98
2024-09-18 12:49:55.305000,417.4155294172744,98
2024-09-18 12:49:55.327000,417.4061763214248,996
2024-09-18 12:49:55.437000,417.418778740092,105
2024-09-18 12:49:55.437000,417.4061023956017,11
2024-09-18 12:49:55.439000,417.42311327849336,101
2024-09-18 12:49:55.467000,417.400113068296,104
2024-09-18 12:49:55.746000,417.41100094765534,97
2024-09-18 12:49:55.779000,417.4024307875797,6
2024-09-18 12:49:55.785000,417.4176237239705,97
2024-09-18 12:49:55.841000,417.4146301181471,101
2024-09-18 12:49:55.847000,417.4385137814064,14
2024-09-18 12:49:55.868000,417.4140636584685,11
2024-09-18 12:49:55.893000,417.4227017389129,9
2024-09-18 12:49:55.910000,417.42574203698615,1003
2024-09-18 12:49:55.956000,417.3994109746068,1000
2024-09-18 12:49:57.240000,417.4119726153861,15
2024-09-18 12:49:57.396000,417.3847666044884,1001
2024-09-18 12:49:57.708000,417.35502224511725,1005
2024-09-18 12:49:57.784000,417.35849895401446,1003
2024-09-18 12:49:57.865000,417.40634902736986,1005
2024-09-18 12:49:57.892000,417.4191284816989,9
2024-09-18 12:49:57.986000,417.3888222946304,99
2024-09-18 12:49:58.061000,417.3174570861953,15
2024-09-18 12:49:58.235000,417.34604940917086,102
2024-09-18 12:49:58.302000,417.3407322585545,105
2024-09-18 12:49:58.452000,417.3258927978168,101
2024-09-18 12:49:58.493000,417.3164995764619,5
2024-09-18 12:49:58.537000,417.3220399201009,1001
2024-09-18 12:49:58.728000,417.31589861341655,105
2024-09-18 12:49:58.773000,417.3363395881313,999
2024-09-18 12:49:58.808000,417.3212882918679,996
2024-09-18 12:49:58.956000,417.35299887441727,13
2024-09-18 12:49:58.989000,417.36127847962587,99
2024-09-18 12:49:59.020000,417.2723093065069,998
2024-09-18 12:49:59.046000,417.2199151551277,1005
2024-09-18 12:49:59.131000,417.2579274956015,995
2024-09-18 12:49:59.227000,417.2399311930193,6
2024-09-18 12:49:59.270000,417.29440716394026,1001
2024-09-18 12:49:59.272000,417.2730766869869,96
2024-09-18 12:49:59.355000,417.23445469608816,998
2024-09-18 12:49:59.382000,417.24298678893183,5
2024-09-18 12:49:59.420000,417.2240328216273,1005
2024-09-18 12:49:59.440000,417.28521138198585,11
2024-09-18 12:49:59.505000,417.2396422188021,102
2024-09-18 12:49:59.506000,417.26699541048896,7
2024-09-18 12:49:59.523000,417.22995261894266,95
2024-09-18 12:49:59.572000,417.2479737712994,99
2024-09-18 12:49:59.577000,417.24018374655134,14
2024-09-18 12:49:59.579000,417.2705947931677,1003
2024-09-18 12:49:59.588000,417.29461255647584,996
2024-09-18 12:49:59.597000,417.2335543599704,997
2024-09-18 12:49:59.695000,417.249257260908,1005
2024-09-18 12:49:59.704000,417.2324620730091,10
2024-09-18 12:49:59.708000,417.23773596062017,14
2024-09-18 12:49:59.710000,417.2676676763651,7
2024-09-18 12:49:59.781000,417.3071621759059,9
2024-09-18 12:49:59.801000,417.2708523908957,95
2024-09-18 12:49:59.905000,417.27028297899074,12
2024-09-18 12:49:59.944000,417.22808911055046,8
2024-09-18 12:49:59.971000,417.3107259821067,13
2024-09-18 12:49:59.998000,417.2883239295883,5
