Timestamp,Price,Size
2024-09-20 12:51:00.182000,428.5595436410487,14
2024-09-20 12:51:00.201000,428.5694979300402,102
2024-09-20 12:51:00.231000,428.6116492475531,997
2024-09-20 12:51:00.294000,428.576675938212,7
2024-09-20 12:51:00.321000,428.64729654560426,1000
2024-09-20 12:51:00.338000,428.57201836503583,9
2024-09-20 12:51:00.388000,428.60487378309153,102
2024-09-20 12:51:00.394000,428.6003763647497,97
2024-09-20 12:51:00.404000,428.5927437963937,103
2024-09-20 12:51:00.458000,428.571517412787,1003
2024-09-20 12:51:00.478000,428.5463301513581,1004
2024-09-20 12:51:00.524000,428.5848745367703,97
2024-09-20 12:51:00.584000,428.58774062892047,15
2024-09-20 12:51:00.625000,428.5810244475419,12
2024-09-20 12:51:00.656000,428.58328967525136,1002
2024-09-20 12:51:00.669000,428.5580560999318,995
2024-09-20 12:51:00.700000,428.5810676132444,5
2024-09-20 12:51:00.788000,428.5994272776357,8
2024-09-20 12:51:00.822000,428.5904597590402,96
2024-09-20 12:51:00.849000,428.630578968252,999
2024-09-20 12:51:00.850000,428.6029490200305,15
2024-09-20 12:51:00.874000,428.5733960405493,1005
2024-09-20 12:51:00.916000,428.5695284235104,1004
2024-09-20 12:51:00.957000,428.5707201550551,995
2024-09-20 12:51:00.969000,428.5876455004324,8
2024-09-20 12:51:01.289000,428.63561854630495,97
2024-09-20 12:51:01.311000,428.61593564284846,1005
2024-09-20 12:51:01.557000,428.6047032272604,7
2024-09-20 12:51:01.577000,428.5778773558225,14
2024-09-20 12:51:01.715000,428.57106076088365,104
2024-09-20 12:51:01.727000,428.6129498176333,100
2024-09-20 12:51:01.797000,428.62016685510855,100
2024-09-20 12:51:01.808000,428.597357593913,9
2024-09-20 12:51:01.862000,428.60037391306986,995
2024-09-20 12:51:01.865000,428.5950876135377,102
2024-09-20 12:51:01.964000,428.5743995070322,995
2024-09-20 12:51:02.051000,428.5551443533892,10
2024-09-20 12:51:02.075000,428.53343131403074,96
2024-09-20 12:51:02.102000,428.53982591368776,15
2024-09-20 12:51:02.283000,428.6095746475756,97
2024-09-20 12:51:02.300000,428.5576182213245,1005
2024-09-20 12:51:02.323000,428.5958398307218,105
2024-09-20 12:51:02.342000,428.6057095827811,1000
2024-09-20 12:51:02.454000,428.5421592601329,997
2024-09-20 12:51:02.485000,428.5462679653126,95
2024-09-20 12:51:02.521000,428.6137256843151,101
2024-09-20 12:51:02.534000,428.612288966409,998
2024-09-20 12:51:02.596000,428.6140724647473,998
2024-09-20 12:51:02.651000,428.5913402768092,11
2024-09-20 12:51:02.686000,428.60648216954064,1005
2024-09-20 12:51:02.690000,428.5859287195349,104
2024-09-20 12:51:02.759000,428.609485789861,95
2024-09-20 12:51:02.796000,428.5599509730628,1002
2024-09-20 12:51:02.806000,428.5409326255527,101
2024-09-20 12:51:02.808000,428.563801410364,8
2024-09-20 12:51:02.828000,428.5579540761445,1004
2024-09-20 12:51:02.835000,428.5440498850365,1000
2024-09-20 12:51:02.868000,428.56327414084905,996
2024-09-20 12:51:02.888000,428.5330619753868,995
2024-09-20 12:51:02.969000,428.5278888434889,95
2024-09-20 12:51:02.984000,428.5355462196601,8
2024-09-20 12:51:03.293000,428.6088880338169,8
2024-09-20 12:51:03.395000,428.61536980922153,105
2024-09-20 12:51:03.472000,428.6259532936343,996
2024-09-20 12:51:03.820000,428.6060479606126,96
2024-09-20 12:51:03.829000,428.60641986497046,99
2024-09-20 12:51:03.922000,428.6261436314677,1001
2024-09-20 12:51:03.924000,428.6168278399936,98
2024-09-20 12:51:04.026000,428.6336081917637,1001
2024-09-20 12:51:04.140000,428.58488494294807,7
2024-09-20 12:51:04.182000,428.5960526426413,998
2024-09-20 12:51:04.275000,428.65921366937386,100
2024-09-20 12:51:04.346000,428.6345270575295,99
2024-09-20 12:51:04.355000,428.59810734153535,1003
2024-09-20 12:51:04.400000,428.6310986850575,98
2024-09-20 12:51:04.429000,428.58413592942657,995
2024-09-20 12:51:04.446000,428.5731724920973,102
2024-09-20 12:51:04.453000,428.6070819662993,14
2024-09-20 12:51:04.510000,428.6653553930514,5
2024-09-20 12:51:04.525000,428.6692402159173,996
2024-09-20 12:51:04.532000,428.6761990509904,999
2024-09-20 12:51:04.568000,428.6289232507511,8
2024-09-20 12:51:04.606000,428.62894883252017,98
2024-09-20 12:51:04.645000,428.6038951647353,95
2024-09-20 12:51:04.697000,428.6398129748222,14
2024-09-20 12:51:04.867000,428.6197320043205,997
2024-09-20 12:51:04.867000,428.6312523081983,97
2024-09-20 12:51:04.893000,428.6440041359312,14
2024-09-20 12:51:04.956000,428.6159649299265,104
2024-09-20 12:51:04.996000,428.6390262595555,5
2024-09-20 12:51:05.252000,428.6232136612804,13
2024-09-20 12:51:05.285000,428.62236241260257,997
2024-09-20 12:51:05.429000,428.6122068331037,5
2024-09-20 12:51:05.495000,428.6277281568125,95
2024-09-20 12:51:05.501000,428.6550639925367,1004
2024-09-20 12:51:05.516000,428.6447197536123,999
2024-09-20 12:51:05.567000,428.61627164481246,11
2024-09-20 12:51:05.573000,428.6514074025583,995
2024-09-20 12:51:05.583000,428.63938619061975,1000
2024-09-20 12:51:05.632000,428.6246178520881,996
2024-09-20 12:51:05.635000,428.625123092621,1001
2024-09-20 12:51:05.659000,428.613421069106,1004
2024-09-20 12:51:05.674000,428.64371146394745,1001
2024-09-20 12:51:05.686000,428.64902493172553,95
2024-09-20 12:51:05.703000,428.643164096549,99
2024-09-20 12:51:05.731000,428.6219102448819,95
2024-09-20 12:51:05.758000,428.6392308441031,97
2024-09-20 12:51:05.779000,428.6166106908904,99
2024-09-20 12:51:05.964000,428.6277066566173,14
2024-09-20 12:51:06.023000,428.65117421160704,15
2024-09-20 12:51:06.114000,428.6360665075581,101
2024-09-20 12:51:06.229000,428.6567236502577,97
2024-09-20 12:51:06.266000,428.7189201837281,8
2024-09-20 12:51:06.299000,428.73818589159777,8
2024-09-20 12:51:06.307000,428.6473447003534,5
2024-09-20 12:51:06.322000,428.675699436313,14
2024-09-20 12:51:06.363000,428.64915262088937,15
2024-09-20 12:51:06.394000,428.64905095119246,1005
2024-09-20 12:51:06.430000,428.6692524838614,97
2024-09-20 12:51:06.502000,428.75878381712073,12
2024-09-20 12:51:06.599000,428.72416096312594,11
2024-09-20 12:51:06.601000,428.74437657789866,100
2024-09-20 12:51:06.645000,428.67443311352616,1004
2024-09-20 12:51:06.727000,428.72325696371183,8
2024-09-20 12:51:06.740000,428.7266734716836,1003
2024-09-20 12:51:06.769000,428.6610877950965,999
2024-09-20 12:51:06.778000,428.72803946446993,105
2024-09-20 12:51:06.780000,428.6885372937784,7
2024-09-20 12:51:06.831000,428.6427394327745,99
2024-09-20 12:51:06.852000,428.6664858082554,14
2024-09-20 12:51:06.890000,428.645295984932,102
2024-09-20 12:51:07.805000,428.76627871348313,101
2024-09-20 12:51:08.005000,428.6766862499828,15
2024-09-20 12:51:08.105000,428.7069917201561,1003
2024-09-20 12:51:08.123000,428.7336303995041,1002
2024-09-20 12:51:08.207000,428.6847585517228,996
2024-09-20 12:51:08.246000,428.7458736770206,1004
2024-09-20 12:51:08.301000,428.6885851516316,95
2024-09-20 12:51:08.337000,428.7029882277321,1003
2024-09-20 12:51:08.396000,428.6634978130453,97
2024-09-20 12:51:08.408000,428.7240326536117,14
2024-09-20 12:51:08.411000,428.6749602369245,1000
2024-09-20 12:51:08.438000,428.72064394487006,1004
2024-09-20 12:51:08.452000,428.7024476548391,1000
2024-09-20 12:51:08.547000,428.76149321859657,13
2024-09-20 12:51:08.551000,428.6708327166098,10
2024-09-20 12:51:08.567000,428.6887034589346,1003
2024-09-20 12:51:08.596000,428.7431290457789,8
2024-09-20 12:51:08.603000,428.74129957983433,95
2024-09-20 12:51:08.628000,428.7496890322696,5
2024-09-20 12:51:08.654000,428.7268860156573,11
2024-09-20 12:51:08.664000,428.7599031783926,100
2024-09-20 12:51:08.716000,428.7457550545757,95
2024-09-20 12:51:08.768000,428.7246263292652,104
2024-09-20 12:51:08.800000,428.7503583455853,1002
2024-09-20 12:51:08.822000,428.7033553932085,100
2024-09-20 12:51:08.906000,428.6704395804388,997
2024-09-20 12:51:08.914000,428.70506422808734,9
2024-09-20 12:51:08.917000,428.6974759012184,8
2024-09-20 12:51:08.992000,428.69312599268864,8
2024-09-20 12:51:09.181000,428.7390404091838,1004
2024-09-20 12:51:09.254000,428.7241855793819,6
2024-09-20 12:51:09.538000,428.7501025891197,6
2024-09-20 12:51:09.994000,428.7195439704751,100
2024-09-20 12:51:10.050000,428.7175781306896,13
2024-09-20 12:51:10.062000,428.72404864426136,9
2024-09-20 12:51:10.072000,428.72391501094427,5
2024-09-20 12:51:10.073000,428.7180823378665,997
2024-09-20 12:51:10.084000,428.7100486649997,1004
2024-09-20 12:51:10.147000,428.74844743059367,1000
2024-09-20 12:51:10.187000,428.7510844690027,11
2024-09-20 12:51:10.188000,428.73931233110034,104
2024-09-20 12:51:10.222000,428.70571634492,996
2024-09-20 12:51:10.235000,428.70901712909546,98
2024-09-20 12:51:10.238000,428.7623024250714,1000
2024-09-20 12:51:10.240000,428.7360663439905,1005
2024-09-20 12:51:10.261000,428.7304635830871,1001
2024-09-20 12:51:10.298000,428.7265996886687,998
2024-09-20 12:51:10.309000,428.7398987565426,99
2024-09-20 12:51:10.315000,428.7339841999731,95
2024-09-20 12:51:10.389000,428.7256860267991,5
2024-09-20 12:51:10.459000,428.697302265836,95
2024-09-20 12:51:10.470000,428.7169612631656,10
2024-09-20 12:51:10.500000,428.73934382056143,1002
2024-09-20 12:51:10.572000,428.7299665052984,11
2024-09-20 12:51:10.608000,428.7509632759957,99
2024-09-20 12:51:10.623000,428.7301618186758,104
2024-09-20 12:51:10.763000,428.745163669797,11
2024-09-20 12:51:10.781000,428.7512711314097,98
2024-09-20 12:51:10.801000,428.7252672919076,9
2024-09-20 12:51:10.844000,428.7226401252268,101
2024-09-20 12:51:10.852000,428.716020510175,1002
2024-09-20 12:51:11.028000,428.7375010032018,996
2024-09-20 12:51:11.040000,428.7533413943008,15
2024-09-20 12:51:11.181000,428.6584599172719,7
2024-09-20 12:51:11.206000,428.7628177958357,9
2024-09-20 12:51:11.211000,428.7138766103392,1002
2024-09-20 12:51:11.318000,428.6868573895463,103
2024-09-20 12:51:11.400000,428.7524233748638,14
2024-09-20 12:51:11.528000,428.6718499749748,11
2024-09-20 12:51:11.541000,428.7316894044285,1002
2024-09-20 12:51:11.584000,428.7147495976265,1002
2024-09-20 12:51:11.628000,428.65407620784674,104
2024-09-20 12:51:11.726000,428.7434601676048,5
2024-09-20 12:51:11.760000,428.642984626386,1000
2024-09-20 12:51:11.793000,428.7365504246703,99
2024-09-20 12:51:11.861000,428.73455376245033,6
2024-09-20 12:51:11.924000,428.6526384875866,100
2024-09-20 12:51:11.925000,428.6319357388181,995
2024-09-20 12:51:12.050000,428.6977094066605,9
2024-09-20 12:51:12.076000,428.6355648689657,997
2024-09-20 12:51:12.079000,428.67152714171687,1000
2024-09-20 12:51:12.280000,428.66250941472697,101
2024-09-20 12:51:12.306000,428.6362314850058,997
2024-09-20 12:51:12.333000,428.68374161021296,1005
2024-09-20 12:51:12.345000,428.6284519606998,998
2024-09-20 12:51:12.354000,428.67286045809215,6
2024-09-20 12:51:12.460000,428.6954359646091,1004
2024-09-20 12:51:12.479000,428.62762103877577,9
2024-09-20 12:51:12.485000,428.6566146952684,102
2024-09-20 12:51:12.551000,428.65239231138025,12
2024-09-20 12:51:12.567000,428.6376284771155,11
2024-09-20 12:51:12.573000,428.6890602342799,6
2024-09-20 12:51:12.575000,428.72879937886495,7
2024-09-20 12:51:12.613000,428.6652322495003,15
2024-09-20 12:51:12.630000,428.6857989962742,1005
2024-09-20 12:51:12.661000,428.71868752633,101
2024-09-20 12:51:12.710000,428.6608124051798,997
2024-09-20 12:51:12.760000,428.658947940544,95
2024-09-20 12:51:12.817000,428.6568573174503,7
2024-09-20 12:51:12.841000,428.6609330991545,1004
2024-09-20 12:51:12.981000,428.6863841469485,102
2024-09-20 12:51:13.071000,428.6717703295719,100
2024-09-20 12:51:13.158000,428.6467240502472,1005
2024-09-20 12:51:13.196000,428.6500382711243,96
2024-09-20 12:51:13.249000,428.70765483386407,13
2024-09-20 12:51:13.295000,428.6556159500034,997
2024-09-20 12:51:13.298000,428.6581041558409,9
2024-09-20 12:51:13.305000,428.6605295124511,1005
2024-09-20 12:51:13.327000,428.6328902146099,997
2024-09-20 12:51:13.382000,428.64301600873847,101
2024-09-20 12:51:13.418000,428.6483778373668,10
2024-09-20 12:51:13.467000,428.6462660636402,9
2024-09-20 12:51:13.478000,428.6489986298888,14
2024-09-20 12:51:13.522000,428.6468467526482,999
2024-09-20 12:51:13.531000,428.67419055324615,1001
2024-09-20 12:51:13.574000,428.64664134340177,11
2024-09-20 12:51:13.574000,428.62035154317607,1004
2024-09-20 12:51:13.665000,428.69047003491465,1003
2024-09-20 12:51:13.734000,428.6705052031904,100
2024-09-20 12:51:13.783000,428.6288198259689,5
2024-09-20 12:51:13.869000,428.6591340510573,13
2024-09-20 12:51:13.877000,428.6818413747649,97
2024-09-20 12:51:13.926000,428.6727968291445,13
2024-09-20 12:51:13.980000,428.6063373934964,1004
2024-09-20 12:51:14.270000,428.63536997449785,99
2024-09-20 12:51:14.826000,428.6229970840185,11
2024-09-20 12:51:15.046000,428.6318103091712,15
2024-09-20 12:51:15.103000,428.6577849121184,999
2024-09-20 12:51:15.112000,428.6419407260749,14
2024-09-20 12:51:15.145000,428.67304945634254,10
2024-09-20 12:51:15.229000,428.6641542275605,1004
2024-09-20 12:51:15.328000,428.6592397412837,1004
2024-09-20 12:51:15.504000,428.6550840826288,998
2024-09-20 12:51:15.551000,428.6926608073016,996
2024-09-20 12:51:15.575000,428.6805980971664,7
2024-09-20 12:51:15.608000,428.6392889321245,5
2024-09-20 12:51:15.710000,428.6531442724644,95
2024-09-20 12:51:15.735000,428.66218173610906,103
2024-09-20 12:51:15.865000,428.6696680414324,13
2024-09-20 12:51:15.876000,428.64629688982535,96
2024-09-20 12:51:15.890000,428.627178248771,103
2024-09-20 12:51:16.161000,428.6634089003093,98
2024-09-20 12:51:16.422000,428.65167833922567,98
2024-09-20 12:51:16.769000,428.6544138479449,996
2024-09-20 12:51:16.969000,428.6549074674812,1004
2024-09-20 12:51:17.522000,428.64135713755536,102
2024-09-20 12:51:17.561000,428.694366878394,995
2024-09-20 12:51:17.635000,428.72191266795113,996
2024-09-20 12:51:17.744000,428.6416403583933,10
2024-09-20 12:51:17.825000,428.686472946803,11
2024-09-20 12:51:17.840000,428.6535933568405,5
2024-09-20 12:51:17.860000,428.6397802253239,6
2024-09-20 12:51:18.512000,428.7061409125122,1002
2024-09-20 12:51:18.562000,428.707079104634,5
2024-09-20 12:51:18.670000,428.7007275884079,7
2024-09-20 12:51:18.799000,428.694698804152,97
2024-09-20 12:51:19.001000,428.6601947223893,97
2024-09-20 12:51:19.037000,428.6682138637134,103
2024-09-20 12:51:19.039000,428.6736747647674,103
2024-09-20 12:51:19.141000,428.67322444084266,99
2024-09-20 12:51:19.424000,428.6819472937137,1003
2024-09-20 12:51:19.511000,428.6765084845822,999
2024-09-20 12:51:19.520000,428.6685410080839,1002
2024-09-20 12:51:19.541000,428.6647334749903,100
2024-09-20 12:51:19.548000,428.66287253132026,15
2024-09-20 12:51:19.591000,428.69210670218257,8
2024-09-20 12:51:19.651000,428.6938460586318,96
2024-09-20 12:51:19.659000,428.6571077558231,995
2024-09-20 12:51:19.692000,428.6748178640304,104
2024-09-20 12:51:19.710000,428.6965665941877,1001
2024-09-20 12:51:19.842000,428.6785835345094,7
2024-09-20 12:51:19.846000,428.6916927176163,1001
2024-09-20 12:51:19.947000,428.6579715256005,997
2024-09-20 12:51:19.982000,428.6919579786361,95
2024-09-20 12:51:20.010000,428.6541373425808,1000
2024-09-20 12:51:20.041000,428.6451629437322,95
2024-09-20 12:51:20.079000,428.6489006227311,995
2024-09-20 12:51:20.104000,428.6739125785696,7
2024-09-20 12:51:20.122000,428.6710885156194,100
2024-09-20 12:51:20.162000,428.6412306552806,98
2024-09-20 12:51:20.177000,428.6493555977984,1002
2024-09-20 12:51:20.232000,428.6409299758847,1001
2024-09-20 12:51:20.258000,428.66397566250936,102
2024-09-20 12:51:20.281000,428.6593166784969,1000
2024-09-20 12:51:20.291000,428.66567784279374,1003
2024-09-20 12:51:20.304000,428.6479810081887,103
2024-09-20 12:51:20.320000,428.6607055567548,13
2024-09-20 12:51:20.386000,428.6689127090408,1005
2024-09-20 12:51:20.387000,428.6553338316503,1002
2024-09-20 12:51:20.564000,428.66825017146937,97
2024-09-20 12:51:20.656000,428.68580958966106,101
2024-09-20 12:51:20.691000,428.6613445180636,15
2024-09-20 12:51:20.816000,428.6463291589412,99
2024-09-20 12:51:20.899000,428.6752848577702,999
2024-09-20 12:51:20.956000,428.6819814523445,12
2024-09-20 12:51:21.054000,428.6530416242024,1000
2024-09-20 12:51:21.063000,428.6410223064438,97
2024-09-20 12:51:21.104000,428.6310462462191,1000
2024-09-20 12:51:21.184000,428.64589181992375,97
2024-09-20 12:51:21.216000,428.62776634899046,995
2024-09-20 12:51:21.275000,428.6489804817707,103
2024-09-20 12:51:21.295000,428.6429012830825,104
2024-09-20 12:51:21.298000,428.6538060205229,9
2024-09-20 12:51:21.312000,428.6196493979487,97
2024-09-20 12:51:21.369000,428.62728488499135,1004
2024-09-20 12:51:21.433000,428.625897680562,7
2024-09-20 12:51:21.529000,428.6450568790361,997
2024-09-20 12:51:21.530000,428.6453121500872,999
2024-09-20 12:51:21.625000,428.6623709039356,15
2024-09-20 12:51:21.646000,428.6614493703264,95
2024-09-20 12:51:21.707000,428.6092078641594,999
2024-09-20 12:51:21.724000,428.6286611289062,104
2024-09-20 12:51:21.730000,428.6315128387648,95
2024-09-20 12:51:21.813000,428.60931781096633,95
2024-09-20 12:51:21.937000,428.6483729312831,8
2024-09-20 12:51:21.946000,428.6555762698008,999
2024-09-20 12:51:21.962000,428.65790404394784,95
2024-09-20 12:51:22.054000,428.6222792039018,5
2024-09-20 12:51:22.061000,428.584265821873,11
2024-09-20 12:51:22.087000,428.6421882211731,95
2024-09-20 12:51:22.095000,428.5858313570362,102
2024-09-20 12:51:22.112000,428.65673893351055,95
2024-09-20 12:51:22.131000,428.650653572066,99
2024-09-20 12:51:22.167000,428.60960184400585,100
2024-09-20 12:51:22.236000,428.5982813027293,1004
2024-09-20 12:51:22.308000,428.5964144657318,14
2024-09-20 12:51:22.323000,428.6441035049655,99
2024-09-20 12:51:22.369000,428.65011661102,1002
2024-09-20 12:51:22.415000,428.5978160301174,14
2024-09-20 12:51:22.425000,428.6176197137526,9
2024-09-20 12:51:22.439000,428.6012366473127,96
2024-09-20 12:51:22.466000,428.6160178844556,1001
2024-09-20 12:51:22.466000,428.6254109832468,9
2024-09-20 12:51:22.467000,428.6128367384273,996
2024-09-20 12:51:22.469000,428.6473349178406,7
2024-09-20 12:51:22.542000,428.64324003110505,5
2024-09-20 12:51:22.660000,428.6369369044559,11
2024-09-20 12:51:22.681000,428.6554541454856,95
2024-09-20 12:51:22.693000,428.6567065655449,1003
2024-09-20 12:51:22.771000,428.6360831473565,997
2024-09-20 12:51:22.782000,428.60401494236464,13
2024-09-20 12:51:22.792000,428.6372050460868,1005
2024-09-20 12:51:22.970000,428.6414704114978,101
2024-09-20 12:51:23.003000,428.53603578030186,8
2024-09-20 12:51:23.052000,428.61510563886327,105
2024-09-20 12:51:23.065000,428.468956386425,999
2024-09-20 12:51:23.067000,428.6245579393289,5
2024-09-20 12:51:23.073000,428.6093829886862,101
2024-09-20 12:51:23.077000,428.6297030248736,14
2024-09-20 12:51:23.139000,428.6082586018134,97
2024-09-20 12:51:23.220000,428.58747737989376,13
2024-09-20 12:51:23.268000,428.5924028345423,102
2024-09-20 12:51:23.278000,428.5616627715401,13
2024-09-20 12:51:23.334000,428.5750467101045,12
2024-09-20 12:51:23.339000,428.4792092724319,102
2024-09-20 12:51:23.367000,428.525080948423,105
2024-09-20 12:51:23.389000,428.5877647825583,5
2024-09-20 12:51:23.465000,428.60662958592224,10
2024-09-20 12:51:23.468000,428.5939920355551,98
2024-09-20 12:51:23.508000,428.581642570682,102
2024-09-20 12:51:23.525000,428.62596767104856,999
2024-09-20 12:51:23.764000,428.55179345900456,98
2024-09-20 12:51:23.771000,428.5645103016211,1004
2024-09-20 12:51:23.774000,428.600025701055,9
2024-09-20 12:51:23.789000,428.5426209703221,1005
2024-09-20 12:51:23.819000,428.51097292406126,98
2024-09-20 12:51:23.912000,428.5982357170056,102
2024-09-20 12:51:23.948000,428.461047161535,1003
2024-09-20 12:51:24.001000,428.47197629471225,105
2024-09-20 12:51:24.103000,428.46739358723295,1003
2024-09-20 12:51:24.112000,428.4691513484341,96
2024-09-20 12:51:24.150000,428.50803122566975,96
2024-09-20 12:51:24.177000,428.5347806199,1002
2024-09-20 12:51:24.244000,428.4932062800761,1002
2024-09-20 12:51:24.294000,428.5412886051652,998
2024-09-20 12:51:24.397000,428.5359042069429,998
2024-09-20 12:51:24.497000,428.4788279471546,105
2024-09-20 12:51:24.524000,428.48005298019865,99
2024-09-20 12:51:24.526000,428.4638850738062,1004
2024-09-20 12:51:24.562000,428.5311834933945,15
2024-09-20 12:51:24.665000,428.5239868426957,104
2024-09-20 12:51:24.682000,428.4922368732919,104
2024-09-20 12:51:24.830000,428.4832648166511,103
2024-09-20 12:51:25.076000,428.5716324971812,97
2024-09-20 12:51:25.166000,428.5502730522086,1003
2024-09-20 12:51:25.191000,428.557489549364,6
2024-09-20 12:51:25.228000,428.5452207101883,1002
2024-09-20 12:51:25.253000,428.5392185488412,1003
2024-09-20 12:51:25.274000,428.5608119661036,11
2024-09-20 12:51:25.290000,428.5604514987318,14
2024-09-20 12:51:25.345000,428.5772900994869,998
2024-09-20 12:51:25.361000,428.5554270095048,997
2024-09-20 12:51:25.370000,428.563220492328,7
2024-09-20 12:51:25.383000,428.57020287616473,1004
2024-09-20 12:51:25.396000,428.5692936536887,11
2024-09-20 12:51:25.459000,428.548634705148,9
2024-09-20 12:51:25.497000,428.544068623667,7
2024-09-20 12:51:25.506000,428.53977722458205,1003
2024-09-20 12:51:25.520000,428.5469149286033,6
2024-09-20 12:51:25.648000,428.5761239223459,5
2024-09-20 12:51:25.732000,428.5344662554167,96
2024-09-20 12:51:25.762000,428.5513627743738,1002
2024-09-20 12:51:25.876000,428.56915332542985,5
2024-09-20 12:51:25.897000,428.5538833282157,9
2024-09-20 12:51:25.901000,428.57164961299566,998
2024-09-20 12:51:25.923000,428.54658499841713,995
2024-09-20 12:51:25.952000,428.545691163586,995
2024-09-20 12:51:25.984000,428.5636495408417,104
2024-09-20 12:51:26.035000,428.5054282511021,13
2024-09-20 12:51:26.310000,428.5169768317536,97
2024-09-20 12:51:26.585000,428.513834932576,96
2024-09-20 12:51:26.832000,428.50472816289073,1001
2024-09-20 12:51:27.270000,428.48708660242346,12
2024-09-20 12:51:27.606000,428.5012046837287,1002
2024-09-20 12:51:28.064000,428.5143609152458,997
2024-09-20 12:51:28.332000,428.5779815030078,8
2024-09-20 12:51:28.337000,428.52136793899217,13
2024-09-20 12:51:28.405000,428.5762899712656,104
2024-09-20 12:51:28.435000,428.5318029664628,100
2024-09-20 12:51:28.520000,428.5436257977274,97
2024-09-20 12:51:28.528000,428.5285510055218,104
2024-09-20 12:51:28.561000,428.55927863864696,1001
2024-09-20 12:51:28.662000,428.5865706177655,7
2024-09-20 12:51:28.668000,428.5187630064952,98
2024-09-20 12:51:28.708000,428.58510098753374,11
2024-09-20 12:51:28.803000,428.56910136008094,7
2024-09-20 12:51:28.836000,428.510980766663,995
2024-09-20 12:51:28.868000,428.56504202839056,996
2024-09-20 12:51:28.878000,428.5340494157148,105
2024-09-20 12:51:29.046000,428.5617625434412,1002
2024-09-20 12:51:29.092000,428.5420405288659,101
2024-09-20 12:51:29.101000,428.5601776874801,997
2024-09-20 12:51:29.117000,428.5848260357987,103
2024-09-20 12:51:29.124000,428.5877589976631,1000
2024-09-20 12:51:29.167000,428.5622623668324,1001
2024-09-20 12:51:29.253000,428.5641273682879,998
2024-09-20 12:51:29.305000,428.5841776539594,998
2024-09-20 12:51:29.333000,428.54439069006327,10
2024-09-20 12:51:29.352000,428.5842474687204,104
2024-09-20 12:51:29.429000,428.5761193242734,8
2024-09-20 12:51:29.572000,428.55113946893744,999
2024-09-20 12:51:29.631000,428.5762995483867,1001
2024-09-20 12:51:29.674000,428.5583080161175,7
2024-09-20 12:51:29.773000,428.5727180664083,98
2024-09-20 12:51:29.775000,428.5884991238846,995
2024-09-20 12:51:29.848000,428.566167559065,100
2024-09-20 12:51:29.855000,428.5592273964236,15
2024-09-20 12:51:30.097000,428.53347989237534,996
2024-09-20 12:51:30.097000,428.5158529378456,5
2024-09-20 12:51:30.298000,428.5445496435452,95
2024-09-20 12:51:30.327000,428.5182228381906,95
2024-09-20 12:51:30.367000,428.5411622780149,98
2024-09-20 12:51:30.631000,428.5317217738494,10
2024-09-20 12:51:30.702000,428.5379506868895,13
2024-09-20 12:51:30.714000,428.53866749471166,1003
2024-09-20 12:51:30.749000,428.51568812134366,1001
2024-09-20 12:51:30.782000,428.5153517125348,97
2024-09-20 12:51:30.887000,428.5458739261422,95
2024-09-20 12:51:30.890000,428.5222141963167,14
2024-09-20 12:51:30.897000,428.51756967862303,5
2024-09-20 12:51:30.932000,428.53608723886737,102
2024-09-20 12:51:30.959000,428.5340695707346,15
2024-09-20 12:51:31.082000,428.4979058100653,12
2024-09-20 12:51:31.089000,428.52042509743256,1002
2024-09-20 12:51:31.104000,428.5221101781738,8
2024-09-20 12:51:31.126000,428.5231698255844,1002
2024-09-20 12:51:31.301000,428.516094739576,11
2024-09-20 12:51:31.378000,428.5252911245468,1003
2024-09-20 12:51:31.457000,428.5163580202898,1001
2024-09-20 12:51:31.554000,428.504150731349,997
2024-09-20 12:51:31.632000,428.51998033571806,996
2024-09-20 12:51:31.716000,428.51703407520944,103
2024-09-20 12:51:31.721000,428.5195095052241,96
2024-09-20 12:51:31.740000,428.53892403934776,5
2024-09-20 12:51:31.746000,428.5123330488961,97
2024-09-20 12:51:31.777000,428.53309049505816,101
2024-09-20 12:51:31.807000,428.5250268102552,13
2024-09-20 12:51:31.904000,428.5214559827477,999
2024-09-20 12:51:31.921000,428.4915338813363,11
2024-09-20 12:51:31.948000,428.5227740076231,1002
2024-09-20 12:51:32.016000,428.5558223111065,6
2024-09-20 12:51:32.068000,428.49034242013823,997
2024-09-20 12:51:32.101000,428.5816919755447,995
2024-09-20 12:51:32.105000,428.5636213928375,99
2024-09-20 12:51:32.121000,428.49205661823146,7
2024-09-20 12:51:32.168000,428.5093205824365,96
2024-09-20 12:51:32.179000,428.49012912279454,6
2024-09-20 12:51:32.216000,428.6077828837101,8
2024-09-20 12:51:32.232000,428.6057281144386,97
2024-09-20 12:51:32.267000,428.53725824464806,15
2024-09-20 12:51:32.343000,428.5256238133327,105
2024-09-20 12:51:32.432000,428.60303870588143,996
2024-09-20 12:51:32.433000,428.5867989425866,5
2024-09-20 12:51:32.453000,428.53904350553495,98
2024-09-20 12:51:32.533000,428.6096114602796,996
2024-09-20 12:51:32.618000,428.4931282207377,1002
2024-09-20 12:51:32.620000,428.602820456171,1004
2024-09-20 12:51:32.651000,428.5426572501041,11
2024-09-20 12:51:32.754000,428.5752810109358,97
2024-09-20 12:51:32.774000,428.6056203150122,998
2024-09-20 12:51:32.782000,428.4888944515743,11
2024-09-20 12:51:32.799000,428.6137972619476,15
2024-09-20 12:51:32.822000,428.6088536785151,995
2024-09-20 12:51:32.842000,428.5559808121714,102
2024-09-20 12:51:32.923000,428.61695464553645,1001
2024-09-20 12:51:33.013000,428.5412628552824,15
2024-09-20 12:51:33.024000,428.53611061750615,1004
2024-09-20 12:51:33.051000,428.5116979214998,1000
2024-09-20 12:51:33.055000,428.55356525912646,998
2024-09-20 12:51:33.081000,428.5942791455116,12
2024-09-20 12:51:33.101000,428.5641581189325,1003
2024-09-20 12:51:33.355000,428.5615500601635,1003
2024-09-20 12:51:33.430000,428.5645216650435,7
2024-09-20 12:51:33.442000,428.5331855531214,99
2024-09-20 12:51:33.477000,428.5629992650123,11
2024-09-20 12:51:33.513000,428.5584557830445,14
2024-09-20 12:51:33.520000,428.53607637354975,1000
2024-09-20 12:51:33.533000,428.5343233212274,15
2024-09-20 12:51:33.549000,428.5718586237753,102
2024-09-20 12:51:33.565000,428.52089638655394,996
2024-09-20 12:51:33.603000,428.543043983621,6
2024-09-20 12:51:33.690000,428.5316462243508,5
2024-09-20 12:51:33.696000,428.5523037173383,995
2024-09-20 12:51:33.734000,428.5821040343417,998
2024-09-20 12:51:33.746000,428.5189232088686,5
2024-09-20 12:51:33.803000,428.5122604040925,100
2024-09-20 12:51:33.913000,428.5484084292968,101
2024-09-20 12:51:33.979000,428.5382071857388,105
2024-09-20 12:51:33.997000,428.5364845722612,999
2024-09-20 12:51:34.019000,428.460779062668,9
2024-09-20 12:51:34.103000,428.4587197649656,104
2024-09-20 12:51:34.174000,428.55161905165454,13
2024-09-20 12:51:34.224000,428.4834762328922,6
2024-09-20 12:51:34.256000,428.5539660695048,997
2024-09-20 12:51:34.289000,428.5705063178314,101
2024-09-20 12:51:34.319000,428.50745740895854,1003
2024-09-20 12:51:34.358000,428.4539147683431,101
2024-09-20 12:51:34.401000,428.526561909357,1001
2024-09-20 12:51:34.421000,428.4479003271162,996
2024-09-20 12:51:34.458000,428.5738765067334,1002
2024-09-20 12:51:34.588000,428.4477872363341,6
2024-09-20 12:51:34.714000,428.5574862308729,5
2024-09-20 12:51:34.749000,428.5501956893861,1003
2024-09-20 12:51:34.763000,428.4836554081151,105
2024-09-20 12:51:34.851000,428.49130195382406,103
2024-09-20 12:51:35.063000,428.4768183860917,9
2024-09-20 12:51:35.142000,428.4692096869283,99
2024-09-20 12:51:35.174000,428.4789123400718,7
2024-09-20 12:51:35.248000,428.5249915715515,101
2024-09-20 12:51:35.267000,428.488793267473,99
2024-09-20 12:51:35.271000,428.4606798138871,6
2024-09-20 12:51:35.453000,428.4978973497796,101
2024-09-20 12:51:35.578000,428.4744811448357,996
2024-09-20 12:51:35.597000,428.50937620600297,96
2024-09-20 12:51:35.599000,428.4602294172357,12
2024-09-20 12:51:35.777000,428.44486459992345,7
2024-09-20 12:51:35.997000,428.4625449715817,103
2024-09-20 12:51:36.224000,428.54716536293415,15
2024-09-20 12:51:37.963000,428.55201285407054,1004
2024-09-20 12:51:38.043000,428.4116426310366,999
2024-09-20 12:51:38.062000,428.42298868114005,99
2024-09-20 12:51:38.073000,428.4750920587164,998
2024-09-20 12:51:38.102000,428.51240574198965,1002
2024-09-20 12:51:38.102000,428.4159426315673,1002
2024-09-20 12:51:38.196000,428.4689368354784,100
2024-09-20 12:51:38.294000,428.4376490316198,10
2024-09-20 12:51:38.298000,428.4521651351752,102
2024-09-20 12:51:38.320000,428.4056218699098,1001
2024-09-20 12:51:38.343000,428.4595463777284,99
2024-09-20 12:51:38.383000,428.5331948268219,1002
2024-09-20 12:51:38.451000,428.48740433466594,5
2024-09-20 12:51:38.502000,428.4720362961148,996
2024-09-20 12:51:38.549000,428.4912234191167,997
2024-09-20 12:51:38.576000,428.4792477522351,1003
2024-09-20 12:51:38.598000,428.540193837226,15
2024-09-20 12:51:38.636000,428.4046107166658,14
2024-09-20 12:51:38.698000,428.4187342954735,1002
2024-09-20 12:51:38.770000,428.49123179062366,12
2024-09-20 12:51:38.830000,428.4247440610271,1005
2024-09-20 12:51:38.849000,428.5608611539855,101
2024-09-20 12:51:38.894000,428.4128580792765,105
2024-09-20 12:51:39.004000,428.3996321174189,5
2024-09-20 12:51:39.129000,428.39529970157406,1003
2024-09-20 12:51:39.178000,428.4340637357619,13
2024-09-20 12:51:39.204000,428.4253312317979,98
2024-09-20 12:51:39.219000,428.3972529747298,7
2024-09-20 12:51:39.231000,428.4328331254413,5
2024-09-20 12:51:39.308000,428.4114252662849,98
2024-09-20 12:51:39.313000,428.4187868951853,1001
2024-09-20 12:51:39.342000,428.3766201919664,96
2024-09-20 12:51:39.428000,428.3889948370525,998
2024-09-20 12:51:39.456000,428.4260983434756,12
2024-09-20 12:51:39.477000,428.37027010698137,96
2024-09-20 12:51:39.512000,428.4192323869793,10
2024-09-20 12:51:39.616000,428.395589009573,12
2024-09-20 12:51:39.620000,428.3815300446752,99
2024-09-20 12:51:39.644000,428.3920278763002,996
2024-09-20 12:51:39.705000,428.40312568612944,7
2024-09-20 12:51:39.728000,428.42896244653537,95
2024-09-20 12:51:39.895000,428.4229428943406,15
2024-09-20 12:51:39.905000,428.40676769743953,105
2024-09-20 12:51:39.943000,428.36709597782624,1003
2024-09-20 12:51:40.020000,428.3901983131128,104
2024-09-20 12:51:40.055000,428.41887738007006,7
2024-09-20 12:51:40.245000,428.3931861189776,1002
2024-09-20 12:51:40.350000,428.3507621401226,99
2024-09-20 12:51:40.403000,428.4026023429077,95
2024-09-20 12:51:40.428000,428.4101129002927,1002
2024-09-20 12:51:40.430000,428.4251116028867,1003
2024-09-20 12:51:40.455000,428.3992271967989,6
2024-09-20 12:51:40.459000,428.4251039820377,8
2024-09-20 12:51:40.535000,428.37603888744826,97
2024-09-20 12:51:40.573000,428.3165933900636,7
2024-09-20 12:51:40.589000,428.40955717869366,999
2024-09-20 12:51:40.607000,428.4213887820254,995
2024-09-20 12:51:40.620000,428.4101787523789,103
2024-09-20 12:51:40.642000,428.4014432671525,99
2024-09-20 12:51:40.754000,428.4086975123858,15
2024-09-20 12:51:40.773000,428.33462846344287,103
2024-09-20 12:51:40.805000,428.4303777867379,1004
2024-09-20 12:51:40.824000,428.40422103828206,95
2024-09-20 12:51:40.843000,428.4153552834672,100
2024-09-20 12:51:40.864000,428.31509749913903,999
2024-09-20 12:51:40.887000,428.4040790215403,9
2024-09-20 12:51:41.021000,428.34031157853855,13
2024-09-20 12:51:41.105000,428.3491977594824,1004
2024-09-20 12:51:41.110000,428.3631916857711,13
2024-09-20 12:51:41.156000,428.3200912465736,997
2024-09-20 12:51:41.159000,428.3345794418778,101
2024-09-20 12:51:41.237000,428.3332722003848,105
2024-09-20 12:51:41.286000,428.39156830855575,98
2024-09-20 12:51:41.438000,428.3404787720895,8
2024-09-20 12:51:41.501000,428.35052646397776,98
2024-09-20 12:51:41.513000,428.3211425229077,14
2024-09-20 12:51:41.605000,428.3193223001529,1000
2024-09-20 12:51:41.613000,428.3527979166838,104
2024-09-20 12:51:41.626000,428.3295744944809,997
2024-09-20 12:51:41.630000,428.32664408355606,1005
2024-09-20 12:51:41.686000,428.3598872305167,14
2024-09-20 12:51:41.691000,428.364862250683,102
2024-09-20 12:51:41.694000,428.3256723248766,1005
2024-09-20 12:51:41.785000,428.3401866877261,1005
2024-09-20 12:51:41.796000,428.3570797545189,995
2024-09-20 12:51:41.801000,428.376998111274,5
2024-09-20 12:51:41.817000,428.32967207280217,96
2024-09-20 12:51:41.842000,428.36611473686975,103
2024-09-20 12:51:41.852000,428.3539720821993,1000
2024-09-20 12:51:41.900000,428.34182592350055,102
2024-09-20 12:51:41.998000,428.3323228579503,5
2024-09-20 12:51:42.273000,428.3756990139771,1002
2024-09-20 12:51:42.484000,428.3453416814192,13
2024-09-20 12:51:42.775000,428.35345386589466,105
2024-09-20 12:51:43.066000,428.4212004225953,14
2024-09-20 12:51:43.164000,428.3875251700944,997
2024-09-20 12:51:43.219000,428.3674320572173,102
2024-09-20 12:51:43.256000,428.4331331362473,99
2024-09-20 12:51:43.322000,428.4093553217123,1005
2024-09-20 12:51:43.418000,428.3848160809261,96
2024-09-20 12:51:43.557000,428.3894309102207,1000
2024-09-20 12:51:43.638000,428.377940901142,5
2024-09-20 12:51:43.687000,428.4266112227171,104
2024-09-20 12:51:43.721000,428.4141357677533,10
2024-09-20 12:51:43.751000,428.3771009047766,99
2024-09-20 12:51:43.766000,428.411565103994,5
2024-09-20 12:51:43.817000,428.4361319444904,105
2024-09-20 12:51:43.899000,428.42872335366286,97
2024-09-20 12:51:43.950000,428.4078006019028,104
2024-09-20 12:51:44.064000,428.466887105089,11
2024-09-20 12:51:44.089000,428.4519622795991,100
2024-09-20 12:51:44.092000,428.4594517662934,1000
2024-09-20 12:51:44.133000,428.4653715806228,12
2024-09-20 12:51:44.144000,428.4789580977881,1001
2024-09-20 12:51:44.149000,428.45953598660594,97
2024-09-20 12:51:44.222000,428.4472393997615,105
2024-09-20 12:51:44.233000,428.46284752701945,8
2024-09-20 12:51:44.251000,428.4624911046511,12
2024-09-20 12:51:44.305000,428.4909087178424,1005
2024-09-20 12:51:44.312000,428.44986930787775,100
2024-09-20 12:51:44.428000,428.4594093842927,99
2024-09-20 12:51:44.509000,428.45367989776,9
2024-09-20 12:51:44.519000,428.4956615475387,103
2024-09-20 12:51:44.556000,428.4802405432638,15
2024-09-20 12:51:44.557000,428.4516114747144,14
2024-09-20 12:51:44.560000,428.4581568670251,1004
2024-09-20 12:51:44.569000,428.46993389895385,10
2024-09-20 12:51:44.658000,428.4627058681175,8
2024-09-20 12:51:44.696000,428.44965783415387,999
2024-09-20 12:51:44.707000,428.4834168398933,102
2024-09-20 12:51:44.745000,428.47366052252767,97
2024-09-20 12:51:44.770000,428.4507598829628,5
2024-09-20 12:51:44.820000,428.4496504346876,996
2024-09-20 12:51:44.891000,428.47092988045694,99
2024-09-20 12:51:44.990000,428.4609581367066,1005
2024-09-20 12:51:45.117000,428.4072761466914,101
2024-09-20 12:51:45.520000,428.4436761559333,998
2024-09-20 12:51:45.949000,428.41872659324594,7
2024-09-20 12:51:46.131000,428.41051469980096,6
2024-09-20 12:51:46.159000,428.4087689701568,999
2024-09-20 12:51:46.268000,428.41426257970704,104
2024-09-20 12:51:46.269000,428.3959271399478,104
2024-09-20 12:51:46.306000,428.400037230964,998
2024-09-20 12:51:46.312000,428.4006725143684,1004
2024-09-20 12:51:46.420000,428.3905304671199,101
2024-09-20 12:51:46.495000,428.4248977991982,999
2024-09-20 12:51:46.564000,428.4189058531815,6
2024-09-20 12:51:46.571000,428.40539838605616,8
2024-09-20 12:51:46.677000,428.37862689273095,10
2024-09-20 12:51:46.677000,428.3727897146204,995
2024-09-20 12:51:46.703000,428.4100335780497,103
2024-09-20 12:51:46.759000,428.38843275932703,996
2024-09-20 12:51:46.786000,428.3854145642621,12
2024-09-20 12:51:46.808000,428.4171940690735,1005
2024-09-20 12:51:46.850000,428.38783095163967,14
2024-09-20 12:51:46.859000,428.420572663558,103
2024-09-20 12:51:46.873000,428.3938389056542,6
2024-09-20 12:51:47.059000,428.36699129588544,6
2024-09-20 12:51:47.302000,428.3745330074108,98
2024-09-20 12:51:47.350000,428.38327308175366,998
2024-09-20 12:51:47.359000,428.4044381329247,997
2024-09-20 12:51:47.416000,428.4005468885904,999
2024-09-20 12:51:47.432000,428.39306752623423,11
2024-09-20 12:51:47.482000,428.4062848411374,1004
2024-09-20 12:51:47.515000,428.3909613008472,99
2024-09-20 12:51:47.527000,428.3976885091601,995
2024-09-20 12:51:47.792000,428.3930619354558,12
2024-09-20 12:51:47.960000,428.3878327255469,105
2024-09-20 12:51:48.025000,428.3688176238357,995
2024-09-20 12:51:48.063000,428.3646298410498,999
2024-09-20 12:51:48.114000,428.3142263515816,1003
2024-09-20 12:51:48.148000,428.3597897142342,999
2024-09-20 12:51:48.243000,428.3249891696117,9
2024-09-20 12:51:48.338000,428.37491266386695,1001
2024-09-20 12:51:48.404000,428.29578063889153,105
2024-09-20 12:51:48.436000,428.3375517283941,997
2024-09-20 12:51:48.474000,428.2841709170848,100
2024-09-20 12:51:48.515000,428.3935149821706,996
2024-09-20 12:51:48.539000,428.2724361555909,998
2024-09-20 12:51:48.563000,428.3625144905858,1005
2024-09-20 12:51:48.586000,428.3838482584744,5
2024-09-20 12:51:48.757000,428.4063752319481,6
2024-09-20 12:51:48.757000,428.3064816999194,1000
2024-09-20 12:51:48.770000,428.3736951903586,1004
2024-09-20 12:51:48.811000,428.2951790935535,1002
2024-09-20 12:51:48.834000,428.30267409866497,1005
2024-09-20 12:51:48.936000,428.3693981237378,1005
2024-09-20 12:51:48.943000,428.2901190746518,95
2024-09-20 12:51:49.008000,428.3294257027787,101
2024-09-20 12:51:49.018000,428.29280413878246,1001
2024-09-20 12:51:49.048000,428.3075212801753,104
2024-09-20 12:51:49.252000,428.3314194493349,996
2024-09-20 12:51:49.266000,428.2837975218702,9
2024-09-20 12:51:49.273000,428.33142785346894,995
2024-09-20 12:51:49.303000,428.3020791142519,6
2024-09-20 12:51:49.345000,428.3478762435915,998
2024-09-20 12:51:49.364000,428.30130165799454,98
2024-09-20 12:51:49.443000,428.31716505094505,1003
2024-09-20 12:51:49.486000,428.3198564179935,14
2024-09-20 12:51:49.507000,428.32865124267227,98
2024-09-20 12:51:49.516000,428.2763224486235,9
2024-09-20 12:51:49.600000,428.30849267846713,1003
2024-09-20 12:51:49.608000,428.3206295512078,96
2024-09-20 12:51:49.648000,428.2815086935465,7
2024-09-20 12:51:49.662000,428.32425987189856,14
2024-09-20 12:51:49.676000,428.3297642541655,13
2024-09-20 12:51:49.684000,428.3255043690814,8
2024-09-20 12:51:49.757000,428.2617427701325,1005
2024-09-20 12:51:49.822000,428.3103795080921,1001
2024-09-20 12:51:49.830000,428.3145775467303,95
2024-09-20 12:51:49.860000,428.31867231840175,998
2024-09-20 12:51:49.955000,428.31468995729153,1002
2024-09-20 12:51:49.964000,428.2596423092124,1000
2024-09-20 12:51:49.987000,428.32978425058747,1001
2024-09-20 12:51:50.041000,428.35207316116674,13
2024-09-20 12:51:50.079000,428.3672053165501,96
2024-09-20 12:51:50.086000,428.3498666731988,997
2024-09-20 12:51:50.112000,428.3432548269196,1003
2024-09-20 12:51:50.134000,428.3363907987868,7
2024-09-20 12:51:50.189000,428.3505368132627,1003
2024-09-20 12:51:50.227000,428.362527034253,12
2024-09-20 12:51:50.253000,428.3622502537139,101
2024-09-20 12:51:50.267000,428.32913519792857,96
2024-09-20 12:51:50.272000,428.36192785223335,999
2024-09-20 12:51:50.315000,428.32880898646414,998
2024-09-20 12:51:50.346000,428.3429056984715,14
2024-09-20 12:51:50.486000,428.3597307419399,101
2024-09-20 12:51:50.518000,428.3436312711868,102
2024-09-20 12:51:50.551000,428.3199835353564,101
2024-09-20 12:51:50.642000,428.3515319368608,99
2024-09-20 12:51:50.649000,428.35527231041016,997
2024-09-20 12:51:50.671000,428.3720966573049,100
2024-09-20 12:51:50.719000,428.3632248231378,15
2024-09-20 12:51:50.758000,428.33344055154674,15
2024-09-20 12:51:50.771000,428.3471547913241,9
2024-09-20 12:51:50.778000,428.3648775797316,15
2024-09-20 12:51:50.942000,428.3526181925351,998
2024-09-20 12:51:50.960000,428.3393697779688,6
2024-09-20 12:51:50.966000,428.332217982303,13
2024-09-20 12:51:50.979000,428.3550475819033,995
2024-09-20 12:51:50.988000,428.3638586261701,1002
2024-09-20 12:51:51.007000,428.3100046013939,5
2024-09-20 12:51:51.014000,428.29384256555903,996
2024-09-20 12:51:51.047000,428.33552365753695,1004
2024-09-20 12:51:51.052000,428.3204293119208,8
2024-09-20 12:51:51.086000,428.3362308724205,998
2024-09-20 12:51:51.104000,428.3046304789896,103
2024-09-20 12:51:51.137000,428.2982663677899,1004
2024-09-20 12:51:51.187000,428.3241071711147,11
2024-09-20 12:51:51.198000,428.2879296632809,998
2024-09-20 12:51:51.216000,428.3157551106883,1003
2024-09-20 12:51:51.255000,428.3760875503269,95
2024-09-20 12:51:51.299000,428.3146614691168,98
2024-09-20 12:51:51.302000,428.3098050083467,101
2024-09-20 12:51:51.315000,428.33860832217874,97
2024-09-20 12:51:51.320000,428.2842529087012,999
2024-09-20 12:51:51.406000,428.32975416977337,11
2024-09-20 12:51:51.534000,428.38362969723937,99
2024-09-20 12:51:51.540000,428.34519391297465,98
2024-09-20 12:51:51.576000,428.3842183109872,12
2024-09-20 12:51:51.602000,428.3554446026445,105
2024-09-20 12:51:51.618000,428.3421631544884,1005
2024-09-20 12:51:51.681000,428.3692888969584,100
2024-09-20 12:51:51.695000,428.2959885628428,996
2024-09-20 12:51:51.705000,428.3538086938516,998
2024-09-20 12:51:51.726000,428.3240663476512,998
2024-09-20 12:51:51.834000,428.3111720502963,14
2024-09-20 12:51:51.850000,428.3714432895909,10
2024-09-20 12:51:51.875000,428.2862371847247,999
2024-09-20 12:51:52.057000,428.2824039765952,104
2024-09-20 12:51:52.189000,428.257979852509,1002
2024-09-20 12:51:52.215000,428.3008311353911,1000
2024-09-20 12:51:52.258000,428.2801899535932,11
2024-09-20 12:51:52.271000,428.2751638050413,999
2024-09-20 12:51:52.324000,428.312560556768,1000
2024-09-20 12:51:52.325000,428.3408072279566,10
2024-09-20 12:51:52.349000,428.3397279533014,1004
2024-09-20 12:51:52.381000,428.3242564064586,12
2024-09-20 12:51:52.471000,428.3341919111372,1005
2024-09-20 12:51:52.489000,428.3300122286154,11
2024-09-20 12:51:52.536000,428.3271711265567,997
2024-09-20 12:51:52.546000,428.33062227401103,1000
2024-09-20 12:51:52.556000,428.28509624267457,1005
2024-09-20 12:51:52.562000,428.3181769175021,995
2024-09-20 12:51:52.591000,428.27474433734585,1002
2024-09-20 12:51:52.592000,428.3346056487888,100
2024-09-20 12:51:52.624000,428.3350362283917,7
2024-09-20 12:51:52.668000,428.3361259508807,96
2024-09-20 12:51:52.691000,428.2641637752168,12
2024-09-20 12:51:52.702000,428.2897881001451,998
2024-09-20 12:51:52.741000,428.3263180952711,96
2024-09-20 12:51:52.753000,428.3004853890178,13
2024-09-20 12:51:52.778000,428.29365950593126,101
2024-09-20 12:51:52.789000,428.2858078523856,11
2024-09-20 12:51:52.829000,428.32066825121206,995
2024-09-20 12:51:52.916000,428.2983828184196,101
2024-09-20 12:51:52.932000,428.2733232120967,12
2024-09-20 12:51:53.073000,428.2944331125038,1000
2024-09-20 12:51:53.083000,428.2789997592987,998
2024-09-20 12:51:53.222000,428.2682716453504,95
2024-09-20 12:51:53.229000,428.2425666888704,6
2024-09-20 12:51:53.430000,428.27246118219983,98
2024-09-20 12:51:53.459000,428.2803154168069,97
2024-09-20 12:51:53.482000,428.25860497742894,15
2024-09-20 12:51:53.483000,428.2755711290948,999
2024-09-20 12:51:53.564000,428.2550150768915,1005
2024-09-20 12:51:53.585000,428.2508256639388,95
2024-09-20 12:51:53.661000,428.2905239256215,997
2024-09-20 12:51:53.691000,428.2445075946141,1004
2024-09-20 12:51:53.709000,428.270594909197,995
2024-09-20 12:51:53.743000,428.2535714745282,100
2024-09-20 12:51:53.800000,428.2751385723984,98
2024-09-20 12:51:53.846000,428.2642199001759,96
2024-09-20 12:51:53.896000,428.2556405760175,12
2024-09-20 12:51:53.945000,428.2471309458688,1000
2024-09-20 12:51:53.995000,428.2734248880184,1000
2024-09-20 12:51:54.198000,428.2880305494024,103
2024-09-20 12:51:54.249000,428.27601491702967,995
2024-09-20 12:51:54.272000,428.2678705090645,1000
2024-09-20 12:51:54.292000,428.2464781399325,11
2024-09-20 12:51:54.353000,428.2772953449191,999
2024-09-20 12:51:54.425000,428.25578576009866,1003
2024-09-20 12:51:54.541000,428.2547727985521,8
2024-09-20 12:51:54.560000,428.2370013422145,14
2024-09-20 12:51:54.604000,428.2730868980595,1004
2024-09-20 12:51:54.618000,428.27139853258245,7
2024-09-20 12:51:54.645000,428.2847523345886,100
2024-09-20 12:51:54.660000,428.2393226659202,1002
2024-09-20 12:51:54.686000,428.24935647217137,997
2024-09-20 12:51:56.011000,428.30937712783935,995
2024-09-20 12:51:56.040000,428.2961243214176,1000
2024-09-20 12:51:56.042000,428.3431865157925,14
2024-09-20 12:51:56.261000,428.30558579311065,1005
2024-09-20 12:51:56.372000,428.3027637504641,7
2024-09-20 12:51:56.373000,428.3786656835285,1001
2024-09-20 12:51:56.387000,428.3779868613349,105
2024-09-20 12:51:56.506000,428.3062202778768,96
2024-09-20 12:51:56.649000,428.3432688255385,13
2024-09-20 12:51:56.664000,428.33163776642215,6
2024-09-20 12:51:56.725000,428.2761084997669,1001
2024-09-20 12:51:56.761000,428.30796237027903,99
2024-09-20 12:51:56.925000,428.3497110249268,103
2024-09-20 12:51:56.949000,428.38807808978834,1002
2024-09-20 12:51:56.954000,428.3230580438122,8
2024-09-20 12:51:57.031000,428.37110306835,999
2024-09-20 12:51:57.038000,428.37562388381457,99
2024-09-20 12:51:57.081000,428.3200778002222,996
2024-09-20 12:51:57.207000,428.37748782122594,995
2024-09-20 12:51:57.210000,428.3598428167482,102
2024-09-20 12:51:57.219000,428.3624356412897,12
2024-09-20 12:51:57.273000,428.34919387145,7
2024-09-20 12:51:57.382000,428.3354881306812,95
2024-09-20 12:51:57.473000,428.3136512360911,7
2024-09-20 12:51:57.499000,428.3478256036907,95
2024-09-20 12:51:57.585000,428.3612050050712,103
2024-09-20 12:51:57.681000,428.3591898506813,105
2024-09-20 12:51:57.800000,428.3614473677589,100
2024-09-20 12:51:57.803000,428.3506779399534,9
2024-09-20 12:51:57.821000,428.3290617644441,7
2024-09-20 12:51:57.846000,428.36263430693697,100
2024-09-20 12:51:57.883000,428.3528373164047,6
2024-09-20 12:51:57.945000,428.3704028622397,101
2024-09-20 12:51:57.950000,428.308789992154,1004
2024-09-20 12:51:57.967000,428.29715287186434,105
2024-09-20 12:51:57.984000,428.34512969271503,6
2024-09-20 12:51:57.992000,428.3548484362364,101
2024-09-20 12:51:58.007000,428.2952994123596,1000
2024-09-20 12:51:58.037000,428.316303687872,1003
2024-09-20 12:51:58.048000,428.3157281171685,6
2024-09-20 12:51:58.070000,428.2983815097854,996
2024-09-20 12:51:58.224000,428.3391116146863,104
2024-09-20 12:51:58.245000,428.3114734751814,103
2024-09-20 12:51:58.268000,428.3306759062628,13
2024-09-20 12:51:58.583000,428.2962157146827,12
2024-09-20 12:51:58.637000,428.3097562178714,996
2024-09-20 12:51:58.677000,428.34664352372255,1001
2024-09-20 12:51:58.693000,428.29638005270505,9
2024-09-20 12:51:58.757000,428.2981114675396,1001
2024-09-20 12:51:58.868000,428.31986843736496,97
2024-09-20 12:51:58.889000,428.3027721119976,7
2024-09-20 12:51:58.908000,428.2998455016764,103
2024-09-20 12:51:59.246000,428.3614098055742,997
2024-09-20 12:51:59.256000,428.362779376707,995
2024-09-20 12:51:59.258000,428.3553880452106,13
2024-09-20 12:51:59.269000,428.3563483182512,11
2024-09-20 12:51:59.298000,428.36362205342135,101
2024-09-20 12:51:59.350000,428.3655875136997,102
2024-09-20 12:51:59.627000,428.3573663579745,99
2024-09-20 12:51:59.659000,428.3758017067889,1000
2024-09-20 12:51:59.806000,428.3616638956197,1001
2024-09-20 12:51:59.836000,428.3575102444434,1003
2024-09-20 12:51:59.900000,428.37463890685706,14
