Timestamp,Price,Size
2024-09-20 10:00:00.005000,423.4744752444251,8
2024-09-20 10:00:00.064000,423.4992549288712,1001
2024-09-20 10:00:00.077000,423.4801289452163,97
2024-09-20 10:00:00.079000,423.5135565667688,1003
2024-09-20 10:00:00.190000,423.5033368187283,5
2024-09-20 10:00:00.245000,423.48856652893454,100
2024-09-20 10:00:00.247000,423.4836397601564,996
2024-09-20 10:00:00.359000,423.48653809683685,1002
2024-09-20 10:00:00.398000,423.4815757763989,1005
2024-09-20 10:00:00.558000,423.4685617711388,1002
2024-09-20 10:00:00.573000,423.47772569092086,104
2024-09-20 10:00:00.575000,423.4747053530226,1003
2024-09-20 10:00:00.684000,423.4476105134524,8
2024-09-20 10:00:00.749000,423.47998850404167,1003
2024-09-20 10:00:00.776000,423.5095405627544,1003
2024-09-20 10:00:00.790000,423.45002092763576,95
2024-09-20 10:00:00.842000,423.4886857806191,99
2024-09-20 10:00:01.016000,423.4527263437752,104
2024-09-20 10:00:01.049000,423.42808531915097,97
2024-09-20 10:00:01.087000,423.42787581555,6
2024-09-20 10:00:01.089000,423.4542207967757,1004
2024-09-20 10:00:01.141000,423.4117947804418,1003
2024-09-20 10:00:01.145000,423.44347668322126,1003
2024-09-20 10:00:01.180000,423.4646683363859,10
2024-09-20 10:00:01.286000,423.4516919714263,104
2024-09-20 10:00:01.331000,423.46406551611767,999
2024-09-20 10:00:01.368000,423.4422459198013,1005
2024-09-20 10:00:01.380000,423.4589462064884,104
2024-09-20 10:00:01.394000,423.4499761838413,1002
2024-09-20 10:00:01.418000,423.43913935426576,1000
2024-09-20 10:00:01.437000,423.43756837436257,8
2024-09-20 10:00:01.573000,423.4736582049502,11
2024-09-20 10:00:01.589000,423.4418950490907,995
2024-09-20 10:00:01.597000,423.4595843026823,6
2024-09-20 10:00:01.621000,423.4312122274161,98
2024-09-20 10:00:01.741000,423.4028979851492,995
2024-09-20 10:00:01.870000,423.4373821054185,96
2024-09-20 10:00:02.026000,423.374809623002,101
2024-09-20 10:00:02.026000,423.3800009282593,6
2024-09-20 10:00:02.052000,423.3867097673796,8
2024-09-20 10:00:02.117000,423.3854414081079,13
2024-09-20 10:00:02.188000,423.380235211054,100
2024-09-20 10:00:02.298000,423.381086346954,1004
2024-09-20 10:00:02.305000,423.3889459324444,7
2024-09-20 10:00:02.310000,423.3930675312024,1001
2024-09-20 10:00:02.409000,423.39257266336745,105
2024-09-20 10:00:02.671000,423.39692607264016,11
2024-09-20 10:00:02.730000,423.3870059742837,101
2024-09-20 10:00:02.841000,423.38563494817294,102
2024-09-20 10:00:03.163000,423.3963099939394,7
2024-09-20 10:00:03.170000,423.4418487490616,99
2024-09-20 10:00:03.254000,423.3981313110408,8
2024-09-20 10:00:03.279000,423.426134359547,12
2024-09-20 10:00:03.338000,423.4049748316429,7
2024-09-20 10:00:03.632000,423.3764976420893,102
2024-09-20 10:00:03.772000,423.4324771147637,1005
2024-09-20 10:00:03.835000,423.4260362479856,15
2024-09-20 10:00:03.844000,423.3884370056298,9
2024-09-20 10:00:04.069000,423.4520911590369,12
2024-09-20 10:00:04.200000,423.4185925288549,1003
2024-09-20 10:00:04.235000,423.4199938078367,101
2024-09-20 10:00:04.257000,423.437997761276,104
2024-09-20 10:00:04.284000,423.45112207281966,100
2024-09-20 10:00:04.289000,423.4310546114127,6
2024-09-20 10:00:04.318000,423.41992024034033,12
2024-09-20 10:00:04.364000,423.4422233810399,101
2024-09-20 10:00:04.389000,423.4409465300448,15
2024-09-20 10:00:04.571000,423.44404506780273,96
2024-09-20 10:00:04.813000,423.44637743852974,1001
2024-09-20 10:00:04.847000,423.405802690218,998
2024-09-20 10:00:04.865000,423.4596755564535,101
2024-09-20 10:00:04.938000,423.4570117691233,104
2024-09-20 10:00:04.942000,423.4338096151632,1000
2024-09-20 10:00:05.118000,423.42083665305,12
2024-09-20 10:00:05.299000,423.42996076820776,1001
2024-09-20 10:00:05.414000,423.4072144106135,96
2024-09-20 10:00:05.440000,423.4139355096477,1003
2024-09-20 10:00:05.490000,423.4189602049773,97
2024-09-20 10:00:05.491000,423.4364090322957,103
2024-09-20 10:00:05.498000,423.4168673826796,14
2024-09-20 10:00:05.704000,423.410815261556,998
2024-09-20 10:00:05.773000,423.4387804033051,12
2024-09-20 10:00:05.942000,423.41182400401925,998
2024-09-20 10:00:06.030000,423.4965006326258,97
2024-09-20 10:00:06.051000,423.4660825786653,1003
2024-09-20 10:00:06.054000,423.484109366254,15
2024-09-20 10:00:06.090000,423.4648185729049,99
2024-09-20 10:00:06.180000,423.4618887837741,15
2024-09-20 10:00:06.180000,423.4399374635992,101
2024-09-20 10:00:06.202000,423.4466571098861,15
2024-09-20 10:00:06.232000,423.4403968177768,7
2024-09-20 10:00:06.330000,423.486418453345,12
2024-09-20 10:00:06.331000,423.4754285836383,1003
2024-09-20 10:00:06.372000,423.4844338721528,7
2024-09-20 10:00:06.394000,423.48035357484434,103
2024-09-20 10:00:06.432000,423.446001048012,104
2024-09-20 10:00:06.460000,423.4295114572737,998
2024-09-20 10:00:06.486000,423.4413238965514,14
2024-09-20 10:00:06.515000,423.50260293348094,10
2024-09-20 10:00:06.543000,423.4917300543973,1005
2024-09-20 10:00:06.545000,423.4396978691138,96
2024-09-20 10:00:06.615000,423.4751874469191,12
2024-09-20 10:00:06.618000,423.4764295968578,995
2024-09-20 10:00:06.645000,423.4584873689385,103
2024-09-20 10:00:06.657000,423.439061312032,996
2024-09-20 10:00:06.731000,423.4830034805513,9
2024-09-20 10:00:06.793000,423.49054481881336,97
2024-09-20 10:00:06.796000,423.4883470111824,95
2024-09-20 10:00:06.820000,423.437182899076,102
2024-09-20 10:00:06.902000,423.48279594754905,1001
2024-09-20 10:00:06.912000,423.476509216519,1004
2024-09-20 10:00:06.934000,423.4606299030335,1000
2024-09-20 10:00:07.010000,423.4771105767971,100
2024-09-20 10:00:08.027000,423.52078235051295,14
2024-09-20 10:00:08.038000,423.4995622260786,12
2024-09-20 10:00:08.102000,423.4811689212568,9
2024-09-20 10:00:08.182000,423.5103208470431,6
2024-09-20 10:00:08.491000,423.4747126351312,105
2024-09-20 10:00:08.509000,423.5062195362499,5
2024-09-20 10:00:08.803000,423.4933780898552,15
2024-09-20 10:00:08.945000,423.4952426786625,1002
2024-09-20 10:00:09.003000,423.5011153251892,11
2024-09-20 10:00:09.107000,423.53702305729,1005
2024-09-20 10:00:09.136000,423.51242195272346,15
2024-09-20 10:00:09.179000,423.5116377208562,1001
2024-09-20 10:00:09.191000,423.4863698454985,15
2024-09-20 10:00:09.279000,423.5312441867647,1004
2024-09-20 10:00:09.304000,423.5041062881077,10
2024-09-20 10:00:09.336000,423.481301605539,11
2024-09-20 10:00:09.372000,423.4819314436421,14
2024-09-20 10:00:09.420000,423.49611567843664,15
2024-09-20 10:00:09.422000,423.5072478090877,6
2024-09-20 10:00:09.438000,423.5254521224575,1004
2024-09-20 10:00:09.592000,423.4923612094301,11
2024-09-20 10:00:09.622000,423.4901305477218,995
2024-09-20 10:00:09.737000,423.478842004693,6
2024-09-20 10:00:09.806000,423.5047772412578,12
2024-09-20 10:00:09.816000,423.48659266653584,7
2024-09-20 10:00:09.974000,423.49421608287366,97
2024-09-20 10:00:09.983000,423.492801201236,998
2024-09-20 10:00:09.990000,423.52110007325473,996
2024-09-20 10:00:11.002000,423.3863512953259,1001
2024-09-20 10:00:11.090000,423.4354548230131,105
2024-09-20 10:00:11.094000,423.42103711690646,996
2024-09-20 10:00:11.096000,423.4225711348279,99
2024-09-20 10:00:11.132000,423.4634687502634,1001
2024-09-20 10:00:11.152000,423.4060498798282,10
2024-09-20 10:00:11.239000,423.4637063061333,101
2024-09-20 10:00:11.259000,423.44868422865886,8
2024-09-20 10:00:11.261000,423.4545202254067,15
2024-09-20 10:00:11.316000,423.44153403397775,97
2024-09-20 10:00:11.317000,423.43740451233833,98
2024-09-20 10:00:11.438000,423.3889077679664,96
2024-09-20 10:00:11.453000,423.4491818943204,101
2024-09-20 10:00:11.497000,423.4420081858797,12
2024-09-20 10:00:11.502000,423.4668140635551,1005
2024-09-20 10:00:11.564000,423.4568858211705,1000
2024-09-20 10:00:11.587000,423.3878278811815,1005
2024-09-20 10:00:11.601000,423.3994656289256,101
2024-09-20 10:00:11.610000,423.4786041972217,15
2024-09-20 10:00:11.613000,423.4740788448458,997
2024-09-20 10:00:11.616000,423.4769951131851,10
2024-09-20 10:00:11.621000,423.4146034261437,12
2024-09-20 10:00:11.639000,423.44262849803766,998
2024-09-20 10:00:11.661000,423.46429163262513,1000
2024-09-20 10:00:11.701000,423.4468392997163,1005
2024-09-20 10:00:11.715000,423.4505803808948,103
2024-09-20 10:00:11.728000,423.4496682378518,996
2024-09-20 10:00:11.780000,423.4585907881223,6
2024-09-20 10:00:12.223000,423.4808393614256,997
2024-09-20 10:00:12.265000,423.426379499425,1003
2024-09-20 10:00:12.270000,423.4643688262565,11
2024-09-20 10:00:12.352000,423.4562567338716,999
2024-09-20 10:00:12.498000,423.4433976437065,5
2024-09-20 10:00:12.554000,423.4521822606864,105
2024-09-20 10:00:12.555000,423.44904294256327,1005
2024-09-20 10:00:12.590000,423.4556130586035,1001
2024-09-20 10:00:12.627000,423.4240971767758,997
2024-09-20 10:00:12.697000,423.4592720462019,1005
2024-09-20 10:00:12.707000,423.4598914835277,997
2024-09-20 10:00:12.804000,423.44072729223694,13
2024-09-20 10:00:12.808000,423.4201003826335,98
2024-09-20 10:00:13,423.535226321919,11
2024-09-20 10:00:13.002000,423.4370170875786,104
2024-09-20 10:00:13.003000,423.5483157890136,10
2024-09-20 10:00:13.057000,423.5126245993062,6
2024-09-20 10:00:13.099000,423.4939907636394,998
2024-09-20 10:00:13.134000,423.4421701185427,96
2024-09-20 10:00:13.137000,423.4981010764584,5
2024-09-20 10:00:13.269000,423.5479285063929,996
2024-09-20 10:00:13.339000,423.4843028511133,13
2024-09-20 10:00:13.372000,423.5395129185238,12
2024-09-20 10:00:13.383000,423.4963710816525,6
2024-09-20 10:00:13.397000,423.5481947882479,999
2024-09-20 10:00:13.402000,423.46705171228,95
2024-09-20 10:00:13.419000,423.4978189768471,100
2024-09-20 10:00:13.480000,423.4344587822344,102
2024-09-20 10:00:13.502000,423.5121409137444,995
2024-09-20 10:00:13.517000,423.5614221206352,1002
2024-09-20 10:00:13.541000,423.4801232013262,1003
2024-09-20 10:00:13.566000,423.5389275209554,15
2024-09-20 10:00:13.628000,423.5374781996949,1005
2024-09-20 10:00:13.707000,423.5204832545268,103
2024-09-20 10:00:13.714000,423.4345095325143,102
2024-09-20 10:00:13.772000,423.4436064622847,100
2024-09-20 10:00:13.777000,423.5350710224383,998
2024-09-20 10:00:13.790000,423.53610969562834,97
2024-09-20 10:00:13.816000,423.4396784549184,5
2024-09-20 10:00:13.876000,423.4831852929137,995
2024-09-20 10:00:13.906000,423.5192238350649,100
2024-09-20 10:00:13.955000,423.5192284229904,12
2024-09-20 10:00:14.070000,423.4341337124733,14
2024-09-20 10:00:14.122000,423.458328407033,995
2024-09-20 10:00:14.162000,423.45220401176846,7
2024-09-20 10:00:14.271000,423.4513550238553,7
2024-09-20 10:00:14.301000,423.4305257334957,95
2024-09-20 10:00:14.305000,423.4535300612863,102
2024-09-20 10:00:14.493000,423.4602047134243,100
2024-09-20 10:00:14.573000,423.4233622846768,6
2024-09-20 10:00:14.894000,423.4591809038821,101
2024-09-20 10:00:14.908000,423.4284059229136,1001
2024-09-20 10:00:15.155000,423.5303871111236,1004
2024-09-20 10:00:15.197000,423.5152714945597,6
2024-09-20 10:00:15.213000,423.5116887657992,15
2024-09-20 10:00:15.422000,423.4971092838304,100
2024-09-20 10:00:15.470000,423.5347462347471,1001
2024-09-20 10:00:15.776000,423.530262148673,1003
2024-09-20 10:00:15.829000,423.4795308572382,100
2024-09-20 10:00:15.837000,423.51662490132617,996
2024-09-20 10:00:15.938000,423.49011714224736,102
2024-09-20 10:00:16.095000,423.5520766962125,6
2024-09-20 10:00:16.107000,423.5342515113026,98
2024-09-20 10:00:16.688000,423.531260431488,10
2024-09-20 10:00:16.716000,423.5434028144308,100
2024-09-20 10:00:16.742000,423.5427464557488,1001
2024-09-20 10:00:16.772000,423.540068317572,96
2024-09-20 10:00:16.830000,423.5055028839521,100
2024-09-20 10:00:16.895000,423.5476217680258,1001
2024-09-20 10:00:16.968000,423.5252527530215,7
2024-09-20 10:00:17.016000,423.4436759385296,104
2024-09-20 10:00:17.051000,423.5140910645403,104
2024-09-20 10:00:17.066000,423.5049315624651,95
2024-09-20 10:00:17.145000,423.4992789016732,99
2024-09-20 10:00:17.191000,423.4514199810973,10
2024-09-20 10:00:17.192000,423.4873845505503,1003
2024-09-20 10:00:17.200000,423.4806631783917,96
2024-09-20 10:00:17.283000,423.4876175776244,11
2024-09-20 10:00:17.285000,423.4842743010026,102
2024-09-20 10:00:17.376000,423.5040103295965,11
2024-09-20 10:00:17.440000,423.5099911972259,1003
2024-09-20 10:00:17.460000,423.4423783455141,10
2024-09-20 10:00:17.504000,423.53951635689,1001
2024-09-20 10:00:17.563000,423.4637006312293,1005
2024-09-20 10:00:17.590000,423.51884037958905,995
2024-09-20 10:00:17.655000,423.4582650998353,998
2024-09-20 10:00:17.864000,423.4295772123549,6
2024-09-20 10:00:17.915000,423.4521154132429,13
2024-09-20 10:00:17.943000,423.46413370119126,102
2024-09-20 10:00:18.029000,423.39297362816114,997
2024-09-20 10:00:18.079000,423.393911358129,14
2024-09-20 10:00:18.097000,423.41210788953424,103
2024-09-20 10:00:18.139000,423.3989079922593,995
2024-09-20 10:00:18.166000,423.3733730085564,9
2024-09-20 10:00:18.171000,423.4210617127069,101
2024-09-20 10:00:18.222000,423.38204212728783,105
2024-09-20 10:00:18.297000,423.4389556464829,5
2024-09-20 10:00:18.343000,423.44209935187257,105
2024-09-20 10:00:18.349000,423.4144402329039,996
2024-09-20 10:00:18.391000,423.4120635743115,13
2024-09-20 10:00:18.427000,423.4477012981478,997
2024-09-20 10:00:18.439000,423.41325670658864,995
2024-09-20 10:00:18.520000,423.42240908038696,11
2024-09-20 10:00:18.571000,423.35807327780833,105
2024-09-20 10:00:18.631000,423.4324882779557,5
2024-09-20 10:00:18.664000,423.3867215439411,999
2024-09-20 10:00:18.787000,423.3988085309694,11
2024-09-20 10:00:18.953000,423.369437769144,9
2024-09-20 10:00:18.977000,423.39044382300966,7
2024-09-20 10:00:19.205000,423.4476068350032,102
2024-09-20 10:00:19.550000,423.4256140127455,102
2024-09-20 10:00:19.669000,423.4358424118386,998
2024-09-20 10:00:19.954000,423.4239065724137,11
2024-09-20 10:00:20.425000,423.4133666299952,99
2024-09-20 10:00:20.485000,423.4269595927809,103
2024-09-20 10:00:20.497000,423.43576672816,1000
2024-09-20 10:00:20.583000,423.4247713899815,9
2024-09-20 10:00:21.110000,423.4206006605573,1002
2024-09-20 10:00:21.439000,423.4162951978357,6
2024-09-20 10:00:21.475000,423.4189004942389,95
2024-09-20 10:00:21.524000,423.4086687125944,1001
2024-09-20 10:00:21.532000,423.4216161120176,1004
2024-09-20 10:00:21.568000,423.40860526369454,99
2024-09-20 10:00:21.650000,423.4012509722064,96
2024-09-20 10:00:21.744000,423.415028220773,102
2024-09-20 10:00:21.750000,423.39564110627833,1001
2024-09-20 10:00:21.800000,423.3920961025272,97
2024-09-20 10:00:21.811000,423.39277674616267,104
2024-09-20 10:00:21.917000,423.3993194366192,14
2024-09-20 10:00:22.031000,423.44516852998646,998
2024-09-20 10:00:22.054000,423.43690218717774,998
2024-09-20 10:00:22.063000,423.4353789965821,12
2024-09-20 10:00:22.162000,423.4473334019783,12
2024-09-20 10:00:22.206000,423.4517934471318,103
2024-09-20 10:00:22.213000,423.4478361581108,98
2024-09-20 10:00:22.299000,423.4541800385455,995
2024-09-20 10:00:22.324000,423.4620929867365,98
2024-09-20 10:00:22.348000,423.427346042834,997
2024-09-20 10:00:22.390000,423.4244573102607,12
2024-09-20 10:00:22.396000,423.4189651588639,15
2024-09-20 10:00:22.469000,423.43230740803017,6
2024-09-20 10:00:22.574000,423.4525033740711,999
2024-09-20 10:00:22.609000,423.4245555785973,1002
2024-09-20 10:00:22.615000,423.4296390387189,102
2024-09-20 10:00:22.620000,423.4440295178755,105
2024-09-20 10:00:22.712000,423.4438867845232,95
2024-09-20 10:00:22.724000,423.4368523814284,5
2024-09-20 10:00:22.733000,423.42427055950486,101
2024-09-20 10:00:22.764000,423.4390568790811,1001
2024-09-20 10:00:22.808000,423.4376958251299,95
2024-09-20 10:00:22.880000,423.4552845002171,12
2024-09-20 10:00:22.903000,423.4153220837368,11
2024-09-20 10:00:22.939000,423.44765155246057,998
2024-09-20 10:00:22.983000,423.4294023601395,1002
2024-09-20 10:00:23.171000,423.4669501293008,1002
2024-09-20 10:00:23.208000,423.4404281100125,6
2024-09-20 10:00:23.242000,423.43069793945006,995
2024-09-20 10:00:23.302000,423.4588884017068,996
2024-09-20 10:00:23.373000,423.4614397347194,1000
2024-09-20 10:00:23.449000,423.4314003879852,13
2024-09-20 10:00:23.496000,423.45102125253663,102
2024-09-20 10:00:23.542000,423.4480912897908,105
2024-09-20 10:00:23.564000,423.4567080012449,998
2024-09-20 10:00:23.568000,423.443634424093,1002
2024-09-20 10:00:23.607000,423.4480793701724,998
2024-09-20 10:00:23.649000,423.4450614526513,15
2024-09-20 10:00:23.735000,423.4229280286602,995
2024-09-20 10:00:23.742000,423.474672920378,1000
2024-09-20 10:00:23.757000,423.45679314550944,98
2024-09-20 10:00:23.771000,423.4374197771916,97
2024-09-20 10:00:23.780000,423.4521296501561,1000
2024-09-20 10:00:23.810000,423.44704688971854,105
2024-09-20 10:00:23.821000,423.4595260277627,1003
2024-09-20 10:00:23.822000,423.45732314968615,99
2024-09-20 10:00:23.935000,423.4619689658783,1000
2024-09-20 10:00:23.952000,423.4424595920012,7
2024-09-20 10:00:23.958000,423.4665855658001,11
2024-09-20 10:00:23.972000,423.4485403970387,995
2024-09-20 10:00:24.013000,423.45578264901127,104
2024-09-20 10:00:24.074000,423.5159441124319,97
2024-09-20 10:00:24.081000,423.4486415739274,9
2024-09-20 10:00:24.146000,423.48071027192594,100
2024-09-20 10:00:24.205000,423.4321124461932,7
2024-09-20 10:00:24.264000,423.5041207602417,1004
2024-09-20 10:00:24.283000,423.5124139270198,95
2024-09-20 10:00:24.334000,423.44641028295024,1001
2024-09-20 10:00:24.387000,423.5189839194926,998
2024-09-20 10:00:24.396000,423.4359915438083,9
2024-09-20 10:00:24.458000,423.526469169378,1004
2024-09-20 10:00:24.594000,423.5118374872786,100
2024-09-20 10:00:24.603000,423.4617542606584,98
2024-09-20 10:00:24.606000,423.5166564156052,999
2024-09-20 10:00:24.612000,423.48313527818095,996
2024-09-20 10:00:24.615000,423.4498600758178,15
2024-09-20 10:00:24.648000,423.4636542396016,12
2024-09-20 10:00:24.676000,423.46079822322497,12
2024-09-20 10:00:24.700000,423.5032768745618,12
2024-09-20 10:00:24.705000,423.45676490851446,1000
2024-09-20 10:00:24.758000,423.4556911708018,103
2024-09-20 10:00:24.904000,423.48756425419344,14
2024-09-20 10:00:24.945000,423.51725392735824,13
2024-09-20 10:00:24.949000,423.4313132357129,1005
2024-09-20 10:00:25.522000,423.5185594402477,1003
2024-09-20 10:00:25.789000,423.52021334673566,14
2024-09-20 10:00:25.882000,423.50906904596815,1001
2024-09-20 10:00:25.936000,423.52673659669546,104
2024-09-20 10:00:26.170000,423.49443432765935,1002
2024-09-20 10:00:26.207000,423.47010484877103,8
2024-09-20 10:00:26.416000,423.4820907163052,1003
2024-09-20 10:00:26.614000,423.48516249164913,1005
2024-09-20 10:00:26.628000,423.4833786961682,98
2024-09-20 10:00:27.049000,423.5084081833584,104
2024-09-20 10:00:27.119000,423.4837728701551,10
2024-09-20 10:00:27.137000,423.500919250525,8
2024-09-20 10:00:27.138000,423.51641094243314,103
2024-09-20 10:00:27.187000,423.494837754009,103
2024-09-20 10:00:27.212000,423.48515784496266,97
2024-09-20 10:00:27.320000,423.5091727030409,14
2024-09-20 10:00:27.322000,423.5046725006662,102
2024-09-20 10:00:27.368000,423.4714275167348,9
2024-09-20 10:00:27.548000,423.4876657865278,13
2024-09-20 10:00:27.586000,423.4936483955057,5
2024-09-20 10:00:27.601000,423.50917873936606,99
2024-09-20 10:00:27.674000,423.463098244005,104
2024-09-20 10:00:27.692000,423.4890418519941,15
2024-09-20 10:00:27.694000,423.49792107601377,1000
2024-09-20 10:00:27.702000,423.504690391892,996
2024-09-20 10:00:27.812000,423.4725061825563,1003
2024-09-20 10:00:27.883000,423.4865155026324,102
2024-09-20 10:00:27.889000,423.5039351371497,997
2024-09-20 10:00:27.912000,423.4824646873022,100
2024-09-20 10:00:27.912000,423.4956087236392,100
2024-09-20 10:00:28.141000,423.4930185195904,13
2024-09-20 10:00:28.142000,423.4564469275441,101
2024-09-20 10:00:28.163000,423.4495281372708,1000
2024-09-20 10:00:28.184000,423.47373911362223,1000
2024-09-20 10:00:28.241000,423.4256922089664,1004
2024-09-20 10:00:28.242000,423.4539549552519,101
2024-09-20 10:00:28.255000,423.45903918536,100
2024-09-20 10:00:28.289000,423.4798474595476,97
2024-09-20 10:00:28.410000,423.4865415609816,15
2024-09-20 10:00:28.553000,423.4795108734232,7
2024-09-20 10:00:28.580000,423.4815356440877,998
2024-09-20 10:00:28.714000,423.4581398626032,1003
2024-09-20 10:00:28.923000,423.4714326970717,1001
2024-09-20 10:00:28.935000,423.4410686416222,99
2024-09-20 10:00:28.982000,423.4769037660199,9
2024-09-20 10:00:29.011000,423.4979669884392,1003
2024-09-20 10:00:29.070000,423.42264349942553,97
2024-09-20 10:00:29.091000,423.51421175682015,999
2024-09-20 10:00:29.159000,423.5256198541471,102
2024-09-20 10:00:29.216000,423.49755858298914,1004
2024-09-20 10:00:29.255000,423.47154752257984,1000
2024-09-20 10:00:29.256000,423.51563866825046,100
2024-09-20 10:00:29.306000,423.4942529418701,1001
2024-09-20 10:00:29.347000,423.4444994322375,103
2024-09-20 10:00:29.431000,423.4821600862656,104
2024-09-20 10:00:29.432000,423.4915081953309,12
2024-09-20 10:00:29.447000,423.487700751547,9
2024-09-20 10:00:29.465000,423.5051849468184,100
2024-09-20 10:00:29.477000,423.4012877287242,1004
2024-09-20 10:00:29.495000,423.4819059723256,102
2024-09-20 10:00:29.530000,423.4863339586922,7
2024-09-20 10:00:29.632000,423.49387639186045,101
2024-09-20 10:00:29.663000,423.45043035221073,102
2024-09-20 10:00:29.733000,423.4426799547383,8
2024-09-20 10:00:29.744000,423.5006143318878,1005
2024-09-20 10:00:29.748000,423.45326402538825,104
2024-09-20 10:00:29.777000,423.47823524357,997
2024-09-20 10:00:29.820000,423.49148929668223,996
2024-09-20 10:00:29.847000,423.51811141965874,13
2024-09-20 10:00:29.977000,423.4887009131361,5
2024-09-20 10:00:29.983000,423.49937383081857,998
2024-09-20 10:00:29.988000,423.4060444117515,102
2024-09-20 10:00:30.023000,423.5227871386513,102
2024-09-20 10:00:30.025000,423.5296907658697,8
2024-09-20 10:00:30.150000,423.4881658336582,95
2024-09-20 10:00:30.155000,423.53371400428745,96
2024-09-20 10:00:30.207000,423.5227008796927,8
2024-09-20 10:00:30.217000,423.4996921251264,11
2024-09-20 10:00:30.277000,423.4741995231678,10
2024-09-20 10:00:30.325000,423.5308800269213,5
2024-09-20 10:00:30.397000,423.5223074116805,10
2024-09-20 10:00:30.414000,423.49618435879216,9
2024-09-20 10:00:30.432000,423.4632569656465,999
2024-09-20 10:00:30.440000,423.4546475949336,103
2024-09-20 10:00:30.526000,423.5124658784112,999
2024-09-20 10:00:30.564000,423.5028060196255,105
2024-09-20 10:00:30.718000,423.5265439043391,103
2024-09-20 10:00:30.821000,423.4633371103331,7
2024-09-20 10:00:30.826000,423.50117402594486,5
2024-09-20 10:00:30.827000,423.5038230914933,1005
2024-09-20 10:00:30.946000,423.5384987790126,101
2024-09-20 10:00:30.973000,423.5085297074427,995
2024-09-20 10:00:30.990000,423.5483944241182,8
2024-09-20 10:00:31.029000,423.5063975739552,1005
2024-09-20 10:00:31.080000,423.5128687405817,995
2024-09-20 10:00:31.094000,423.5179527291264,9
2024-09-20 10:00:31.177000,423.5028859931903,13
2024-09-20 10:00:31.189000,423.5196830558239,10
2024-09-20 10:00:31.270000,423.52466407130856,100
2024-09-20 10:00:31.391000,423.52276281092855,5
2024-09-20 10:00:31.454000,423.5237897960173,12
2024-09-20 10:00:31.475000,423.5012874546366,96
2024-09-20 10:00:31.629000,423.5062907354605,14
2024-09-20 10:00:31.646000,423.50143806462063,97
2024-09-20 10:00:31.673000,423.50403079262026,98
2024-09-20 10:00:31.818000,423.5106208337102,6
2024-09-20 10:00:31.914000,423.5063461194558,102
2024-09-20 10:00:32.729000,423.507293565797,1004
2024-09-20 10:00:32.737000,423.5121934565325,15
2024-09-20 10:00:32.799000,423.5137902144208,995
2024-09-20 10:00:32.828000,423.50538937206966,97
2024-09-20 10:00:32.975000,423.5055737958921,101
2024-09-20 10:00:33.011000,423.51687733656775,1004
2024-09-20 10:00:33.014000,423.5257288348113,997
2024-09-20 10:00:33.047000,423.5105608879964,1000
2024-09-20 10:00:33.092000,423.5009736496528,12
2024-09-20 10:00:33.153000,423.5174523361708,6
2024-09-20 10:00:33.260000,423.5248498136874,103
2024-09-20 10:00:33.298000,423.5075935908219,9
2024-09-20 10:00:33.318000,423.50506724958376,100
2024-09-20 10:00:33.330000,423.5078747470289,997
2024-09-20 10:00:33.414000,423.5234277232413,998
2024-09-20 10:00:33.494000,423.5190778932517,9
2024-09-20 10:00:33.538000,423.5319157350665,1002
2024-09-20 10:00:33.544000,423.5141849673322,6
2024-09-20 10:00:33.661000,423.52405871479465,99
2024-09-20 10:00:33.661000,423.4988976290777,101
2024-09-20 10:00:33.726000,423.4799859543673,7
2024-09-20 10:00:33.830000,423.5328965118005,1004
2024-09-20 10:00:33.838000,423.524733844242,996
2024-09-20 10:00:33.918000,423.4961095164904,8
2024-09-20 10:00:34.006000,423.5638817497744,12
2024-09-20 10:00:34.044000,423.5239592823177,96
2024-09-20 10:00:34.200000,423.52994588280615,13
2024-09-20 10:00:34.307000,423.4929788143863,103
2024-09-20 10:00:34.416000,423.5286848871457,1001
2024-09-20 10:00:34.430000,423.5140963350495,999
2024-09-20 10:00:34.446000,423.4992915413984,999
2024-09-20 10:00:34.452000,423.5319381467056,1005
2024-09-20 10:00:34.499000,423.54648560853457,103
2024-09-20 10:00:34.722000,423.5562854146912,97
2024-09-20 10:00:34.807000,423.5665898859208,101
2024-09-20 10:00:34.807000,423.543967991536,95
2024-09-20 10:00:34.955000,423.5321790126415,997
2024-09-20 10:00:34.962000,423.53594824767936,12
2024-09-20 10:00:34.975000,423.5078860533272,15
2024-09-20 10:00:35.005000,423.49596069917607,5
2024-09-20 10:00:35.020000,423.495748415854,103
2024-09-20 10:00:35.054000,423.49404525844176,95
2024-09-20 10:00:35.086000,423.504564156254,997
2024-09-20 10:00:35.209000,423.4936330600277,999
2024-09-20 10:00:35.212000,423.49789136952927,10
2024-09-20 10:00:35.338000,423.49710866068847,999
2024-09-20 10:00:35.390000,423.4907457748119,997
2024-09-20 10:00:35.460000,423.5084147169326,100
2024-09-20 10:00:35.497000,423.5037026741617,999
2024-09-20 10:00:35.562000,423.49883984681327,105
2024-09-20 10:00:35.581000,423.5078798037327,998
2024-09-20 10:00:35.672000,423.4853620871265,15
2024-09-20 10:00:35.689000,423.5244986567496,7
2024-09-20 10:00:35.798000,423.50676440213033,998
2024-09-20 10:00:35.815000,423.4976930199211,995
2024-09-20 10:00:35.825000,423.48546991533215,996
2024-09-20 10:00:36.034000,423.5027069557526,104
2024-09-20 10:00:36.089000,423.5210958552701,13
2024-09-20 10:00:36.102000,423.4926312792916,12
2024-09-20 10:00:36.154000,423.5369332240217,95
2024-09-20 10:00:36.156000,423.52018279184233,95
2024-09-20 10:00:36.207000,423.5043139171395,105
2024-09-20 10:00:36.265000,423.5016822820026,1000
2024-09-20 10:00:36.593000,423.52106986759,7
2024-09-20 10:00:36.601000,423.5331602269318,11
2024-09-20 10:00:36.608000,423.5187138093758,95
2024-09-20 10:00:36.657000,423.5448235799909,996
2024-09-20 10:00:36.657000,423.5177913793678,102
2024-09-20 10:00:36.718000,423.5164357859995,12
2024-09-20 10:00:36.774000,423.4981471946319,15
2024-09-20 10:00:36.797000,423.5265440820888,10
2024-09-20 10:00:36.802000,423.50561312868655,999
2024-09-20 10:00:36.961000,423.5430280484348,15
2024-09-20 10:00:36.992000,423.4854098624021,5
2024-09-20 10:00:37.014000,423.55921584811216,8
2024-09-20 10:00:37.041000,423.5495497839107,97
2024-09-20 10:00:37.131000,423.54844285706656,97
2024-09-20 10:00:37.242000,423.4997374938178,96
2024-09-20 10:00:37.413000,423.5359831557897,998
2024-09-20 10:00:37.657000,423.4956172077398,997
2024-09-20 10:00:37.738000,423.4945778396983,100
2024-09-20 10:00:37.810000,423.561545447367,11
2024-09-20 10:00:37.813000,423.5046502012151,1004
2024-09-20 10:00:37.955000,423.55662703762135,1003
2024-09-20 10:00:37.990000,423.56075984083407,997
2024-09-20 10:00:38.110000,423.5093998403171,1002
2024-09-20 10:00:38.127000,423.4706692528181,98
2024-09-20 10:00:38.144000,423.4352906000439,1002
2024-09-20 10:00:38.162000,423.43100916916296,5
2024-09-20 10:00:38.189000,423.48403211046633,997
2024-09-20 10:00:38.252000,423.4531513491999,997
2024-09-20 10:00:38.370000,423.5029720014776,1005
2024-09-20 10:00:38.370000,423.4906663890006,9
2024-09-20 10:00:38.468000,423.47455363687766,96
2024-09-20 10:00:38.497000,423.50537601702985,1004
2024-09-20 10:00:38.507000,423.472389361845,10
2024-09-20 10:00:38.633000,423.5007656919128,1001
2024-09-20 10:00:38.664000,423.4857135896567,98
2024-09-20 10:00:38.709000,423.465730736121,998
2024-09-20 10:00:38.727000,423.4721271745586,7
2024-09-20 10:00:38.890000,423.479694242496,96
2024-09-20 10:00:38.960000,423.4700662195447,14
2024-09-20 10:00:38.998000,423.48285062559495,96
2024-09-20 10:00:39.010000,423.42700493242944,101
2024-09-20 10:00:39.191000,423.4113004279251,13
2024-09-20 10:00:39.213000,423.4354957530292,1001
2024-09-20 10:00:39.241000,423.4590227833664,103
2024-09-20 10:00:39.400000,423.4133275917344,101
2024-09-20 10:00:39.478000,423.4396463711544,101
2024-09-20 10:00:39.548000,423.4657023781173,10
2024-09-20 10:00:39.611000,423.4194778085763,996
2024-09-20 10:00:39.765000,423.4221681357268,996
2024-09-20 10:00:39.767000,423.4560915991464,998
2024-09-20 10:00:39.823000,423.4101606410052,98
2024-09-20 10:00:39.897000,423.4568012520512,9
2024-09-20 10:00:40.023000,423.44125046414206,99
2024-09-20 10:00:40.173000,423.4736268979327,997
2024-09-20 10:00:40.285000,423.4501038709736,98
2024-09-20 10:00:40.444000,423.4531388206393,10
2024-09-20 10:00:40.451000,423.4384002860408,9
2024-09-20 10:00:40.588000,423.465069666605,101
2024-09-20 10:00:41.346000,423.469152207792,11
2024-09-20 10:00:41.496000,423.4607894842214,998
2024-09-20 10:00:41.756000,423.4549926214082,6
2024-09-20 10:00:41.767000,423.452575402978,102
2024-09-20 10:00:41.905000,423.4664949397181,97
2024-09-20 10:00:42.032000,423.44918370937467,13
2024-09-20 10:00:42.083000,423.4702986531783,995
2024-09-20 10:00:42.097000,423.442761712588,1003
2024-09-20 10:00:42.133000,423.4418197644519,13
2024-09-20 10:00:42.184000,423.46778848187074,999
2024-09-20 10:00:42.217000,423.4352379923378,1003
2024-09-20 10:00:42.221000,423.4648106099795,7
2024-09-20 10:00:42.281000,423.4589560456295,102
2024-09-20 10:00:42.285000,423.4696002709386,5
2024-09-20 10:00:42.363000,423.4770572069878,105
2024-09-20 10:00:42.399000,423.4378563485377,11
2024-09-20 10:00:42.403000,423.428727558237,105
2024-09-20 10:00:42.461000,423.4433718761773,995
2024-09-20 10:00:42.556000,423.43603729521067,14
2024-09-20 10:00:42.598000,423.45429390427046,999
2024-09-20 10:00:42.673000,423.4491004639919,12
2024-09-20 10:00:42.740000,423.4592424690832,1003
2024-09-20 10:00:42.813000,423.4217205043223,95
2024-09-20 10:00:42.822000,423.4526469847365,997
2024-09-20 10:00:42.960000,423.4391658369605,998
2024-09-20 10:00:42.972000,423.4351807431977,13
2024-09-20 10:00:43.013000,423.4188619779554,97
2024-09-20 10:00:43.037000,423.40316011793936,8
2024-09-20 10:00:43.040000,423.4431150426726,100
2024-09-20 10:00:43.201000,423.44051382258033,1005
2024-09-20 10:00:43.269000,423.3972341832276,98
2024-09-20 10:00:43.286000,423.4542122090605,15
2024-09-20 10:00:43.316000,423.4508631737604,1005
2024-09-20 10:00:43.456000,423.4010965570134,999
2024-09-20 10:00:43.492000,423.4108883713921,996
2024-09-20 10:00:43.501000,423.4410231055828,11
2024-09-20 10:00:43.567000,423.4129794849199,6
2024-09-20 10:00:43.615000,423.4032067089311,97
2024-09-20 10:00:43.661000,423.38983214045777,103
2024-09-20 10:00:43.711000,423.38986044065103,1005
2024-09-20 10:00:43.763000,423.391759377516,996
2024-09-20 10:00:43.838000,423.4134776030663,15
2024-09-20 10:00:44.495000,423.4285271622702,11
2024-09-20 10:00:44.704000,423.4364558347432,95
2024-09-20 10:00:44.855000,423.43131389483983,8
2024-09-20 10:00:44.860000,423.4460425407523,12
2024-09-20 10:00:45.083000,423.444938526767,12
2024-09-20 10:00:45.116000,423.4789011533561,1004
2024-09-20 10:00:45.218000,423.4485716270655,12
2024-09-20 10:00:45.348000,423.4229431986871,997
2024-09-20 10:00:45.355000,423.46618856016585,96
2024-09-20 10:00:45.361000,423.4174108501833,1003
2024-09-20 10:00:45.803000,423.4897651710789,98
2024-09-20 10:00:46.019000,423.4296350545321,103
2024-09-20 10:00:46.035000,423.44457128356703,995
2024-09-20 10:00:46.038000,423.4979072424779,1005
2024-09-20 10:00:46.045000,423.4208065457258,15
2024-09-20 10:00:46.064000,423.4496682804774,104
2024-09-20 10:00:46.067000,423.4332245542485,1000
2024-09-20 10:00:46.113000,423.4530260777317,1001
2024-09-20 10:00:46.135000,423.47485531158543,14
2024-09-20 10:00:46.136000,423.4366311578353,14
2024-09-20 10:00:46.155000,423.45433582108166,97
2024-09-20 10:00:46.179000,423.4824736106588,1002
2024-09-20 10:00:46.348000,423.4809272430862,99
2024-09-20 10:00:46.350000,423.4279746441947,95
2024-09-20 10:00:46.435000,423.4664690886931,12
2024-09-20 10:00:46.451000,423.47996415931306,1004
2024-09-20 10:00:46.528000,423.50413752438135,6
2024-09-20 10:00:46.531000,423.4327148436676,1003
2024-09-20 10:00:46.609000,423.4811554181147,13
2024-09-20 10:00:46.643000,423.5035999204852,96
2024-09-20 10:00:46.648000,423.4379760529133,104
2024-09-20 10:00:46.714000,423.4552543740657,9
2024-09-20 10:00:46.736000,423.4311678594714,8
2024-09-20 10:00:46.742000,423.4742522889977,1003
2024-09-20 10:00:46.793000,423.4566002577183,11
2024-09-20 10:00:46.886000,423.4391617190723,997
2024-09-20 10:00:46.916000,423.4748739511717,13
2024-09-20 10:00:47.028000,423.5217673927112,1005
2024-09-20 10:00:47.118000,423.5410910446582,99
2024-09-20 10:00:47.129000,423.5151645727428,1002
2024-09-20 10:00:47.144000,423.4664375025408,105
2024-09-20 10:00:47.216000,423.5090177590285,100
2024-09-20 10:00:47.230000,423.4771489186429,1002
2024-09-20 10:00:47.272000,423.51365286711246,8
2024-09-20 10:00:47.318000,423.5266936857193,14
2024-09-20 10:00:47.347000,423.5282416699227,14
2024-09-20 10:00:47.380000,423.5273462150169,1005
2024-09-20 10:00:47.401000,423.5134987585514,1003
2024-09-20 10:00:47.476000,423.4771792553549,1003
2024-09-20 10:00:47.482000,423.49005978561854,6
2024-09-20 10:00:47.508000,423.5238139779021,7
2024-09-20 10:00:47.527000,423.5315357861325,13
2024-09-20 10:00:47.541000,423.5115159518717,11
2024-09-20 10:00:47.575000,423.50053321828375,5
2024-09-20 10:00:47.658000,423.4677580440764,98
2024-09-20 10:00:47.707000,423.48902123575385,1005
2024-09-20 10:00:47.731000,423.5304864905187,998
2024-09-20 10:00:47.736000,423.5236663888511,1004
2024-09-20 10:00:47.739000,423.4740171714033,1003
2024-09-20 10:00:47.811000,423.4976683820257,105
2024-09-20 10:00:47.819000,423.5067700387883,97
2024-09-20 10:00:47.851000,423.4874233304009,998
2024-09-20 10:00:47.865000,423.4864428007917,997
2024-09-20 10:00:47.885000,423.523825218743,99
2024-09-20 10:00:47.895000,423.4540186162568,100
2024-09-20 10:00:48.021000,423.5140101980732,96
2024-09-20 10:00:48.026000,423.499912750484,8
2024-09-20 10:00:48.068000,423.5185475504095,1003
2024-09-20 10:00:48.177000,423.5210988047536,102
2024-09-20 10:00:48.198000,423.515989311954,1003
2024-09-20 10:00:48.248000,423.525905865367,998
2024-09-20 10:00:48.356000,423.51828688759406,12
2024-09-20 10:00:48.464000,423.5345651087496,14
2024-09-20 10:00:48.567000,423.5077346329338,100
2024-09-20 10:00:48.581000,423.5231487602183,1005
2024-09-20 10:00:48.598000,423.51842123131865,101
2024-09-20 10:00:48.606000,423.5237288745314,102
2024-09-20 10:00:48.706000,423.52705341262606,100
2024-09-20 10:00:48.741000,423.5199621904824,1002
2024-09-20 10:00:48.781000,423.5318071588397,104
2024-09-20 10:00:48.806000,423.5035803055416,7
2024-09-20 10:00:48.955000,423.5158001235304,99
2024-09-20 10:00:49.029000,423.4916311187095,99
2024-09-20 10:00:49.050000,423.5287005898855,100
2024-09-20 10:00:49.080000,423.5022602473941,14
2024-09-20 10:00:49.089000,423.5264818533774,98
2024-09-20 10:00:49.102000,423.528354040438,96
2024-09-20 10:00:49.107000,423.5204526976674,97
2024-09-20 10:00:49.134000,423.51290530734514,996
2024-09-20 10:00:49.163000,423.50442121044273,15
2024-09-20 10:00:49.169000,423.5223494580512,1000
2024-09-20 10:00:49.197000,423.5044636192535,8
2024-09-20 10:00:49.202000,423.5209469894005,1003
2024-09-20 10:00:49.258000,423.53795450997694,1004
2024-09-20 10:00:49.304000,423.51989698625175,95
2024-09-20 10:00:49.321000,423.50599248540766,103
2024-09-20 10:00:49.418000,423.51535975975054,98
2024-09-20 10:00:49.461000,423.5427495034731,1001
2024-09-20 10:00:49.539000,423.5003246779045,1002
2024-09-20 10:00:49.556000,423.5204167177404,99
2024-09-20 10:00:49.572000,423.51198850330513,97
2024-09-20 10:00:49.590000,423.4986580937559,13
2024-09-20 10:00:49.648000,423.5147667006072,5
2024-09-20 10:00:49.650000,423.50025007482776,99
2024-09-20 10:00:49.722000,423.5188827771501,1002
2024-09-20 10:00:49.736000,423.5245295165546,96
2024-09-20 10:00:49.740000,423.518823602128,998
2024-09-20 10:00:49.819000,423.5207891894333,998
2024-09-20 10:00:49.835000,423.5221141067012,1002
2024-09-20 10:00:49.864000,423.5144288169728,1000
2024-09-20 10:00:50.048000,423.4584306648919,97
2024-09-20 10:00:50.100000,423.4502109961761,102
2024-09-20 10:00:50.121000,423.4624980715898,13
2024-09-20 10:00:50.131000,423.4911973285848,6
2024-09-20 10:00:50.133000,423.4797874811811,102
2024-09-20 10:00:50.182000,423.5087513326706,9
2024-09-20 10:00:50.230000,423.4978429227657,14
2024-09-20 10:00:50.234000,423.4692755282814,1003
2024-09-20 10:00:50.274000,423.4502162439585,8
2024-09-20 10:00:50.414000,423.46802090384006,13
2024-09-20 10:00:50.437000,423.454722516236,1001
2024-09-20 10:00:50.478000,423.4570373846984,100
2024-09-20 10:00:50.714000,423.4438092010103,97
2024-09-20 10:00:50.814000,423.50499311563925,5
2024-09-20 10:00:50.821000,423.4872634074043,9
2024-09-20 10:00:50.822000,423.49297236824447,1000
2024-09-20 10:00:50.846000,423.5234480125957,14
2024-09-20 10:00:50.968000,423.4361263339735,995
2024-09-20 10:00:51.125000,423.4664135326849,95
2024-09-20 10:00:51.239000,423.4651810078456,998
2024-09-20 10:00:51.356000,423.45890741146434,104
2024-09-20 10:00:51.444000,423.4211570924724,96
2024-09-20 10:00:51.567000,423.48366775414434,996
2024-09-20 10:00:51.606000,423.4359833642359,100
2024-09-20 10:00:51.635000,423.47273626926994,995
2024-09-20 10:00:51.642000,423.435455079194,9
2024-09-20 10:00:51.815000,423.47425059262696,1000
2024-09-20 10:00:51.837000,423.41717409516144,97
2024-09-20 10:00:51.961000,423.4528094959625,9
2024-09-20 10:00:52.001000,423.50077504180894,8
2024-09-20 10:00:52.035000,423.50163870104944,14
2024-09-20 10:00:52.046000,423.4654141192521,98
2024-09-20 10:00:52.115000,423.4844544316411,7
2024-09-20 10:00:52.162000,423.4902430612223,12
2024-09-20 10:00:52.181000,423.4727978631692,9
2024-09-20 10:00:52.207000,423.4644455152108,6
2024-09-20 10:00:52.354000,423.5013287133607,100
2024-09-20 10:00:52.369000,423.4881629341365,10
2024-09-20 10:00:52.391000,423.4890159714195,13
2024-09-20 10:00:52.441000,423.5041370740252,13
2024-09-20 10:00:52.459000,423.5075421203022,999
2024-09-20 10:00:52.512000,423.4672733527847,1001
2024-09-20 10:00:52.525000,423.5260518940922,1005
2024-09-20 10:00:52.649000,423.4984232210512,10
2024-09-20 10:00:52.667000,423.5024884933546,8
2024-09-20 10:00:52.681000,423.50182267202746,13
2024-09-20 10:00:52.773000,423.4972731752544,103
2024-09-20 10:00:52.796000,423.4792519745616,12
2024-09-20 10:00:52.849000,423.47363429021806,1002
2024-09-20 10:00:52.889000,423.47291662999055,11
2024-09-20 10:00:52.925000,423.4954597054009,10
2024-09-20 10:00:52.934000,423.4926477262415,14
2024-09-20 10:00:53.007000,423.4811187683552,6
2024-09-20 10:00:53.076000,423.4468388943151,1004
2024-09-20 10:00:53.400000,423.4608714802108,6
2024-09-20 10:00:53.496000,423.4407383773315,103
2024-09-20 10:00:53.497000,423.4454060560747,8
2024-09-20 10:00:53.523000,423.4639619150371,105
2024-09-20 10:00:53.646000,423.4292993814568,102
2024-09-20 10:00:53.884000,423.4207911376945,1001
2024-09-20 10:00:53.885000,423.4252633161316,7
2024-09-20 10:00:53.900000,423.4315056472531,15
2024-09-20 10:00:53.956000,423.4298664220008,5
2024-09-20 10:00:54.214000,423.44752350148326,97
2024-09-20 10:00:54.411000,423.5002454983295,1001
2024-09-20 10:00:54.465000,423.4949614752103,100
2024-09-20 10:00:54.498000,423.4414466858205,5
2024-09-20 10:00:54.531000,423.43223119842855,1000
2024-09-20 10:00:54.542000,423.44544054426666,10
2024-09-20 10:00:54.566000,423.4292639017752,102
2024-09-20 10:00:54.637000,423.4809748211645,10
2024-09-20 10:00:54.639000,423.457015578449,997
2024-09-20 10:00:54.666000,423.46987524007153,10
2024-09-20 10:00:54.843000,423.4540455489757,103
2024-09-20 10:00:54.978000,423.46135193728526,7
2024-09-20 10:00:55.051000,423.5304289985249,11
2024-09-20 10:00:55.303000,423.5130446426113,6
2024-09-20 10:00:55.523000,423.5214853810844,999
2024-09-20 10:00:56.109000,423.58427148120967,15
2024-09-20 10:00:56.113000,423.5919821415808,100
2024-09-20 10:00:56.130000,423.5985335753416,1000
2024-09-20 10:00:56.177000,423.5936840658304,104
2024-09-20 10:00:56.233000,423.5333069444227,10
2024-09-20 10:00:56.300000,423.6129461872091,5
2024-09-20 10:00:56.327000,423.6330668138742,13
2024-09-20 10:00:56.341000,423.600323992818,5
2024-09-20 10:00:56.381000,423.5096001807692,100
2024-09-20 10:00:56.453000,423.59378614882,1004
2024-09-20 10:00:56.454000,423.5503961212309,996
2024-09-20 10:00:56.488000,423.5975813218328,8
2024-09-20 10:00:56.503000,423.60529062964105,1003
2024-09-20 10:00:56.545000,423.5501943939996,104
2024-09-20 10:00:56.557000,423.5404177254785,10
2024-09-20 10:00:56.604000,423.6044476683716,101
2024-09-20 10:00:56.629000,423.63452758171866,997
2024-09-20 10:00:56.636000,423.6364409325773,100
2024-09-20 10:00:56.654000,423.5141335375537,104
2024-09-20 10:00:56.725000,423.6212382379787,997
2024-09-20 10:00:56.752000,423.6070615109814,104
2024-09-20 10:00:56.770000,423.600465678341,103
2024-09-20 10:00:56.802000,423.5545790085287,999
2024-09-20 10:00:56.815000,423.530086975048,13
2024-09-20 10:00:56.898000,423.589003322634,105
2024-09-20 10:00:57.013000,423.587557052133,1001
2024-09-20 10:00:57.047000,423.6124768479988,14
2024-09-20 10:00:57.330000,423.60959478823145,9
2024-09-20 10:00:57.359000,423.6455684541455,99
2024-09-20 10:00:57.458000,423.6157775238136,1001
2024-09-20 10:00:57.512000,423.610658416228,98
2024-09-20 10:00:57.621000,423.6244012735038,10
2024-09-20 10:00:57.814000,423.6369055736521,6
2024-09-20 10:00:57.860000,423.6305103452952,14
2024-09-20 10:00:58.018000,423.61900026245786,104
2024-09-20 10:00:58.029000,423.5391591234617,102
2024-09-20 10:00:58.031000,423.5611512864569,7
2024-09-20 10:00:58.107000,423.617488064627,96
2024-09-20 10:00:58.169000,423.5190875672579,999
2024-09-20 10:00:58.225000,423.5649173294904,7
2024-09-20 10:00:58.239000,423.54335401755793,11
2024-09-20 10:00:58.322000,423.58325749465394,105
2024-09-20 10:00:58.330000,423.5937103218978,13
2024-09-20 10:00:58.587000,423.6097980100723,9
2024-09-20 10:00:58.645000,423.5841964885316,5
2024-09-20 10:00:58.665000,423.5227023715833,11
2024-09-20 10:00:58.792000,423.5683994274994,95
2024-09-20 10:00:58.825000,423.51659283340814,997
2024-09-20 10:00:59.078000,423.5030002969116,97
2024-09-20 10:00:59.102000,423.5439335501314,1000
2024-09-20 10:00:59.104000,423.493348970266,9
2024-09-20 10:00:59.112000,423.52130142826,996
2024-09-20 10:00:59.123000,423.4996256747835,101
2024-09-20 10:00:59.219000,423.49136467422295,6
2024-09-20 10:00:59.253000,423.52033683383576,11
2024-09-20 10:00:59.269000,423.5113270194368,13
2024-09-20 10:00:59.375000,423.47220062920087,101
2024-09-20 10:00:59.419000,423.47430053033696,95
2024-09-20 10:00:59.430000,423.5063250171461,97
2024-09-20 10:00:59.461000,423.49132222218986,11
2024-09-20 10:00:59.465000,423.530885659963,998
2024-09-20 10:00:59.470000,423.5374139293534,10
2024-09-20 10:00:59.497000,423.4952974621252,1000
2024-09-20 10:00:59.506000,423.5368089779291,97
2024-09-20 10:00:59.566000,423.5084146647082,99
2024-09-20 10:00:59.650000,423.5341194471101,100
2024-09-20 10:00:59.659000,423.5209603254085,1003
2024-09-20 10:00:59.726000,423.5231698145337,997
2024-09-20 10:00:59.764000,423.5322266790895,8
2024-09-20 10:00:59.831000,423.4995693463693,101
2024-09-20 10:00:59.889000,423.5506730317218,995
2024-09-20 10:00:59.896000,423.50947979291175,12
2024-09-20 10:00:59.918000,423.4967106939524,104
2024-09-20 10:00:59.961000,423.4884691559977,5
2024-09-20 10:00:59.969000,423.5299784400514,5
