Timestamp,Price,Size
2024-09-20 10:51:00.070000,426.0025530919876,102
2024-09-20 10:51:00.083000,426.0155392539865,15
2024-09-20 10:51:00.103000,426.0231430548793,14
2024-09-20 10:51:00.131000,425.95564458842347,6
2024-09-20 10:51:00.137000,426.0032280546306,1000
2024-09-20 10:51:00.202000,426.0152032710818,1002
2024-09-20 10:51:00.225000,426.03506465234057,8
2024-09-20 10:51:00.238000,426.02337954015496,95
2024-09-20 10:51:00.306000,425.98225981514025,999
2024-09-20 10:51:00.319000,426.0167703211568,1003
2024-09-20 10:51:00.407000,426.04722366311546,9
2024-09-20 10:51:00.482000,426.01759782704073,10
2024-09-20 10:51:00.570000,426.037558305048,14
2024-09-20 10:51:00.605000,426.0298518864696,96
2024-09-20 10:51:00.636000,426.026555900573,99
2024-09-20 10:51:00.655000,426.039373310614,98
2024-09-20 10:51:00.666000,426.0221507039191,996
2024-09-20 10:51:00.683000,426.028512865784,1002
2024-09-20 10:51:00.737000,426.02111188054425,13
2024-09-20 10:51:00.807000,426.0233932729942,9
2024-09-20 10:51:00.886000,426.0016117157122,10
2024-09-20 10:51:00.902000,426.0184826640887,11
2024-09-20 10:51:00.906000,426.00263051786345,1000
2024-09-20 10:51:01.048000,425.95608861924177,105
2024-09-20 10:51:01.070000,425.9517259217908,15
2024-09-20 10:51:01.075000,425.9482871112555,98
2024-09-20 10:51:01.117000,425.9594534939078,11
2024-09-20 10:51:01.171000,425.96689642778944,8
2024-09-20 10:51:01.243000,425.9521138294055,11
2024-09-20 10:51:01.252000,425.9833268699271,10
2024-09-20 10:51:01.369000,425.940868470953,1000
2024-09-20 10:51:01.387000,425.9715042868922,6
2024-09-20 10:51:01.453000,425.9525313645294,99
2024-09-20 10:51:01.484000,425.9414574766417,15
2024-09-20 10:51:01.487000,425.96121320497554,7
2024-09-20 10:51:01.571000,425.97459385699113,95
2024-09-20 10:51:01.589000,425.97661669859474,104
2024-09-20 10:51:01.702000,425.9567578662152,100
2024-09-20 10:51:01.745000,425.9485857517659,996
2024-09-20 10:51:01.804000,425.94734907137473,7
2024-09-20 10:51:01.827000,425.9638656662925,1000
2024-09-20 10:51:01.881000,425.950866590326,100
2024-09-20 10:51:01.883000,425.9615849048853,996
2024-09-20 10:51:01.897000,425.9670891255279,997
2024-09-20 10:51:01.909000,425.9657725655271,1000
2024-09-20 10:51:01.909000,425.9657657670634,999
2024-09-20 10:51:01.945000,425.9676824769605,101
2024-09-20 10:51:01.972000,425.96003862226905,12
2024-09-20 10:51:02.014000,426.008811656957,99
2024-09-20 10:51:02.019000,426.0048277046572,96
2024-09-20 10:51:02.028000,425.9836466738752,1002
2024-09-20 10:51:02.047000,425.9955152560232,995
2024-09-20 10:51:02.055000,425.9972244335625,999
2024-09-20 10:51:02.115000,425.9999893038024,100
2024-09-20 10:51:02.162000,425.99205001977936,103
2024-09-20 10:51:02.312000,425.9965511379877,1004
2024-09-20 10:51:02.452000,425.9910428588986,1002
2024-09-20 10:51:02.457000,425.9829503968834,99
2024-09-20 10:51:02.564000,425.99968229876026,8
2024-09-20 10:51:02.580000,425.9877101980919,997
2024-09-20 10:51:02.634000,425.9935395896147,95
2024-09-20 10:51:02.666000,425.97627611120026,6
2024-09-20 10:51:02.685000,425.9771246368732,8
2024-09-20 10:51:02.739000,425.9947665689384,102
2024-09-20 10:51:02.868000,425.99478644391365,11
2024-09-20 10:51:02.885000,425.98551227890135,98
2024-09-20 10:51:02.904000,425.9966110066725,13
2024-09-20 10:51:02.931000,425.9953449796441,102
2024-09-20 10:51:03.010000,425.97701090782425,97
2024-09-20 10:51:03.433000,425.95830910238544,95
2024-09-20 10:51:03.497000,425.99754598075896,998
2024-09-20 10:51:03.501000,426.0125613242103,99
2024-09-20 10:51:03.605000,425.93615747387577,999
2024-09-20 10:51:03.685000,425.9274529756477,7
2024-09-20 10:51:03.722000,425.9881532905928,9
2024-09-20 10:51:03.727000,425.9835460031607,97
2024-09-20 10:51:03.752000,426.00480920733446,11
2024-09-20 10:51:03.809000,426.0016959747958,15
2024-09-20 10:51:03.824000,425.936259048328,999
2024-09-20 10:51:03.904000,425.9980663630192,96
2024-09-20 10:51:03.926000,425.971773628125,103
2024-09-20 10:51:03.928000,425.9376069708327,1005
2024-09-20 10:51:03.952000,425.98591017360127,996
2024-09-20 10:51:04.013000,426.0293852173833,8
2024-09-20 10:51:04.048000,426.0197120055346,1000
2024-09-20 10:51:04.065000,426.0351650821584,1004
2024-09-20 10:51:04.073000,426.0227745764343,101
2024-09-20 10:51:04.106000,426.01632058589263,13
2024-09-20 10:51:04.116000,426.0307787684285,11
2024-09-20 10:51:04.202000,426.0409101859656,10
2024-09-20 10:51:04.209000,426.02097330477153,6
2024-09-20 10:51:04.227000,426.0282027510709,15
2024-09-20 10:51:04.229000,426.0022593949109,98
2024-09-20 10:51:04.274000,426.0317019835786,998
2024-09-20 10:51:04.292000,426.055759795728,998
2024-09-20 10:51:04.309000,426.00768868686026,10
2024-09-20 10:51:04.323000,426.02742651050295,997
2024-09-20 10:51:04.516000,426.04399293100266,999
2024-09-20 10:51:04.516000,426.0288586595458,9
2024-09-20 10:51:04.520000,426.03839231315817,13
2024-09-20 10:51:04.574000,426.0597214214631,105
2024-09-20 10:51:04.674000,426.00833581799816,10
2024-09-20 10:51:04.738000,426.0077891741,997
2024-09-20 10:51:04.844000,426.0358778501632,12
2024-09-20 10:51:04.861000,426.018902555425,10
2024-09-20 10:51:04.918000,426.0546767981203,6
2024-09-20 10:51:04.951000,426.01477733320513,10
2024-09-20 10:51:04.954000,426.0307941158173,95
2024-09-20 10:51:04.966000,426.0452973509072,1004
2024-09-20 10:51:04.977000,426.0264298025076,1001
2024-09-20 10:51:05.028000,425.9825385828029,98
2024-09-20 10:51:05.146000,425.9958780321122,12
2024-09-20 10:51:05.183000,425.9654139810417,1002
2024-09-20 10:51:05.271000,426.0180363152373,998
2024-09-20 10:51:05.523000,425.99986476922106,104
2024-09-20 10:51:05.524000,426.00531363236274,998
2024-09-20 10:51:05.527000,426.023054578128,1000
2024-09-20 10:51:05.559000,426.0227208007496,99
2024-09-20 10:51:05.608000,425.9846513384406,101
2024-09-20 10:51:05.737000,425.9999468230501,998
2024-09-20 10:51:05.810000,425.9987736647414,101
2024-09-20 10:51:06.001000,425.9657433461334,13
2024-09-20 10:51:06.004000,425.99286479363775,7
2024-09-20 10:51:06.005000,425.95659943965177,999
2024-09-20 10:51:06.070000,426.020026650188,1001
2024-09-20 10:51:06.120000,426.0037169515198,998
2024-09-20 10:51:06.243000,426.0049124806114,997
2024-09-20 10:51:06.294000,426.0204735886669,1002
2024-09-20 10:51:06.372000,425.998509555532,999
2024-09-20 10:51:06.529000,425.96650848440606,1001
2024-09-20 10:51:06.643000,425.99767152467575,8
2024-09-20 10:51:06.654000,426.02758993312494,97
2024-09-20 10:51:06.696000,426.01127792746513,1001
2024-09-20 10:51:06.720000,426.0344742460287,9
2024-09-20 10:51:06.763000,426.01303964103744,995
2024-09-20 10:51:06.841000,426.03811876063486,101
2024-09-20 10:51:06.886000,425.9961066451136,1005
2024-09-20 10:51:06.925000,426.02013753640193,1003
2024-09-20 10:51:07.160000,426.0530939424916,15
2024-09-20 10:51:08.032000,425.9902134829382,1003
2024-09-20 10:51:08.075000,425.96334498440046,8
2024-09-20 10:51:08.119000,426.0533167404728,5
2024-09-20 10:51:08.130000,425.96744480728535,1005
2024-09-20 10:51:08.201000,425.9986889948296,103
2024-09-20 10:51:08.204000,426.00679056705934,99
2024-09-20 10:51:08.257000,426.0128270066448,99
2024-09-20 10:51:08.370000,425.98198746294247,13
2024-09-20 10:51:08.371000,425.9382953434145,97
2024-09-20 10:51:08.379000,425.9988882223881,105
2024-09-20 10:51:08.409000,426.0033380176451,95
2024-09-20 10:51:08.409000,425.9071359168975,5
2024-09-20 10:51:08.460000,426.0168260547948,97
2024-09-20 10:51:08.475000,425.9691535811792,105
2024-09-20 10:51:08.485000,426.0266138060583,101
2024-09-20 10:51:08.508000,425.9625134523571,7
2024-09-20 10:51:08.524000,425.9902038033269,997
2024-09-20 10:51:08.525000,426.04049264681606,8
2024-09-20 10:51:08.544000,425.99685040817866,102
2024-09-20 10:51:08.563000,426.00382118664777,101
2024-09-20 10:51:08.611000,425.9662174377602,1000
2024-09-20 10:51:08.700000,426.0038513340201,7
2024-09-20 10:51:08.702000,425.9864207989866,105
2024-09-20 10:51:08.759000,426.0005368499767,997
2024-09-20 10:51:08.809000,425.9982635992967,104
2024-09-20 10:51:08.863000,425.9545909572244,98
2024-09-20 10:51:08.931000,425.9610091499699,14
2024-09-20 10:51:08.939000,426.045368210459,6
2024-09-20 10:51:08.951000,426.0415175396481,5
2024-09-20 10:51:08.955000,425.9596658042719,999
2024-09-20 10:51:09.001000,425.8284907353156,12
2024-09-20 10:51:09.024000,425.84943557180816,104
2024-09-20 10:51:09.046000,425.9055985256604,98
2024-09-20 10:51:09.053000,425.7854127453223,998
2024-09-20 10:51:09.084000,425.8041672905525,1003
2024-09-20 10:51:09.110000,425.9182371637761,1002
2024-09-20 10:51:09.143000,425.8986616974036,998
2024-09-20 10:51:09.144000,425.8834690520025,996
2024-09-20 10:51:09.146000,425.8026350895151,7
2024-09-20 10:51:09.194000,425.7936891870005,5
2024-09-20 10:51:09.231000,425.908628272376,102
2024-09-20 10:51:09.373000,425.9173730910003,12
2024-09-20 10:51:09.393000,425.78812824830993,104
2024-09-20 10:51:09.519000,425.923688277249,995
2024-09-20 10:51:09.566000,425.795639105289,6
2024-09-20 10:51:09.575000,425.7958662562245,1003
2024-09-20 10:51:09.635000,425.8260665307976,97
2024-09-20 10:51:09.636000,425.7992026454653,14
2024-09-20 10:51:09.750000,425.7959801287562,100
2024-09-20 10:51:09.810000,425.81725422017655,1002
2024-09-20 10:51:09.919000,425.81575686800034,102
2024-09-20 10:51:10.021000,425.8248798571401,96
2024-09-20 10:51:10.168000,425.8140189965943,102
2024-09-20 10:51:10.180000,425.8067760549994,10
2024-09-20 10:51:10.243000,425.8026510222719,98
2024-09-20 10:51:10.483000,425.819227702245,1003
2024-09-20 10:51:10.510000,425.8146032476119,96
2024-09-20 10:51:10.603000,425.8126478234183,101
2024-09-20 10:51:10.913000,425.8135971459632,9
2024-09-20 10:51:10.922000,425.832516715958,1003
2024-09-20 10:51:11,425.8070824491287,1002
2024-09-20 10:51:11.007000,425.742882672176,11
2024-09-20 10:51:11.050000,425.8015063543502,14
2024-09-20 10:51:11.051000,425.78796000068536,103
2024-09-20 10:51:11.057000,425.7642469326522,99
2024-09-20 10:51:11.162000,425.7743117387944,7
2024-09-20 10:51:11.211000,425.7575485103211,99
2024-09-20 10:51:11.238000,425.7900872205202,1000
2024-09-20 10:51:11.257000,425.76514572591617,1001
2024-09-20 10:51:11.262000,425.7664184642046,101
2024-09-20 10:51:11.271000,425.7891140665672,9
2024-09-20 10:51:11.299000,425.7791883794765,5
2024-09-20 10:51:11.367000,425.78846519330347,102
2024-09-20 10:51:11.676000,425.7611302921823,996
2024-09-20 10:51:11.731000,425.8005088039935,14
2024-09-20 10:51:11.739000,425.7158568720705,101
2024-09-20 10:51:11.786000,425.7872856418776,11
2024-09-20 10:51:11.807000,425.7901339482343,96
2024-09-20 10:51:11.817000,425.7913759952148,1000
2024-09-20 10:51:11.909000,425.7732117962497,997
2024-09-20 10:51:11.910000,425.7726695602409,996
2024-09-20 10:51:11.920000,425.7710051551326,996
2024-09-20 10:51:11.991000,425.7769232673336,100
2024-09-20 10:51:12.057000,425.741279511721,1005
2024-09-20 10:51:12.069000,425.7374465566173,1003
2024-09-20 10:51:12.075000,425.7363436905083,9
2024-09-20 10:51:12.207000,425.74760707691473,95
2024-09-20 10:51:12.251000,425.7535417801645,996
2024-09-20 10:51:12.329000,425.759826445794,5
2024-09-20 10:51:12.351000,425.72147844455947,9
2024-09-20 10:51:12.492000,425.7227190861109,15
2024-09-20 10:51:12.532000,425.73001478656136,998
2024-09-20 10:51:12.548000,425.7270910257892,1001
2024-09-20 10:51:12.559000,425.7386530200289,1002
2024-09-20 10:51:12.576000,425.7357113733942,1003
2024-09-20 10:51:12.664000,425.7445038837669,96
2024-09-20 10:51:12.718000,425.73455036759833,9
2024-09-20 10:51:12.729000,425.72798916951047,104
2024-09-20 10:51:12.735000,425.7415767339078,8
2024-09-20 10:51:12.740000,425.7137755826535,98
2024-09-20 10:51:12.750000,425.73478229462,13
2024-09-20 10:51:13.013000,425.7417201947218,999
2024-09-20 10:51:13.063000,425.73108301524456,15
2024-09-20 10:51:13.163000,425.7427210235946,12
2024-09-20 10:51:13.220000,425.766731754022,13
2024-09-20 10:51:13.221000,425.7304559494151,1005
2024-09-20 10:51:13.242000,425.7346575221952,97
2024-09-20 10:51:13.284000,425.734482177604,14
2024-09-20 10:51:13.298000,425.71397880701255,5
2024-09-20 10:51:13.314000,425.7249180155421,99
2024-09-20 10:51:13.330000,425.7130063344181,100
2024-09-20 10:51:13.341000,425.7384629463709,1001
2024-09-20 10:51:13.362000,425.7485809321386,100
2024-09-20 10:51:13.394000,425.75197608201626,103
2024-09-20 10:51:13.399000,425.7381743676807,1000
2024-09-20 10:51:13.420000,425.7592544805898,98
2024-09-20 10:51:13.507000,425.7254709357238,102
2024-09-20 10:51:13.514000,425.7322545782694,11
2024-09-20 10:51:13.541000,425.7320209243532,999
2024-09-20 10:51:13.565000,425.7284466722197,998
2024-09-20 10:51:13.623000,425.72176976650576,100
2024-09-20 10:51:13.649000,425.7271288825738,100
2024-09-20 10:51:13.656000,425.74549845436985,9
2024-09-20 10:51:13.694000,425.7692238285678,105
2024-09-20 10:51:13.739000,425.7503066026415,10
2024-09-20 10:51:13.801000,425.76451785409785,12
2024-09-20 10:51:13.809000,425.757190364657,9
2024-09-20 10:51:13.841000,425.72383894269376,6
2024-09-20 10:51:13.892000,425.7545078618071,97
2024-09-20 10:51:13.962000,425.7334410275447,11
2024-09-20 10:51:14.120000,425.7419354264173,12
2024-09-20 10:51:14.451000,425.7700597967593,97
2024-09-20 10:51:14.512000,425.6750226245866,8
2024-09-20 10:51:14.530000,425.74161639138265,104
2024-09-20 10:51:14.544000,425.7487395672161,98
2024-09-20 10:51:14.598000,425.6923417975702,11
2024-09-20 10:51:14.658000,425.6880453701856,1004
2024-09-20 10:51:14.670000,425.6833979550645,15
2024-09-20 10:51:14.723000,425.73881004522326,9
2024-09-20 10:51:14.751000,425.735190204114,101
2024-09-20 10:51:14.795000,425.714788642908,98
2024-09-20 10:51:14.837000,425.753329495529,1005
2024-09-20 10:51:14.938000,425.7409498463714,100
2024-09-20 10:51:14.978000,425.7021381273207,997
2024-09-20 10:51:15.157000,425.67250553778,97
2024-09-20 10:51:15.581000,425.6760209989057,13
2024-09-20 10:51:15.587000,425.68416548598987,11
2024-09-20 10:51:15.707000,425.68956379544977,996
2024-09-20 10:51:15.856000,425.68169312662354,14
2024-09-20 10:51:15.892000,425.6881936564063,13
2024-09-20 10:51:16.201000,425.67740382862735,13
2024-09-20 10:51:17.047000,425.70382532297975,996
2024-09-20 10:51:17.060000,425.70862484290143,12
2024-09-20 10:51:17.291000,425.71592180391,100
2024-09-20 10:51:17.651000,425.7047257343469,95
2024-09-20 10:51:18.031000,425.6392194589914,13
2024-09-20 10:51:18.168000,425.70224939121255,6
2024-09-20 10:51:18.200000,425.64504513969786,97
2024-09-20 10:51:18.200000,425.7014625774825,996
2024-09-20 10:51:18.245000,425.6308587448159,6
2024-09-20 10:51:18.307000,425.65224089934696,95
2024-09-20 10:51:18.348000,425.7291740469812,997
2024-09-20 10:51:18.349000,425.7154907650275,1005
2024-09-20 10:51:18.354000,425.70720232264864,6
2024-09-20 10:51:18.440000,425.6635334399354,100
2024-09-20 10:51:18.493000,425.6560257099418,10
2024-09-20 10:51:18.510000,425.640209431606,995
2024-09-20 10:51:18.520000,425.6354571448204,8
2024-09-20 10:51:18.673000,425.66577739268894,996
2024-09-20 10:51:18.716000,425.6607229949151,5
2024-09-20 10:51:18.727000,425.6550774344803,14
2024-09-20 10:51:18.730000,425.66456795332255,1003
2024-09-20 10:51:18.757000,425.6741983316702,6
2024-09-20 10:51:18.814000,425.7068523086309,97
2024-09-20 10:51:18.824000,425.6620567361728,10
2024-09-20 10:51:18.884000,425.636197660684,11
2024-09-20 10:51:18.892000,425.6627550687784,98
2024-09-20 10:51:18.907000,425.6932826849773,1000
2024-09-20 10:51:18.922000,425.6349295066102,102
2024-09-20 10:51:18.938000,425.65387985717706,15
2024-09-20 10:51:18.983000,425.6984654117082,5
2024-09-20 10:51:19.278000,425.6391390873227,101
2024-09-20 10:51:19.306000,425.6475083678548,105
2024-09-20 10:51:19.836000,425.63000996752345,1005
2024-09-20 10:51:20.009000,425.717797295897,98
2024-09-20 10:51:20.017000,425.703711557872,105
2024-09-20 10:51:20.031000,425.7088029497045,97
2024-09-20 10:51:20.034000,425.7053981012489,1003
2024-09-20 10:51:20.037000,425.7213959768233,997
2024-09-20 10:51:20.072000,425.7420174171626,1002
2024-09-20 10:51:20.147000,425.6640316887458,6
2024-09-20 10:51:20.161000,425.7374752982814,96
2024-09-20 10:51:20.171000,425.7460932061912,97
2024-09-20 10:51:20.226000,425.7314724884512,96
2024-09-20 10:51:20.308000,425.6599866058389,95
2024-09-20 10:51:20.394000,425.7033338055795,1004
2024-09-20 10:51:20.586000,425.7441208211546,101
2024-09-20 10:51:20.676000,425.7079431717737,105
2024-09-20 10:51:20.741000,425.7066962291017,6
2024-09-20 10:51:20.821000,425.7257182485707,97
2024-09-20 10:51:20.961000,425.73847801673895,95
2024-09-20 10:51:20.964000,425.7219568806125,995
2024-09-20 10:51:21.016000,425.7641742224035,97
2024-09-20 10:51:21.750000,425.7428667065674,97
2024-09-20 10:51:21.983000,425.745269245905,6
2024-09-20 10:51:23.028000,425.7623024717232,13
2024-09-20 10:51:23.060000,425.7465173940728,1003
2024-09-20 10:51:23.066000,425.7693006047692,97
2024-09-20 10:51:23.158000,425.7607417187195,103
2024-09-20 10:51:23.174000,425.7519726473888,10
2024-09-20 10:51:23.396000,425.7365045787694,99
2024-09-20 10:51:23.509000,425.7478260973642,13
2024-09-20 10:51:23.540000,425.757117897823,96
2024-09-20 10:51:23.643000,425.7629568727661,1001
2024-09-20 10:51:23.861000,425.7544294634402,14
2024-09-20 10:51:23.873000,425.7651401018807,97
2024-09-20 10:51:23.962000,425.7445425652574,11
2024-09-20 10:51:23.966000,425.7594446546881,999
2024-09-20 10:51:23.999000,425.7440457427989,5
2024-09-20 10:51:24.039000,425.77905884523136,1005
2024-09-20 10:51:24.112000,425.7846762798574,15
2024-09-20 10:51:24.232000,425.7451284643359,11
2024-09-20 10:51:24.269000,425.7456775591291,6
2024-09-20 10:51:24.368000,425.78355199089526,96
2024-09-20 10:51:24.446000,425.7699085742658,104
2024-09-20 10:51:24.522000,425.7701075568517,995
2024-09-20 10:51:24.640000,425.7579580703819,103
2024-09-20 10:51:24.700000,425.7451158461052,1001
2024-09-20 10:51:24.907000,425.784537059797,100
2024-09-20 10:51:24.946000,425.7587681296202,5
2024-09-20 10:51:24.969000,425.7803024968949,1001
2024-09-20 10:51:25.007000,425.6324705685152,12
2024-09-20 10:51:25.051000,425.6051438106045,105
2024-09-20 10:51:25.056000,425.5547822145529,7
2024-09-20 10:51:25.108000,425.6080964053252,11
2024-09-20 10:51:25.175000,425.6228958336264,11
2024-09-20 10:51:25.315000,425.703211701767,105
2024-09-20 10:51:25.334000,425.6776974070145,1004
2024-09-20 10:51:25.353000,425.7267758167925,15
2024-09-20 10:51:25.420000,425.6897197390314,96
2024-09-20 10:51:25.432000,425.6588870565097,96
2024-09-20 10:51:25.483000,425.7212122847346,995
2024-09-20 10:51:25.493000,425.6162893127088,100
2024-09-20 10:51:25.519000,425.6096391354648,999
2024-09-20 10:51:25.524000,425.6214526641364,11
2024-09-20 10:51:25.579000,425.5994729435941,9
2024-09-20 10:51:25.589000,425.5484101917658,999
2024-09-20 10:51:25.592000,425.6403840222968,8
2024-09-20 10:51:25.605000,425.6974345611115,14
2024-09-20 10:51:25.619000,425.6785021708616,15
2024-09-20 10:51:25.623000,425.6223705185427,998
2024-09-20 10:51:25.679000,425.5794358847855,101
2024-09-20 10:51:25.717000,425.5908375933245,995
2024-09-20 10:51:25.737000,425.5665804120675,15
2024-09-20 10:51:25.760000,425.5863610066282,100
2024-09-20 10:51:25.901000,425.6129657958381,96
2024-09-20 10:51:25.941000,425.6856688094604,999
2024-09-20 10:51:25.961000,425.6145239324953,98
2024-09-20 10:51:25.978000,425.6371156528227,995
2024-09-20 10:51:25.990000,425.6198758669316,13
2024-09-20 10:51:26.083000,425.6286437072701,12
2024-09-20 10:51:26.086000,425.6583330178772,96
2024-09-20 10:51:26.093000,425.6626588516662,12
2024-09-20 10:51:26.117000,425.62726448888174,996
2024-09-20 10:51:26.143000,425.61143977602654,11
2024-09-20 10:51:26.143000,425.66194007158,15
2024-09-20 10:51:26.190000,425.6347066182341,997
2024-09-20 10:51:26.232000,425.6345505722524,15
2024-09-20 10:51:26.324000,425.6742482097589,997
2024-09-20 10:51:26.328000,425.6175101541882,15
2024-09-20 10:51:26.465000,425.6580422105176,13
2024-09-20 10:51:26.650000,425.6194746216921,997
2024-09-20 10:51:26.774000,425.6252475735291,1003
2024-09-20 10:51:26.798000,425.6669664666171,97
2024-09-20 10:51:26.807000,425.6269459687504,97
2024-09-20 10:51:26.904000,425.6825574061603,1002
2024-09-20 10:51:27.248000,425.6490799346232,95
2024-09-20 10:51:27.403000,425.64659664759256,998
2024-09-20 10:51:27.422000,425.6557893419021,11
2024-09-20 10:51:27.585000,425.6670874629273,98
2024-09-20 10:51:27.723000,425.6480404759431,12
2024-09-20 10:51:28.016000,425.6324753222801,13
2024-09-20 10:51:28.035000,425.69223104562633,1005
2024-09-20 10:51:28.093000,425.6516164914963,15
2024-09-20 10:51:28.210000,425.6872717254019,998
2024-09-20 10:51:28.213000,425.6525268672089,14
2024-09-20 10:51:28.236000,425.6347864630963,98
2024-09-20 10:51:28.245000,425.68379202474586,1000
2024-09-20 10:51:28.315000,425.66038221893257,105
2024-09-20 10:51:28.410000,425.6782156588877,100
2024-09-20 10:51:28.451000,425.6692792740954,95
2024-09-20 10:51:28.478000,425.6380012990925,14
2024-09-20 10:51:28.490000,425.6491846426924,8
2024-09-20 10:51:28.659000,425.68090700892407,5
2024-09-20 10:51:28.772000,425.64481540698944,1002
2024-09-20 10:51:28.776000,425.68088680690624,997
2024-09-20 10:51:28.778000,425.6437718925868,96
2024-09-20 10:51:28.789000,425.6864055601042,7
2024-09-20 10:51:28.862000,425.6494140983879,15
2024-09-20 10:51:28.876000,425.6672927769445,8
2024-09-20 10:51:28.904000,425.655292922769,996
2024-09-20 10:51:28.913000,425.631228061092,9
2024-09-20 10:51:28.916000,425.6526746379031,5
2024-09-20 10:51:28.961000,425.6446503077497,15
2024-09-20 10:51:29.010000,425.6211327053263,105
2024-09-20 10:51:29.131000,425.6711032939045,14
2024-09-20 10:51:29.186000,425.6403796934573,105
2024-09-20 10:51:29.230000,425.6084881834345,9
2024-09-20 10:51:29.294000,425.6596297692423,97
2024-09-20 10:51:29.456000,425.6654685220639,999
2024-09-20 10:51:29.474000,425.6282465556452,1001
2024-09-20 10:51:29.511000,425.61132811728777,995
2024-09-20 10:51:29.512000,425.5759656901762,14
2024-09-20 10:51:29.547000,425.6349676283552,97
2024-09-20 10:51:29.566000,425.6130026006642,14
2024-09-20 10:51:29.652000,425.5970720102816,103
2024-09-20 10:51:29.676000,425.6318563230262,15
2024-09-20 10:51:29.832000,425.6287606275913,95
2024-09-20 10:51:29.854000,425.6988239271769,100
2024-09-20 10:51:29.860000,425.5925664357574,9
2024-09-20 10:51:29.867000,425.624693543145,104
2024-09-20 10:51:29.877000,425.69243669256815,1000
2024-09-20 10:51:29.940000,425.6376202167448,99
2024-09-20 10:51:29.975000,425.6248548314906,1002
2024-09-20 10:51:29.985000,425.6531535053995,997
2024-09-20 10:51:30.084000,425.6590803888806,1005
2024-09-20 10:51:30.090000,425.6480597398137,6
2024-09-20 10:51:30.100000,425.6157963393311,100
2024-09-20 10:51:30.158000,425.64061466374966,9
2024-09-20 10:51:30.185000,425.6293007395474,104
2024-09-20 10:51:30.221000,425.6089051444984,14
2024-09-20 10:51:30.221000,425.6488012281111,95
2024-09-20 10:51:30.257000,425.6425797646049,105
2024-09-20 10:51:30.315000,425.65626988237153,103
2024-09-20 10:51:30.387000,425.6287346108574,105
2024-09-20 10:51:30.407000,425.6685183163326,103
2024-09-20 10:51:30.430000,425.6179005654959,8
2024-09-20 10:51:30.479000,425.66104730396944,105
2024-09-20 10:51:30.490000,425.6239373561265,9
2024-09-20 10:51:30.540000,425.66404724530753,104
2024-09-20 10:51:30.752000,425.6290387138652,1001
2024-09-20 10:51:30.783000,425.6044675880429,12
2024-09-20 10:51:30.839000,425.6262201037785,13
2024-09-20 10:51:30.876000,425.6229521329215,1002
2024-09-20 10:51:31.012000,425.68412675834,99
2024-09-20 10:51:31.140000,425.6733193463149,102
2024-09-20 10:51:31.209000,425.6903075998441,5
2024-09-20 10:51:31.218000,425.65437561144427,7
2024-09-20 10:51:31.415000,425.67244710669326,1004
2024-09-20 10:51:31.473000,425.6875304612643,98
2024-09-20 10:51:31.784000,425.6937348491121,1005
2024-09-20 10:51:31.817000,425.6879593554289,1002
2024-09-20 10:51:31.833000,425.66467807543154,103
2024-09-20 10:51:31.865000,425.6949841308601,1004
2024-09-20 10:51:31.917000,425.625071133832,1003
2024-09-20 10:51:31.983000,425.66039136017815,96
2024-09-20 10:51:32.115000,425.6520804967519,6
2024-09-20 10:51:32.185000,425.6692218582683,1005
2024-09-20 10:51:32.256000,425.6590117414257,98
2024-09-20 10:51:32.292000,425.65847670662174,999
2024-09-20 10:51:32.321000,425.6507859307159,9
2024-09-20 10:51:32.322000,425.662410593705,104
2024-09-20 10:51:32.327000,425.6590480432334,8
2024-09-20 10:51:32.340000,425.6229316625156,13
2024-09-20 10:51:32.359000,425.6418354289484,96
2024-09-20 10:51:32.410000,425.6774180702197,5
2024-09-20 10:51:32.532000,425.66831970926097,12
2024-09-20 10:51:32.596000,425.6637667279047,1004
2024-09-20 10:51:32.662000,425.6429905753819,12
2024-09-20 10:51:32.729000,425.6681879117661,100
2024-09-20 10:51:32.734000,425.6744569796351,14
2024-09-20 10:51:32.740000,425.6591183028426,99
2024-09-20 10:51:32.742000,425.65561843085857,12
2024-09-20 10:51:32.789000,425.6558595342528,1003
2024-09-20 10:51:32.862000,425.6523003451257,100
2024-09-20 10:51:32.971000,425.66860989086416,105
2024-09-20 10:51:33.057000,425.6584764067624,102
2024-09-20 10:51:33.193000,425.6935621231596,105
2024-09-20 10:51:33.230000,425.6790604285816,1002
2024-09-20 10:51:33.268000,425.6510540146834,5
2024-09-20 10:51:33.269000,425.68198220130535,14
2024-09-20 10:51:33.286000,425.6706067970635,995
2024-09-20 10:51:33.390000,425.65342424230687,14
2024-09-20 10:51:33.392000,425.70335044177966,997
2024-09-20 10:51:33.478000,425.6574915967457,98
2024-09-20 10:51:33.508000,425.6557377671076,10
2024-09-20 10:51:33.557000,425.6567598142458,10
2024-09-20 10:51:33.660000,425.7033176271381,997
2024-09-20 10:51:33.695000,425.6581526276999,96
2024-09-20 10:51:33.723000,425.6783827969427,1003
2024-09-20 10:51:33.777000,425.6742846921282,996
2024-09-20 10:51:33.855000,425.652544588268,103
2024-09-20 10:51:33.856000,425.65872795296775,7
2024-09-20 10:51:33.857000,425.6864960325093,98
2024-09-20 10:51:33.873000,425.69564512338513,1003
2024-09-20 10:51:33.890000,425.68616941747393,100
2024-09-20 10:51:33.891000,425.6791540293093,103
2024-09-20 10:51:33.929000,425.7030439241244,996
2024-09-20 10:51:33.937000,425.65451418021655,995
2024-09-20 10:51:34.034000,425.7494757311152,99
2024-09-20 10:51:34.052000,425.72225519531696,105
2024-09-20 10:51:34.091000,425.7528665989773,998
2024-09-20 10:51:34.112000,425.80641414032897,14
2024-09-20 10:51:34.143000,425.7392995964044,998
2024-09-20 10:51:34.212000,425.7346363879388,11
2024-09-20 10:51:34.229000,425.75588927499007,1002
2024-09-20 10:51:34.231000,425.73491404071575,12
2024-09-20 10:51:34.233000,425.7738034339513,101
2024-09-20 10:51:34.257000,425.6924873825317,10
2024-09-20 10:51:34.267000,425.7428206461111,1005
2024-09-20 10:51:34.350000,425.747137153985,1001
2024-09-20 10:51:34.381000,425.7567249848959,1002
2024-09-20 10:51:34.428000,425.803249903142,1005
2024-09-20 10:51:34.436000,425.7252777908243,96
2024-09-20 10:51:34.494000,425.7200438311608,98
2024-09-20 10:51:34.514000,425.7158735408291,104
2024-09-20 10:51:34.554000,425.71334427287087,997
2024-09-20 10:51:34.675000,425.8048360363482,96
2024-09-20 10:51:34.733000,425.6858445627582,97
2024-09-20 10:51:34.741000,425.7816330797092,105
2024-09-20 10:51:34.760000,425.81446761789954,6
2024-09-20 10:51:34.800000,425.732981913682,95
2024-09-20 10:51:34.807000,425.6956427479891,6
2024-09-20 10:51:34.856000,425.7859545950397,105
2024-09-20 10:51:34.879000,425.7396195328189,100
2024-09-20 10:51:34.929000,425.73914363899183,8
2024-09-20 10:51:34.950000,425.76374940726777,1004
2024-09-20 10:51:34.983000,425.8095157245965,99
2024-09-20 10:51:35.047000,425.8353185448621,12
2024-09-20 10:51:35.118000,425.827945016705,10
2024-09-20 10:51:35.119000,425.8172040211692,1004
2024-09-20 10:51:35.152000,425.782475654462,999
2024-09-20 10:51:35.158000,425.8235800981533,98
2024-09-20 10:51:35.161000,425.8453979329216,1002
2024-09-20 10:51:35.180000,425.8260052428966,995
2024-09-20 10:51:35.189000,425.8296250943012,100
2024-09-20 10:51:35.261000,425.8329011507028,95
2024-09-20 10:51:35.284000,425.83444129557387,98
2024-09-20 10:51:35.303000,425.7840010676552,10
2024-09-20 10:51:35.449000,425.7992960360577,98
2024-09-20 10:51:35.483000,425.851754087403,95
2024-09-20 10:51:35.534000,425.77014325949176,13
2024-09-20 10:51:35.536000,425.7935083862218,7
2024-09-20 10:51:35.554000,425.8106242909318,12
2024-09-20 10:51:35.830000,425.8541774261345,104
2024-09-20 10:51:35.838000,425.8149945300592,11
2024-09-20 10:51:35.858000,425.77553956166616,15
2024-09-20 10:51:35.957000,425.79552834090737,995
2024-09-20 10:51:35.975000,425.8370144481774,12
2024-09-20 10:51:36.093000,425.8132086251261,1002
2024-09-20 10:51:36.094000,425.7412613886687,99
2024-09-20 10:51:36.124000,425.76857832328665,96
2024-09-20 10:51:36.155000,425.7669021386944,1003
2024-09-20 10:51:36.179000,425.7816523436911,6
2024-09-20 10:51:36.215000,425.7443771360006,99
2024-09-20 10:51:36.233000,425.7488348987406,103
2024-09-20 10:51:36.292000,425.7529049796185,8
2024-09-20 10:51:36.292000,425.7561886153057,995
2024-09-20 10:51:36.417000,425.7717839134161,1002
2024-09-20 10:51:36.434000,425.7747974701809,100
2024-09-20 10:51:36.483000,425.7684615464735,101
2024-09-20 10:51:36.486000,425.77838547932106,98
2024-09-20 10:51:36.487000,425.77483775626087,1002
2024-09-20 10:51:36.524000,425.7658154858849,996
2024-09-20 10:51:36.572000,425.74281436509546,97
2024-09-20 10:51:36.631000,425.758779738627,103
2024-09-20 10:51:36.710000,425.7823246657502,13
2024-09-20 10:51:36.767000,425.7515528604297,1001
2024-09-20 10:51:36.824000,425.765945535154,6
2024-09-20 10:51:36.839000,425.8046568389193,1005
2024-09-20 10:51:36.850000,425.7609505020175,6
2024-09-20 10:51:37.027000,425.7341619410234,7
2024-09-20 10:51:37.058000,425.7791288450792,1005
2024-09-20 10:51:37.122000,425.7718142952921,14
2024-09-20 10:51:37.144000,425.7166141191901,1002
2024-09-20 10:51:37.147000,425.72001628893474,7
2024-09-20 10:51:37.227000,425.7661852627732,15
2024-09-20 10:51:37.291000,425.7740202368073,97
2024-09-20 10:51:37.370000,425.7687573891261,13
2024-09-20 10:51:37.441000,425.7554136670878,1004
2024-09-20 10:51:37.487000,425.7637286737344,6
2024-09-20 10:51:37.558000,425.736584482408,13
2024-09-20 10:51:37.559000,425.78749018438,1002
2024-09-20 10:51:37.613000,425.7505051650473,1004
2024-09-20 10:51:37.655000,425.7439362634671,10
2024-09-20 10:51:37.697000,425.7446177481033,10
2024-09-20 10:51:37.713000,425.76013132354257,1002
2024-09-20 10:51:37.720000,425.763001620449,999
2024-09-20 10:51:37.736000,425.75233974592,100
2024-09-20 10:51:37.757000,425.7363411732481,97
2024-09-20 10:51:37.937000,425.7981977962313,13
2024-09-20 10:51:37.973000,425.7523856945498,96
2024-09-20 10:51:38.011000,425.80743908532753,1001
2024-09-20 10:51:38.060000,425.7490668093755,997
2024-09-20 10:51:38.066000,425.81726304697673,14
2024-09-20 10:51:38.102000,425.7756835332354,995
2024-09-20 10:51:38.115000,425.8003607940747,99
2024-09-20 10:51:38.160000,425.8105855371971,13
2024-09-20 10:51:38.168000,425.8037017740156,1001
2024-09-20 10:51:38.244000,425.74489343881953,97
2024-09-20 10:51:38.279000,425.7560268753662,1001
2024-09-20 10:51:38.347000,425.7642010275701,96
2024-09-20 10:51:38.372000,425.7563030713544,97
2024-09-20 10:51:38.386000,425.76734564468586,95
2024-09-20 10:51:38.389000,425.7796142030722,10
2024-09-20 10:51:38.406000,425.74317790241736,98
2024-09-20 10:51:38.449000,425.8157799062327,6
2024-09-20 10:51:38.490000,425.7681831356831,12
2024-09-20 10:51:38.543000,425.76603913720055,12
2024-09-20 10:51:38.606000,425.7976591779952,995
2024-09-20 10:51:38.609000,425.7765487186087,99
2024-09-20 10:51:38.636000,425.7534662102455,96
2024-09-20 10:51:38.724000,425.7565863825927,6
2024-09-20 10:51:38.755000,425.8048735546709,7
2024-09-20 10:51:38.771000,425.763783240526,104
2024-09-20 10:51:38.816000,425.75737942181297,14
2024-09-20 10:51:38.839000,425.7905634855598,1001
2024-09-20 10:51:38.874000,425.7564738828555,105
2024-09-20 10:51:38.933000,425.8241701435754,9
2024-09-20 10:51:39,425.7839381934884,1002
2024-09-20 10:51:39.006000,425.72757939191257,99
2024-09-20 10:51:39.072000,425.79133920624224,105
2024-09-20 10:51:39.105000,425.7522559430646,8
2024-09-20 10:51:39.116000,425.81232378650304,997
2024-09-20 10:51:39.137000,425.7991699630923,13
2024-09-20 10:51:39.309000,425.7341054380111,102
2024-09-20 10:51:39.325000,425.7683352795098,100
2024-09-20 10:51:39.370000,425.80978663999593,105
2024-09-20 10:51:39.525000,425.77903170343245,995
2024-09-20 10:51:39.626000,425.7802836453373,997
2024-09-20 10:51:39.682000,425.7953470456296,995
2024-09-20 10:51:39.738000,425.74316478201297,1003
2024-09-20 10:51:39.755000,425.8155014480299,998
2024-09-20 10:51:39.765000,425.8044928755664,1001
2024-09-20 10:51:39.818000,425.7257930603653,99
2024-09-20 10:51:39.820000,425.7676244002633,15
2024-09-20 10:51:39.824000,425.7593416919948,999
2024-09-20 10:51:39.846000,425.7880073528245,1005
2024-09-20 10:51:39.893000,425.73983161590553,11
2024-09-20 10:51:39.902000,425.73674398496144,12
2024-09-20 10:51:39.977000,425.7950322888559,97
2024-09-20 10:51:40.013000,425.7453436445956,14
2024-09-20 10:51:40.243000,425.7932063849573,6
2024-09-20 10:51:40.359000,425.74710143879577,1000
2024-09-20 10:51:40.493000,425.7694085556779,101
2024-09-20 10:51:40.517000,425.7186433605904,1005
2024-09-20 10:51:40.543000,425.7805153573467,8
2024-09-20 10:51:40.573000,425.78431206260416,7
2024-09-20 10:51:40.638000,425.78157328952966,13
2024-09-20 10:51:40.793000,425.766722508948,998
2024-09-20 10:51:40.904000,425.69519220879823,6
2024-09-20 10:51:41.023000,425.7056057935272,14
2024-09-20 10:51:41.074000,425.7312265210162,98
2024-09-20 10:51:41.203000,425.74391338466256,1004
2024-09-20 10:51:41.250000,425.74628850393054,9
2024-09-20 10:51:41.302000,425.7265855813333,6
2024-09-20 10:51:41.382000,425.6999850543247,1003
2024-09-20 10:51:41.654000,425.7191876973145,97
2024-09-20 10:51:41.858000,425.7033587597543,97
2024-09-20 10:51:41.927000,425.6998677497237,5
2024-09-20 10:51:42.006000,425.7712474610784,12
2024-09-20 10:51:42.223000,425.7346474950985,11
2024-09-20 10:51:42.294000,425.7193718552592,12
2024-09-20 10:51:42.472000,425.80787383985154,98
2024-09-20 10:51:42.549000,425.7782102876053,8
2024-09-20 10:51:42.553000,425.7770108113198,5
2024-09-20 10:51:42.589000,425.7997581185612,98
2024-09-20 10:51:42.594000,425.76106668506907,1000
2024-09-20 10:51:42.631000,425.7578800554012,14
2024-09-20 10:51:42.666000,425.7747242232001,8
2024-09-20 10:51:42.718000,425.756500229602,7
2024-09-20 10:51:42.791000,425.77943260354766,1000
2024-09-20 10:51:42.852000,425.7515170267644,7
2024-09-20 10:51:42.867000,425.7660701662896,11
2024-09-20 10:51:42.905000,425.7776159364811,13
2024-09-20 10:51:42.928000,425.7452161058248,9
2024-09-20 10:51:42.935000,425.7884745669599,102
2024-09-20 10:51:42.937000,425.7856010268007,997
2024-09-20 10:51:42.998000,425.7695153620717,101
2024-09-20 10:51:43,425.75721599312726,12
2024-09-20 10:51:43.031000,425.6930988854604,1002
2024-09-20 10:51:43.370000,425.7231172182954,97
2024-09-20 10:51:43.454000,425.7216643637981,97
2024-09-20 10:51:43.697000,425.7316233399303,11
2024-09-20 10:51:43.752000,425.7370879258229,101
2024-09-20 10:51:43.902000,425.7506744686466,104
2024-09-20 10:51:43.950000,425.7148565324748,99
2024-09-20 10:51:43.952000,425.7096139858796,103
2024-09-20 10:51:44.907000,425.7139026301333,104
2024-09-20 10:51:45.086000,425.7200416727517,10
2024-09-20 10:51:45.126000,425.7269722657553,8
2024-09-20 10:51:45.142000,425.73818036755176,11
2024-09-20 10:51:45.180000,425.7284718932178,1005
2024-09-20 10:51:45.276000,425.6986463237211,103
2024-09-20 10:51:45.399000,425.7172850922371,1003
2024-09-20 10:51:45.698000,425.7527562811808,15
2024-09-20 10:51:45.739000,425.7242440577524,103
2024-09-20 10:51:45.849000,425.7671331390864,103
2024-09-20 10:51:45.874000,425.7519063698276,5
2024-09-20 10:51:45.915000,425.73227737559296,999
2024-09-20 10:51:45.971000,425.73913195719297,998
2024-09-20 10:51:45.989000,425.7079471132318,15
2024-09-20 10:51:46.023000,425.63861528433256,95
2024-09-20 10:51:46.063000,425.62561624162953,9
2024-09-20 10:51:46.088000,425.68517215006057,9
2024-09-20 10:51:46.126000,425.6314745208353,96
2024-09-20 10:51:46.137000,425.6583831477969,12
2024-09-20 10:51:46.162000,425.6267727607798,15
2024-09-20 10:51:46.240000,425.6375692819195,996
2024-09-20 10:51:46.282000,425.622170683079,7
2024-09-20 10:51:46.296000,425.6711841831746,995
2024-09-20 10:51:46.339000,425.6077455620655,9
2024-09-20 10:51:46.672000,425.6609855380418,15
2024-09-20 10:51:46.765000,425.6689187188493,98
2024-09-20 10:51:46.789000,425.65101174708514,103
2024-09-20 10:51:46.887000,425.62668695389374,998
2024-09-20 10:51:46.929000,425.7082050186193,105
2024-09-20 10:51:46.963000,425.6713504979633,96
2024-09-20 10:51:47.042000,425.5645550601259,99
2024-09-20 10:51:47.111000,425.5538205078965,9
2024-09-20 10:51:47.121000,425.64013944653175,102
2024-09-20 10:51:47.125000,425.6203549478428,1002
2024-09-20 10:51:47.140000,425.5902867194689,12
2024-09-20 10:51:47.154000,425.56712890791385,1000
2024-09-20 10:51:47.221000,425.565297688616,999
2024-09-20 10:51:47.281000,425.5658634372747,14
2024-09-20 10:51:47.296000,425.57847889854713,100
2024-09-20 10:51:47.309000,425.60476052573017,100
2024-09-20 10:51:47.335000,425.55121137358697,1002
2024-09-20 10:51:47.387000,425.5232879564787,996
2024-09-20 10:51:47.396000,425.54065331084297,97
2024-09-20 10:51:47.405000,425.602540409554,104
2024-09-20 10:51:47.433000,425.63186559905375,999
2024-09-20 10:51:47.433000,425.6310849671453,100
2024-09-20 10:51:47.440000,425.55718153625935,5
2024-09-20 10:51:47.492000,425.55562949993055,7
2024-09-20 10:51:47.593000,425.630685189977,995
2024-09-20 10:51:47.636000,425.5415918170457,103
2024-09-20 10:51:47.640000,425.5911206343015,996
2024-09-20 10:51:47.675000,425.63672189962296,98
2024-09-20 10:51:47.753000,425.5501155458481,100
2024-09-20 10:51:47.794000,425.5641338464493,997
2024-09-20 10:51:47.810000,425.5411979581588,8
2024-09-20 10:51:47.853000,425.5606999297993,11
2024-09-20 10:51:47.905000,425.5774526074117,95
2024-09-20 10:51:47.906000,425.5302590055157,997
2024-09-20 10:51:47.945000,425.53747902450095,1001
2024-09-20 10:51:48.165000,425.4395396364922,104
2024-09-20 10:51:48.289000,425.4400355518658,103
2024-09-20 10:51:48.311000,425.5092180512024,7
2024-09-20 10:51:48.336000,425.4422566924639,995
2024-09-20 10:51:48.349000,425.4295213887369,1003
2024-09-20 10:51:48.350000,425.4046953035574,999
2024-09-20 10:51:48.390000,425.45131966085967,9
2024-09-20 10:51:48.501000,425.4311114531188,10
2024-09-20 10:51:48.573000,425.4672696327119,101
2024-09-20 10:51:48.601000,425.4385790749475,98
2024-09-20 10:51:48.605000,425.5260293540141,95
2024-09-20 10:51:48.667000,425.4115731466392,10
2024-09-20 10:51:48.691000,425.48727582159546,104
2024-09-20 10:51:48.701000,425.437638243547,11
2024-09-20 10:51:48.720000,425.5017197966261,996
2024-09-20 10:51:48.773000,425.4450983688839,10
2024-09-20 10:51:48.831000,425.511828489447,998
2024-09-20 10:51:48.833000,425.4313305971687,1002
2024-09-20 10:51:48.840000,425.5056187565058,11
2024-09-20 10:51:48.972000,425.4666855238338,1001
2024-09-20 10:51:49.051000,425.3733252514656,101
2024-09-20 10:51:49.066000,425.3448050628941,995
2024-09-20 10:51:49.071000,425.3070116380372,96
2024-09-20 10:51:49.101000,425.37675668284896,13
2024-09-20 10:51:49.137000,425.37257043389616,97
2024-09-20 10:51:49.150000,425.3835097640454,98
2024-09-20 10:51:49.181000,425.32527811797377,98
2024-09-20 10:51:49.195000,425.3590066405624,102
2024-09-20 10:51:49.340000,425.3453357959879,995
2024-09-20 10:51:49.391000,425.336738456046,104
2024-09-20 10:51:49.443000,425.3579976911334,1005
2024-09-20 10:51:49.445000,425.34553608699,999
2024-09-20 10:51:49.485000,425.3652695303783,10
2024-09-20 10:51:49.565000,425.3986207571161,1000
2024-09-20 10:51:49.649000,425.3772000516881,99
2024-09-20 10:51:49.653000,425.38839169800855,1003
2024-09-20 10:51:49.666000,425.352736730965,995
2024-09-20 10:51:49.678000,425.3330861063801,7
2024-09-20 10:51:49.699000,425.3164501525965,6
2024-09-20 10:51:49.716000,425.34041771334086,101
2024-09-20 10:51:49.720000,425.3632031848129,996
2024-09-20 10:51:49.754000,425.37747656773786,11
2024-09-20 10:51:49.852000,425.32254659591246,102
2024-09-20 10:51:49.887000,425.3564878299616,996
2024-09-20 10:51:49.892000,425.3158102748906,1004
2024-09-20 10:51:49.897000,425.3654007307954,9
2024-09-20 10:51:49.908000,425.3712228513122,95
2024-09-20 10:51:49.928000,425.37332277613103,11
2024-09-20 10:51:49.950000,425.3399395532216,1005
2024-09-20 10:51:49.966000,425.3839384740801,14
2024-09-20 10:51:50.352000,425.3761822561775,98
2024-09-20 10:51:50.699000,425.3748299743912,105
2024-09-20 10:51:50.784000,425.3783818647444,996
2024-09-20 10:51:51.065000,425.3789415943592,95
2024-09-20 10:51:51.099000,425.3979396987386,1003
2024-09-20 10:51:51.248000,425.36796744878353,12
2024-09-20 10:51:51.335000,425.4226986655144,1005
2024-09-20 10:51:51.425000,425.3774898041039,13
2024-09-20 10:51:51.458000,425.3959352431472,8
2024-09-20 10:51:51.512000,425.3994376705624,95
2024-09-20 10:51:51.569000,425.3925105772741,98
2024-09-20 10:51:51.600000,425.3638364628972,14
2024-09-20 10:51:51.628000,425.4007193243678,99
2024-09-20 10:51:51.700000,425.4224549724394,996
2024-09-20 10:51:51.736000,425.3754976088491,14
2024-09-20 10:51:51.756000,425.3634952581481,12
2024-09-20 10:51:51.773000,425.38307459308976,995
2024-09-20 10:51:51.780000,425.37368349049376,1005
2024-09-20 10:51:51.820000,425.3809025581559,95
2024-09-20 10:51:51.898000,425.3901981864626,7
2024-09-20 10:51:51.926000,425.4100075362039,104
2024-09-20 10:51:51.967000,425.3753012150685,10
2024-09-20 10:51:52.027000,425.4119652968384,999
2024-09-20 10:51:52.098000,425.3801247239805,998
2024-09-20 10:51:52.167000,425.3766032665504,999
2024-09-20 10:51:52.223000,425.3893674049343,7
2024-09-20 10:51:52.389000,425.3754766779061,11
2024-09-20 10:51:52.448000,425.4181530994664,103
2024-09-20 10:51:52.505000,425.3727588812784,996
2024-09-20 10:51:52.506000,425.3802824263566,100
2024-09-20 10:51:52.640000,425.384668378599,5
2024-09-20 10:51:52.765000,425.367351669383,96
2024-09-20 10:51:52.810000,425.3875719701434,11
2024-09-20 10:51:52.979000,425.3775110862096,96
2024-09-20 10:51:55.047000,425.431193842615,10
2024-09-20 10:51:55.058000,425.32023171182345,1001
2024-09-20 10:51:55.071000,425.4073232643119,997
2024-09-20 10:51:55.114000,425.3102410304604,1001
2024-09-20 10:51:55.154000,425.3133515266381,1003
2024-09-20 10:51:55.243000,425.3181923221193,8
2024-09-20 10:51:55.353000,425.3068793631726,6
2024-09-20 10:51:55.392000,425.345967205412,102
2024-09-20 10:51:55.408000,425.30613767034737,13
2024-09-20 10:51:55.538000,425.3832651592186,105
2024-09-20 10:51:55.542000,425.3734553825684,13
2024-09-20 10:51:55.622000,425.361217990046,15
2024-09-20 10:51:55.631000,425.3199264256696,15
2024-09-20 10:51:55.671000,425.4130234566838,102
2024-09-20 10:51:55.674000,425.3213866198994,1003
2024-09-20 10:51:55.691000,425.3222902214602,10
2024-09-20 10:51:55.699000,425.41057787275815,15
2024-09-20 10:51:55.715000,425.3984713015896,995
2024-09-20 10:51:55.769000,425.330503418167,999
2024-09-20 10:51:55.838000,425.3079005063983,5
2024-09-20 10:51:55.862000,425.3078283157136,1005
2024-09-20 10:51:55.878000,425.3145490244348,15
2024-09-20 10:51:55.907000,425.4116172623706,102
2024-09-20 10:51:55.912000,425.3005222720331,10
2024-09-20 10:51:55.960000,425.3557546009186,996
2024-09-20 10:51:55.972000,425.3421938169755,15
2024-09-20 10:51:56.026000,425.287399456292,996
2024-09-20 10:51:56.137000,425.27453757486535,7
2024-09-20 10:51:56.202000,425.27625977198056,1004
2024-09-20 10:51:56.289000,425.325593879617,96
2024-09-20 10:51:56.318000,425.2934769491511,12
2024-09-20 10:51:56.322000,425.30734616202295,100
2024-09-20 10:51:56.374000,425.3021435122029,103
2024-09-20 10:51:56.422000,425.2977717134139,9
2024-09-20 10:51:56.477000,425.3173981017586,1000
2024-09-20 10:51:56.521000,425.2806475759277,1004
2024-09-20 10:51:56.565000,425.3166575110528,1004
2024-09-20 10:51:56.598000,425.3021884834552,997
2024-09-20 10:51:56.693000,425.2894608041222,11
2024-09-20 10:51:56.897000,425.29502040013,11
2024-09-20 10:51:56.982000,425.2929280276449,12
2024-09-20 10:51:56.991000,425.2733536585127,105
2024-09-20 10:51:57.071000,425.2506095437405,1003
2024-09-20 10:51:57.110000,425.2184657128206,12
2024-09-20 10:51:57.114000,425.2432487274481,97
2024-09-20 10:51:57.229000,425.2199663257313,1003
2024-09-20 10:51:57.238000,425.26550300253615,13
2024-09-20 10:51:57.296000,425.2382924140659,998
2024-09-20 10:51:57.315000,425.2215984540923,5
2024-09-20 10:51:57.327000,425.2638848623923,7
2024-09-20 10:51:57.339000,425.229079717356,98
2024-09-20 10:51:57.619000,425.2183010800091,1004
2024-09-20 10:51:57.625000,425.2415862783197,1001
2024-09-20 10:51:57.835000,425.2435545036624,99
2024-09-20 10:51:57.926000,425.230421453816,1005
2024-09-20 10:51:57.992000,425.2336003181029,7
2024-09-20 10:51:58.070000,425.2725588252448,13
2024-09-20 10:51:58.220000,425.2689912799712,10
2024-09-20 10:51:58.396000,425.2855049010061,1001
2024-09-20 10:51:58.456000,425.2568060311243,1002
2024-09-20 10:51:58.729000,425.25705518468817,1004
2024-09-20 10:51:58.732000,425.2643817542231,7
2024-09-20 10:51:58.734000,425.2389789670847,95
2024-09-20 10:51:58.794000,425.2712942139775,14
2024-09-20 10:51:58.867000,425.2559581941628,13
2024-09-20 10:51:58.974000,425.23469921949146,13
2024-09-20 10:51:59.010000,425.36250518646784,105
2024-09-20 10:51:59.037000,425.3143845192429,97
2024-09-20 10:51:59.143000,425.31364789129816,997
2024-09-20 10:51:59.146000,425.305950953069,100
2024-09-20 10:51:59.192000,425.3690500681426,1001
2024-09-20 10:51:59.275000,425.3432264698393,15
2024-09-20 10:51:59.283000,425.3622087106254,11
2024-09-20 10:51:59.298000,425.2957149559567,11
2024-09-20 10:51:59.307000,425.2994318459616,998
2024-09-20 10:51:59.350000,425.3020348165274,9
2024-09-20 10:51:59.366000,425.296604503256,7
2024-09-20 10:51:59.473000,425.3596858708413,1003
2024-09-20 10:51:59.484000,425.2941587026146,999
2024-09-20 10:51:59.524000,425.3221143360668,101
2024-09-20 10:51:59.552000,425.3332755775031,1003
2024-09-20 10:51:59.565000,425.3603423396429,1001
2024-09-20 10:51:59.629000,425.36031524542426,1004
2024-09-20 10:51:59.639000,425.2873933409148,998
2024-09-20 10:51:59.694000,425.385428991657,104
2024-09-20 10:51:59.698000,425.3025086221955,15
2024-09-20 10:51:59.729000,425.2870381354075,96
2024-09-20 10:51:59.790000,425.3737125918236,100
2024-09-20 10:51:59.828000,425.36421226123065,13
2024-09-20 10:51:59.853000,425.3155556374797,6
2024-09-20 10:51:59.868000,425.3487595233476,10
2024-09-20 10:51:59.891000,425.3115084233221,100
2024-09-20 10:51:59.946000,425.3527813945285,13
2024-09-20 10:51:59.998000,425.379281586675,101
