Timestamp,Price,Size
2024-09-20 10:30:00.055000,424.0730185082958,12
2024-09-20 10:30:00.056000,424.1096104011903,101
2024-09-20 10:30:00.060000,424.09756413359526,13
2024-09-20 10:30:00.103000,424.0919213584643,12
2024-09-20 10:30:00.108000,424.0804975915174,96
2024-09-20 10:30:00.232000,424.0822114782432,9
2024-09-20 10:30:00.256000,424.03447614619273,1000
2024-09-20 10:30:00.273000,424.0423916136471,95
2024-09-20 10:30:00.284000,424.0611279671,6
2024-09-20 10:30:00.323000,424.0789871634854,1004
2024-09-20 10:30:00.343000,424.0757847902533,14
2024-09-20 10:30:00.629000,424.1075013009452,15
2024-09-20 10:30:00.696000,424.0380129442374,12
2024-09-20 10:30:00.701000,424.08481503425367,995
2024-09-20 10:30:00.710000,424.084636705058,1002
2024-09-20 10:30:00.712000,424.0258170825653,101
2024-09-20 10:30:00.723000,424.0308347929532,8
2024-09-20 10:30:00.731000,424.10661901218685,1003
2024-09-20 10:30:00.770000,424.0890996573461,104
2024-09-20 10:30:00.934000,424.0748820944574,11
2024-09-20 10:30:00.947000,424.0532056897424,1001
2024-09-20 10:30:00.974000,424.0534648474504,1004
2024-09-20 10:30:01.238000,424.0705606197379,9
2024-09-20 10:30:01.342000,424.03249043182456,14
2024-09-20 10:30:01.694000,424.0651046582704,14
2024-09-20 10:30:01.727000,424.0579392920776,998
2024-09-20 10:30:01.745000,424.0390055300996,7
2024-09-20 10:30:01.843000,424.0251263647307,1005
2024-09-20 10:30:02.358000,424.0673209643012,999
2024-09-20 10:30:02.717000,424.068585122269,12
2024-09-20 10:30:02.720000,424.0651446721023,14
2024-09-20 10:30:04.088000,424.06659884349045,999
2024-09-20 10:30:04.105000,424.0243659918392,96
2024-09-20 10:30:04.223000,424.0700043190846,100
2024-09-20 10:30:04.225000,424.0732373112516,99
2024-09-20 10:30:04.422000,424.0526867888535,1005
2024-09-20 10:30:04.538000,424.0493316028473,97
2024-09-20 10:30:04.558000,424.0620301729448,1001
2024-09-20 10:30:04.612000,424.0493689128769,998
2024-09-20 10:30:05.090000,424.05017445401904,15
2024-09-20 10:30:05.483000,424.0606313567324,103
2024-09-20 10:30:05.573000,424.042715999493,999
2024-09-20 10:30:05.639000,424.04783640166494,15
2024-09-20 10:30:05.712000,424.0492248019982,15
2024-09-20 10:30:05.902000,424.049029409876,5
2024-09-20 10:30:06.017000,423.9527903351092,9
2024-09-20 10:30:06.033000,423.9549230494419,97
2024-09-20 10:30:06.156000,423.93442440639313,1005
2024-09-20 10:30:06.171000,424.025985042651,96
2024-09-20 10:30:06.183000,423.9643899940906,1005
2024-09-20 10:30:06.255000,423.9912686543112,6
2024-09-20 10:30:06.256000,423.96324243924073,95
2024-09-20 10:30:06.345000,424.0414066494821,14
2024-09-20 10:30:06.527000,423.9650027902636,96
2024-09-20 10:30:06.586000,423.9675071635112,15
2024-09-20 10:30:06.694000,423.968799224111,100
2024-09-20 10:30:06.723000,423.9400933636204,96
2024-09-20 10:30:06.741000,423.9522127967466,15
2024-09-20 10:30:06.759000,424.0248218618101,996
2024-09-20 10:30:06.794000,423.93153388396473,10
2024-09-20 10:30:06.839000,423.9592056260088,98
2024-09-20 10:30:06.854000,424.01036706225096,99
2024-09-20 10:30:06.906000,423.972472943075,995
2024-09-20 10:30:06.926000,423.9765162580529,105
2024-09-20 10:30:06.938000,424.0138657158009,101
2024-09-20 10:30:06.989000,423.9360152913621,1005
2024-09-20 10:30:07.014000,424.00338741588206,6
2024-09-20 10:30:07.051000,424.0118934567881,996
2024-09-20 10:30:07.924000,424.01230889797904,1005
2024-09-20 10:30:07.963000,423.9839254345675,102
2024-09-20 10:30:08.105000,423.9432618195878,99
2024-09-20 10:30:08.121000,423.8538715188725,99
2024-09-20 10:30:08.171000,423.9378966786923,99
2024-09-20 10:30:08.193000,423.8838247225708,104
2024-09-20 10:30:08.291000,423.8436871292523,11
2024-09-20 10:30:08.342000,423.9014791185268,102
2024-09-20 10:30:08.346000,423.97108686632,1004
2024-09-20 10:30:08.381000,423.96224984397605,95
2024-09-20 10:30:08.450000,423.8480854487389,97
2024-09-20 10:30:08.574000,423.9297369393988,998
2024-09-20 10:30:08.672000,423.91040034286107,1000
2024-09-20 10:30:08.692000,423.9206166977264,15
2024-09-20 10:30:08.693000,423.9264723138268,100
2024-09-20 10:30:08.760000,423.8684678578233,1001
2024-09-20 10:30:08.796000,423.8577169728655,6
2024-09-20 10:30:08.811000,423.8872013691248,14
2024-09-20 10:30:08.811000,423.85971928190247,102
2024-09-20 10:30:08.837000,423.9433745477246,995
2024-09-20 10:30:08.892000,423.9528017655831,995
2024-09-20 10:30:08.940000,423.9183099623712,101
2024-09-20 10:30:08.949000,423.9265276073378,11
2024-09-20 10:30:08.972000,423.94528788144174,1003
2024-09-20 10:30:08.996000,423.8416369119085,104
2024-09-20 10:30:09.015000,423.8562452509056,1000
2024-09-20 10:30:09.126000,423.8263753939949,1004
2024-09-20 10:30:09.228000,423.843648949678,995
2024-09-20 10:30:09.232000,423.8215634696108,12
2024-09-20 10:30:09.243000,423.8200411676456,8
2024-09-20 10:30:09.258000,423.8245742997647,102
2024-09-20 10:30:09.324000,423.82218760888543,99
2024-09-20 10:30:09.402000,423.8503591670806,7
2024-09-20 10:30:09.413000,423.8040121536269,101
2024-09-20 10:30:09.440000,423.83062676897816,1000
2024-09-20 10:30:09.606000,423.8172008137639,11
2024-09-20 10:30:09.614000,423.8331395234419,10
2024-09-20 10:30:09.616000,423.8542780007164,1002
2024-09-20 10:30:09.624000,423.8351409415472,99
2024-09-20 10:30:09.642000,423.8546210096357,999
2024-09-20 10:30:09.656000,423.807726920897,996
2024-09-20 10:30:09.667000,423.8108673377207,14
2024-09-20 10:30:09.703000,423.81699904473055,104
2024-09-20 10:30:09.730000,423.8309479063997,104
2024-09-20 10:30:09.795000,423.8517206174286,995
2024-09-20 10:30:09.798000,423.8117182972202,998
2024-09-20 10:30:09.800000,423.8346311013798,1000
2024-09-20 10:30:09.872000,423.8454130683059,8
2024-09-20 10:30:09.899000,423.8177840099116,996
2024-09-20 10:30:09.926000,423.7955020294549,1003
2024-09-20 10:30:09.940000,423.8678402090886,101
2024-09-20 10:30:09.949000,423.82069296723046,1001
2024-09-20 10:30:09.977000,423.8116447325855,105
2024-09-20 10:30:09.994000,423.8560417848996,8
2024-09-20 10:30:10.060000,423.88060220461006,104
2024-09-20 10:30:10.078000,423.8437688331583,1001
2024-09-20 10:30:10.090000,423.878966338524,1003
2024-09-20 10:30:10.117000,423.87928634363016,96
2024-09-20 10:30:10.138000,423.8636823937824,95
2024-09-20 10:30:10.205000,423.8201747197195,101
2024-09-20 10:30:10.290000,423.8979031297199,105
2024-09-20 10:30:10.316000,423.8584666386765,99
2024-09-20 10:30:10.336000,423.9026754781007,95
2024-09-20 10:30:10.363000,423.8491665145304,996
2024-09-20 10:30:10.378000,423.8600246907231,13
2024-09-20 10:30:10.393000,423.8658798945142,96
2024-09-20 10:30:10.452000,423.8764332288668,104
2024-09-20 10:30:10.470000,423.9058124671365,100
2024-09-20 10:30:10.478000,423.86524974809487,10
2024-09-20 10:30:10.528000,423.843547455712,102
2024-09-20 10:30:10.644000,423.8689167556642,12
2024-09-20 10:30:10.792000,423.87911370488047,9
2024-09-20 10:30:10.796000,423.8631595178745,104
2024-09-20 10:30:10.797000,423.87783754129657,102
2024-09-20 10:30:10.896000,423.8688305276928,7
2024-09-20 10:30:10.915000,423.8819270148622,1001
2024-09-20 10:30:10.921000,423.89982187151446,9
2024-09-20 10:30:10.953000,423.8897008522319,12
2024-09-20 10:30:10.953000,423.867660474178,1002
2024-09-20 10:30:10.970000,423.858083497074,5
2024-09-20 10:30:10.970000,423.8789627606354,997
2024-09-20 10:30:10.987000,423.8281625517041,105
2024-09-20 10:30:11.027000,423.8859919067588,1000
2024-09-20 10:30:11.070000,423.862305024447,13
2024-09-20 10:30:11.345000,423.8903846011172,95
2024-09-20 10:30:11.408000,423.8694679302967,1002
2024-09-20 10:30:11.430000,423.9082910327761,997
2024-09-20 10:30:11.791000,423.8736169993281,1004
2024-09-20 10:30:11.793000,423.8666325411719,9
2024-09-20 10:30:11.984000,423.8760738071876,105
2024-09-20 10:30:12.005000,423.86807486778207,999
2024-09-20 10:30:12.035000,423.8419153108501,1003
2024-09-20 10:30:12.035000,423.8908808096311,98
2024-09-20 10:30:12.079000,423.8915721883021,8
2024-09-20 10:30:12.113000,423.9003959364987,101
2024-09-20 10:30:12.128000,423.8810649603957,104
2024-09-20 10:30:12.145000,423.8559442946788,997
2024-09-20 10:30:12.223000,423.91684882112486,102
2024-09-20 10:30:12.238000,423.8570085827623,10
2024-09-20 10:30:12.257000,423.8495989911015,995
2024-09-20 10:30:12.284000,423.8777399732784,999
2024-09-20 10:30:12.285000,423.85871688620097,996
2024-09-20 10:30:12.342000,423.8580834887318,12
2024-09-20 10:30:12.364000,423.9013905519864,10
2024-09-20 10:30:12.399000,423.8690263967995,13
2024-09-20 10:30:12.440000,423.890977652973,13
2024-09-20 10:30:12.584000,423.8467263486504,102
2024-09-20 10:30:12.610000,423.9003994598757,104
2024-09-20 10:30:12.620000,423.9024333032382,99
2024-09-20 10:30:12.635000,423.861170774125,1002
2024-09-20 10:30:12.701000,423.8700702586025,999
2024-09-20 10:30:12.754000,423.8811336060046,1002
2024-09-20 10:30:12.820000,423.8915108954587,103
2024-09-20 10:30:12.893000,423.8591708206289,7
2024-09-20 10:30:12.941000,423.8537703021293,9
2024-09-20 10:30:13.036000,423.80878110616254,14
2024-09-20 10:30:13.067000,423.82606035784,105
2024-09-20 10:30:13.154000,423.8380587552721,97
2024-09-20 10:30:13.211000,423.8534693564221,1003
2024-09-20 10:30:13.272000,423.8928100976609,1004
2024-09-20 10:30:13.272000,423.8286915076324,10
2024-09-20 10:30:13.276000,423.8526440477132,102
2024-09-20 10:30:13.319000,423.88332695911794,1001
2024-09-20 10:30:13.334000,423.8691345554959,995
2024-09-20 10:30:13.419000,423.8201395134982,1001
2024-09-20 10:30:13.428000,423.8090392707987,997
2024-09-20 10:30:13.506000,423.8347225755038,996
2024-09-20 10:30:13.520000,423.8780949408901,7
2024-09-20 10:30:13.537000,423.8851874987625,96
2024-09-20 10:30:13.584000,423.8283129046041,104
2024-09-20 10:30:13.591000,423.8043760375918,13
2024-09-20 10:30:13.606000,423.8068306517686,1000
2024-09-20 10:30:13.614000,423.8317458376102,997
2024-09-20 10:30:13.656000,423.8193411910402,1000
2024-09-20 10:30:13.676000,423.8005740326497,104
2024-09-20 10:30:13.685000,423.84528408627807,998
2024-09-20 10:30:13.750000,423.8058561453734,10
2024-09-20 10:30:13.840000,423.8129654212472,103
2024-09-20 10:30:13.949000,423.80828435312,995
2024-09-20 10:30:13.968000,423.8951263048564,1002
2024-09-20 10:30:14.135000,423.76845991942633,1003
2024-09-20 10:30:14.269000,423.8135606566196,997
2024-09-20 10:30:14.350000,423.8113600818825,95
2024-09-20 10:30:14.942000,423.8143122153349,1004
2024-09-20 10:30:14.988000,423.8185156512952,996
2024-09-20 10:30:15.023000,423.795683797366,14
2024-09-20 10:30:15.028000,423.78513812380857,14
2024-09-20 10:30:15.039000,423.7940148835865,1002
2024-09-20 10:30:15.075000,423.727986032308,996
2024-09-20 10:30:15.087000,423.754879367927,7
2024-09-20 10:30:15.168000,423.73449480112106,105
2024-09-20 10:30:15.338000,423.73968627712594,999
2024-09-20 10:30:15.368000,423.7453350865844,7
2024-09-20 10:30:15.414000,423.738177427813,6
2024-09-20 10:30:15.476000,423.7912955936658,96
2024-09-20 10:30:15.500000,423.8059005924912,11
2024-09-20 10:30:15.502000,423.7666733931933,10
2024-09-20 10:30:15.545000,423.8038323863744,1002
2024-09-20 10:30:15.553000,423.7545710630924,7
2024-09-20 10:30:15.704000,423.7600988712962,6
2024-09-20 10:30:15.748000,423.74399116430175,995
2024-09-20 10:30:15.771000,423.8014326804757,7
2024-09-20 10:30:15.811000,423.7521950122498,999
2024-09-20 10:30:15.817000,423.7924993343276,5
2024-09-20 10:30:15.870000,423.740809100723,1005
2024-09-20 10:30:15.870000,423.75684805427824,96
2024-09-20 10:30:15.977000,423.7300654391124,104
2024-09-20 10:30:15.997000,423.7858552191654,14
2024-09-20 10:30:16.014000,423.7423879479635,5
2024-09-20 10:30:16.031000,423.6887692300792,95
2024-09-20 10:30:16.043000,423.7737552906963,995
2024-09-20 10:30:16.062000,423.762467352744,12
2024-09-20 10:30:16.076000,423.7596547768748,1005
2024-09-20 10:30:16.085000,423.7186449688711,5
2024-09-20 10:30:16.113000,423.7237824317838,1002
2024-09-20 10:30:16.123000,423.7627658553389,12
2024-09-20 10:30:16.171000,423.7392281327981,12
2024-09-20 10:30:16.289000,423.67368981632535,1003
2024-09-20 10:30:16.320000,423.74927389389615,1000
2024-09-20 10:30:16.333000,423.7502842521793,1003
2024-09-20 10:30:16.349000,423.6516686754406,102
2024-09-20 10:30:16.528000,423.69390189200647,1002
2024-09-20 10:30:16.622000,423.6427563973711,1001
2024-09-20 10:30:16.640000,423.657643614741,98
2024-09-20 10:30:16.716000,423.58957683387615,9
2024-09-20 10:30:16.759000,423.633194494977,1001
2024-09-20 10:30:16.821000,423.689599440032,996
2024-09-20 10:30:16.857000,423.7717408761939,105
2024-09-20 10:30:16.888000,423.63304405025934,1002
2024-09-20 10:30:17.008000,423.6175621952026,996
2024-09-20 10:30:17.028000,423.6102916538968,997
2024-09-20 10:30:17.184000,423.6297225040035,5
2024-09-20 10:30:17.217000,423.5925375189877,98
2024-09-20 10:30:17.252000,423.609167393405,97
2024-09-20 10:30:17.280000,423.603538696645,999
2024-09-20 10:30:17.291000,423.62743681903913,11
2024-09-20 10:30:17.491000,423.59980639356434,105
2024-09-20 10:30:17.821000,423.568487192634,997
2024-09-20 10:30:17.847000,423.62630421203744,97
2024-09-20 10:30:18.096000,423.5658179874264,98
2024-09-20 10:30:18.151000,423.5465273471521,1003
2024-09-20 10:30:18.199000,423.56270649292,9
2024-09-20 10:30:18.217000,423.5717567278344,998
2024-09-20 10:30:18.242000,423.5662245319195,8
2024-09-20 10:30:18.409000,423.5677259440645,998
2024-09-20 10:30:18.499000,423.5666873586552,1001
2024-09-20 10:30:18.554000,423.5750678539479,97
2024-09-20 10:30:18.644000,423.56885630227225,1001
2024-09-20 10:30:18.652000,423.5606454497965,95
2024-09-20 10:30:18.656000,423.5767471145101,100
2024-09-20 10:30:18.905000,423.5415854407752,13
2024-09-20 10:30:20.112000,423.5852855760479,97
2024-09-20 10:30:20.143000,423.57719917303217,8
2024-09-20 10:30:20.199000,423.5434953030647,7
2024-09-20 10:30:20.223000,423.5718888072196,100
2024-09-20 10:30:20.267000,423.5971273639488,1001
2024-09-20 10:30:20.304000,423.56604421451993,996
2024-09-20 10:30:20.311000,423.5554010151052,11
2024-09-20 10:30:20.335000,423.5585092817119,996
2024-09-20 10:30:20.459000,423.5801050129672,10
2024-09-20 10:30:20.589000,423.5667506053489,5
2024-09-20 10:30:20.628000,423.5909517602108,1005
2024-09-20 10:30:20.638000,423.5898390534402,12
2024-09-20 10:30:20.837000,423.5592230567164,100
2024-09-20 10:30:20.975000,423.561164676585,97
2024-09-20 10:30:21.030000,423.5828366799832,11
2024-09-20 10:30:21.092000,423.5817452095056,6
2024-09-20 10:30:21.137000,423.5598152834004,8
2024-09-20 10:30:21.172000,423.5772083586723,1000
2024-09-20 10:30:21.198000,423.5889471332707,1001
2024-09-20 10:30:21.210000,423.55233824607154,15
2024-09-20 10:30:21.243000,423.6076449021457,100
2024-09-20 10:30:21.243000,423.571425731765,103
2024-09-20 10:30:21.309000,423.5894980451099,999
2024-09-20 10:30:21.607000,423.59851812327497,100
2024-09-20 10:30:21.703000,423.5913520308617,1001
2024-09-20 10:30:21.777000,423.6025402089248,97
2024-09-20 10:30:21.803000,423.5954509702349,5
2024-09-20 10:30:21.821000,423.6199584218825,998
2024-09-20 10:30:22.648000,423.6163492220167,105
2024-09-20 10:30:23.025000,423.61787855939673,10
2024-09-20 10:30:23.279000,423.6132338828576,13
2024-09-20 10:30:23.286000,423.61492811007207,1005
2024-09-20 10:30:23.622000,423.63520628250177,995
2024-09-20 10:30:23.689000,423.6305133510794,105
2024-09-20 10:30:23.745000,423.61547135731735,1005
2024-09-20 10:30:23.850000,423.5969946484372,12
2024-09-20 10:30:23.895000,423.6211392747505,999
2024-09-20 10:30:24.061000,423.5464802264525,1001
2024-09-20 10:30:24.083000,423.5415048280232,102
2024-09-20 10:30:24.132000,423.5671224440789,5
2024-09-20 10:30:24.367000,423.538452670635,1002
2024-09-20 10:30:24.614000,423.563063985082,6
2024-09-20 10:30:24.657000,423.571993720744,1005
2024-09-20 10:30:24.914000,423.56806533605817,96
2024-09-20 10:30:24.961000,423.5586243860642,12
2024-09-20 10:30:24.992000,423.5740824490376,96
2024-09-20 10:30:25.072000,423.6282353635325,15
2024-09-20 10:30:25.072000,423.6168567138242,14
2024-09-20 10:30:25.170000,423.588771389046,6
2024-09-20 10:30:25.206000,423.622135646556,1004
2024-09-20 10:30:25.306000,423.60816454471984,997
2024-09-20 10:30:25.358000,423.618755934904,14
2024-09-20 10:30:25.393000,423.5932336756196,1002
2024-09-20 10:30:25.437000,423.6375995430812,1001
2024-09-20 10:30:25.522000,423.6383583709575,12
2024-09-20 10:30:25.529000,423.58907356661945,1002
2024-09-20 10:30:25.552000,423.59317828151177,105
2024-09-20 10:30:25.672000,423.617269955843,95
2024-09-20 10:30:25.744000,423.6054177983643,998
2024-09-20 10:30:25.831000,423.60627357166464,97
2024-09-20 10:30:25.849000,423.5865917071628,1002
2024-09-20 10:30:25.855000,423.58054043076527,12
2024-09-20 10:30:25.881000,423.6010256775932,100
2024-09-20 10:30:25.887000,423.6290275538874,104
2024-09-20 10:30:25.889000,423.6173921022237,11
2024-09-20 10:30:26.025000,423.6434349280506,104
2024-09-20 10:30:26.052000,423.62472980275686,11
2024-09-20 10:30:26.110000,423.6417209247468,996
2024-09-20 10:30:26.138000,423.6725482972017,8
2024-09-20 10:30:26.194000,423.6278346325645,102
2024-09-20 10:30:26.211000,423.6287423412009,5
2024-09-20 10:30:26.277000,423.6213951308084,15
2024-09-20 10:30:26.293000,423.6244207780652,105
2024-09-20 10:30:26.330000,423.6356645356543,1002
2024-09-20 10:30:26.344000,423.6294596815384,995
2024-09-20 10:30:26.393000,423.65098226388426,14
2024-09-20 10:30:26.426000,423.62634518257073,103
2024-09-20 10:30:26.441000,423.626016185162,102
2024-09-20 10:30:26.469000,423.6442557755684,102
2024-09-20 10:30:26.582000,423.6373257859581,7
2024-09-20 10:30:26.708000,423.65347809497774,995
2024-09-20 10:30:26.709000,423.661018339751,7
2024-09-20 10:30:26.776000,423.6505766724775,104
2024-09-20 10:30:26.839000,423.6119825096631,12
2024-09-20 10:30:26.844000,423.6150471410887,1002
2024-09-20 10:30:26.884000,423.6275004325428,101
2024-09-20 10:30:26.908000,423.6158357953397,100
2024-09-20 10:30:26.910000,423.6436189408607,9
2024-09-20 10:30:26.911000,423.6311485940413,15
2024-09-20 10:30:26.919000,423.6079468553693,104
2024-09-20 10:30:26.981000,423.6721898954014,1001
2024-09-20 10:30:27.014000,423.70441974635577,1002
2024-09-20 10:30:27.040000,423.68045754489134,5
2024-09-20 10:30:27.163000,423.7098101484233,11
2024-09-20 10:30:27.167000,423.7015606180747,98
2024-09-20 10:30:27.300000,423.614159465827,101
2024-09-20 10:30:27.335000,423.6438534808411,98
2024-09-20 10:30:27.504000,423.6943599630301,95
2024-09-20 10:30:27.550000,423.6513827712341,101
2024-09-20 10:30:27.592000,423.6279019286405,15
2024-09-20 10:30:27.642000,423.62976240133554,11
2024-09-20 10:30:27.699000,423.6545733932436,98
2024-09-20 10:30:27.777000,423.6153770078117,995
2024-09-20 10:30:27.852000,423.6341036077436,13
2024-09-20 10:30:27.919000,423.69221228896674,1004
2024-09-20 10:30:27.979000,423.65754092098,9
2024-09-20 10:30:28.039000,423.7584038887723,6
2024-09-20 10:30:28.098000,423.7242123298569,10
2024-09-20 10:30:28.212000,423.7386049297768,99
2024-09-20 10:30:28.262000,423.7656657166127,999
2024-09-20 10:30:28.264000,423.7280363141655,9
2024-09-20 10:30:28.277000,423.72786636397626,999
2024-09-20 10:30:28.293000,423.75166596148654,997
2024-09-20 10:30:28.304000,423.69295050862615,1004
2024-09-20 10:30:28.417000,423.7366053401439,5
2024-09-20 10:30:28.604000,423.7435127355983,100
2024-09-20 10:30:28.767000,423.74859625816015,1001
2024-09-20 10:30:28.831000,423.7187011875613,15
2024-09-20 10:30:28.874000,423.7618914131804,995
2024-09-20 10:30:28.995000,423.7432509404953,103
2024-09-20 10:30:29.256000,423.72220414517056,95
2024-09-20 10:30:29.810000,423.7162732456907,102
2024-09-20 10:30:30.864000,423.7328129185102,1005
2024-09-20 10:30:31.281000,423.7330418805262,1005
2024-09-20 10:30:31.299000,423.7341279561284,997
2024-09-20 10:30:31.309000,423.7062076036041,7
2024-09-20 10:30:31.374000,423.6826579504217,13
2024-09-20 10:30:31.404000,423.7141053684832,103
2024-09-20 10:30:31.840000,423.70050402562623,995
2024-09-20 10:30:31.924000,423.69849579798927,101
2024-09-20 10:30:32.012000,423.7151473577527,97
2024-09-20 10:30:32.105000,423.684599321116,8
2024-09-20 10:30:32.116000,423.6857218162797,103
2024-09-20 10:30:32.117000,423.6733490313561,105
2024-09-20 10:30:32.131000,423.7026589344764,997
2024-09-20 10:30:32.147000,423.68168436013576,997
2024-09-20 10:30:32.171000,423.6680429461682,1001
2024-09-20 10:30:32.228000,423.6572082120424,104
2024-09-20 10:30:32.235000,423.7154670874657,1000
2024-09-20 10:30:32.252000,423.7084536335026,999
2024-09-20 10:30:32.260000,423.7013289890612,95
2024-09-20 10:30:32.389000,423.7119323670516,15
2024-09-20 10:30:32.445000,423.6835062484366,105
2024-09-20 10:30:32.454000,423.7065798705388,10
2024-09-20 10:30:32.487000,423.69638906200777,95
2024-09-20 10:30:32.522000,423.7419032635984,102
2024-09-20 10:30:32.562000,423.7263199644817,104
2024-09-20 10:30:32.620000,423.721860952288,8
2024-09-20 10:30:32.780000,423.6917458504017,15
2024-09-20 10:30:32.910000,423.6665464608707,13
2024-09-20 10:30:32.920000,423.6861855517539,100
2024-09-20 10:30:32.933000,423.7386039509478,1004
2024-09-20 10:30:32.963000,423.70824542503215,104
2024-09-20 10:30:32.966000,423.6973936032598,7
2024-09-20 10:30:32.984000,423.7391529814688,995
2024-09-20 10:30:32.988000,423.65704370669255,996
2024-09-20 10:30:33.072000,423.749533674268,13
2024-09-20 10:30:33.410000,423.7225410237429,997
2024-09-20 10:30:33.444000,423.7606957599057,12
2024-09-20 10:30:33.450000,423.7367202623138,97
2024-09-20 10:30:33.460000,423.72155340820535,104
2024-09-20 10:30:33.507000,423.7617972806334,15
2024-09-20 10:30:33.522000,423.7610393435941,996
2024-09-20 10:30:33.586000,423.7816772833508,14
2024-09-20 10:30:33.646000,423.7338695044496,95
2024-09-20 10:30:33.693000,423.7553477655791,101
2024-09-20 10:30:33.704000,423.747223991883,15
2024-09-20 10:30:33.728000,423.73710991189415,9
2024-09-20 10:30:33.914000,423.7500134382085,1000
2024-09-20 10:30:33.945000,423.7759484401256,98
2024-09-20 10:30:34.024000,423.709446356515,105
2024-09-20 10:30:34.080000,423.7100343087511,1000
2024-09-20 10:30:34.152000,423.7159367416497,997
2024-09-20 10:30:34.203000,423.7333579901438,996
2024-09-20 10:30:34.338000,423.72786817509166,15
2024-09-20 10:30:34.357000,423.6802100186391,15
2024-09-20 10:30:34.555000,423.7113523481222,95
2024-09-20 10:30:34.561000,423.7110355849336,5
2024-09-20 10:30:34.627000,423.7049411926958,13
2024-09-20 10:30:34.642000,423.70700266053575,11
2024-09-20 10:30:34.667000,423.6848052166128,7
2024-09-20 10:30:34.680000,423.714736883619,101
2024-09-20 10:30:34.690000,423.7298474605955,101
2024-09-20 10:30:34.749000,423.7099139510007,5
2024-09-20 10:30:34.780000,423.7089347979735,10
2024-09-20 10:30:34.781000,423.70965138399487,7
2024-09-20 10:30:34.782000,423.6776716362255,9
2024-09-20 10:30:34.806000,423.7102453219102,98
2024-09-20 10:30:34.821000,423.7023938353309,98
2024-09-20 10:30:34.949000,423.7238189847649,105
2024-09-20 10:30:34.991000,423.7308626809569,98
2024-09-20 10:30:35.094000,423.704612493245,999
2024-09-20 10:30:35.300000,423.7010159770469,999
2024-09-20 10:30:35.326000,423.70161089959566,100
2024-09-20 10:30:35.634000,423.7078828221484,1004
2024-09-20 10:30:35.662000,423.7239832811513,102
2024-09-20 10:30:35.687000,423.68695399493447,97
2024-09-20 10:30:35.721000,423.722424965302,1005
2024-09-20 10:30:35.841000,423.7070745954972,97
2024-09-20 10:30:36.711000,423.7151916029956,8
2024-09-20 10:30:36.878000,423.70893643314326,15
2024-09-20 10:30:37.037000,423.7018760409093,97
2024-09-20 10:30:37.075000,423.7235257378063,996
2024-09-20 10:30:37.106000,423.7067502878113,98
2024-09-20 10:30:37.284000,423.7018834369894,1003
2024-09-20 10:30:37.316000,423.69928382797406,96
2024-09-20 10:30:37.319000,423.7026990897453,1000
2024-09-20 10:30:37.336000,423.723726249188,98
2024-09-20 10:30:37.488000,423.724521167069,103
2024-09-20 10:30:37.618000,423.7171341189105,105
2024-09-20 10:30:37.644000,423.6911965288856,995
2024-09-20 10:30:37.681000,423.7060923683287,999
2024-09-20 10:30:37.787000,423.72766492713697,105
2024-09-20 10:30:37.804000,423.72455368889695,1003
2024-09-20 10:30:37.888000,423.7250985322054,101
2024-09-20 10:30:38.046000,423.63260979545606,8
2024-09-20 10:30:38.154000,423.6060771599944,105
2024-09-20 10:30:38.191000,423.6347486697091,999
2024-09-20 10:30:38.206000,423.6674622631005,102
2024-09-20 10:30:38.334000,423.676585337451,1001
2024-09-20 10:30:38.350000,423.67283548687055,5
2024-09-20 10:30:38.478000,423.63466335920776,1004
2024-09-20 10:30:38.846000,423.6965610211937,5
2024-09-20 10:30:38.884000,423.6996901693786,14
2024-09-20 10:30:38.923000,423.6831325301511,6
2024-09-20 10:30:38.979000,423.6265352748426,995
2024-09-20 10:30:39.035000,423.5818408393863,1002
2024-09-20 10:30:39.262000,423.5722337322449,14
2024-09-20 10:30:39.283000,423.5773471873887,999
2024-09-20 10:30:39.317000,423.59464270428975,1005
2024-09-20 10:30:39.322000,423.61918516655055,1005
2024-09-20 10:30:39.364000,423.6297152585209,1005
2024-09-20 10:30:39.388000,423.5944023461342,1000
2024-09-20 10:30:39.508000,423.6013047274639,12
2024-09-20 10:30:39.656000,423.63822357336,13
2024-09-20 10:30:39.681000,423.5902439114068,5
2024-09-20 10:30:39.683000,423.57969878449336,1000
2024-09-20 10:30:39.692000,423.629728239651,104
2024-09-20 10:30:39.889000,423.58631211854254,15
2024-09-20 10:30:39.915000,423.5868383144071,103
2024-09-20 10:30:39.929000,423.62612040475466,103
2024-09-20 10:30:40.111000,423.5984051457978,1004
2024-09-20 10:30:40.123000,423.57918519023866,997
2024-09-20 10:30:40.222000,423.6314873916556,5
2024-09-20 10:30:40.269000,423.58663529459295,996
2024-09-20 10:30:40.315000,423.5951050895297,11
2024-09-20 10:30:40.369000,423.62589504045866,1005
2024-09-20 10:30:40.442000,423.642767253056,95
2024-09-20 10:30:40.467000,423.58446598894585,97
2024-09-20 10:30:40.499000,423.6171669739157,1000
2024-09-20 10:30:40.524000,423.6011908422819,1004
2024-09-20 10:30:40.558000,423.5914694041065,6
2024-09-20 10:30:40.594000,423.600266993774,100
2024-09-20 10:30:40.594000,423.5822372030712,1002
2024-09-20 10:30:40.647000,423.5830129204584,105
2024-09-20 10:30:40.677000,423.5758601673206,5
2024-09-20 10:30:40.684000,423.5947337493638,101
2024-09-20 10:30:40.739000,423.58273284006407,995
2024-09-20 10:30:40.786000,423.57330395852887,96
2024-09-20 10:30:40.872000,423.5856328721285,1003
2024-09-20 10:30:40.968000,423.5787991269394,7
2024-09-20 10:30:40.975000,423.6443222076173,105
2024-09-20 10:30:40.993000,423.5872003661226,1005
2024-09-20 10:30:41.008000,423.592886653738,1002
2024-09-20 10:30:41.009000,423.5765466808856,98
2024-09-20 10:30:41.051000,423.5507060084487,95
2024-09-20 10:30:41.083000,423.5764029975769,14
2024-09-20 10:30:41.087000,423.5635637576232,996
2024-09-20 10:30:41.092000,423.57594581109953,1000
2024-09-20 10:30:41.156000,423.5839515263679,999
2024-09-20 10:30:41.169000,423.6047339813938,102
2024-09-20 10:30:41.170000,423.5630133975464,96
2024-09-20 10:30:41.211000,423.5842270532736,97
2024-09-20 10:30:41.219000,423.5861032642436,996
2024-09-20 10:30:41.242000,423.5827493261725,1002
2024-09-20 10:30:41.307000,423.6030104321938,998
2024-09-20 10:30:41.467000,423.5710721867959,96
2024-09-20 10:30:41.483000,423.6003474823075,103
2024-09-20 10:30:41.538000,423.5770051145278,997
2024-09-20 10:30:41.549000,423.5537532322321,999
2024-09-20 10:30:41.556000,423.5998546750236,104
2024-09-20 10:30:41.621000,423.5639330679096,97
2024-09-20 10:30:41.695000,423.5729368180376,8
2024-09-20 10:30:41.755000,423.566829281775,104
2024-09-20 10:30:41.771000,423.6197640419269,1000
2024-09-20 10:30:41.848000,423.5757920229634,7
2024-09-20 10:30:41.909000,423.5892024785592,95
2024-09-20 10:30:41.917000,423.5840691602708,105
2024-09-20 10:30:41.952000,423.5839055742513,14
2024-09-20 10:30:41.977000,423.6156142504747,1005
2024-09-20 10:30:41.994000,423.6101977059436,102
2024-09-20 10:30:41.998000,423.56166063320944,14
2024-09-20 10:30:42.320000,423.6174538377897,1003
2024-09-20 10:30:42.329000,423.6226949094264,1001
2024-09-20 10:30:42.659000,423.6183719192497,997
2024-09-20 10:30:42.956000,423.60776396084793,9
2024-09-20 10:30:43.208000,423.609854611953,100
2024-09-20 10:30:43.307000,423.6337534623533,95
2024-09-20 10:30:43.373000,423.6277579323945,14
2024-09-20 10:30:43.417000,423.6498525294673,996
2024-09-20 10:30:44.077000,423.6290882054405,1005
2024-09-20 10:30:44.986000,423.6130774621921,99
2024-09-20 10:30:45,423.5984564132195,8
2024-09-20 10:30:45.169000,423.5859425715589,996
2024-09-20 10:30:45.272000,423.6155625445005,998
2024-09-20 10:30:45.376000,423.6073187829473,101
2024-09-20 10:30:45.450000,423.6158373958996,103
2024-09-20 10:30:45.477000,423.62291328580784,13
2024-09-20 10:30:45.531000,423.61748503070186,6
2024-09-20 10:30:45.694000,423.59632185804384,103
2024-09-20 10:30:45.865000,423.6149923913042,998
2024-09-20 10:30:45.865000,423.6022918362345,12
2024-09-20 10:30:45.909000,423.60212442842266,99
2024-09-20 10:30:45.910000,423.6111936564279,9
2024-09-20 10:30:46.046000,423.5899935665034,100
2024-09-20 10:30:46.291000,423.5937512785988,1003
2024-09-20 10:30:46.298000,423.5914288855429,1005
2024-09-20 10:30:46.389000,423.5838791311486,9
2024-09-20 10:30:46.570000,423.5894149752247,105
2024-09-20 10:30:46.687000,423.5849354687493,995
2024-09-20 10:30:47.122000,423.63421862534005,15
2024-09-20 10:30:47.209000,423.6195765176531,1000
2024-09-20 10:30:47.391000,423.6080160138724,10
2024-09-20 10:30:47.436000,423.634337868476,11
2024-09-20 10:30:47.456000,423.6357196169721,98
2024-09-20 10:30:48.019000,423.62663334030526,995
2024-09-20 10:30:48.040000,423.6528992626136,997
2024-09-20 10:30:48.043000,423.6662760389056,99
2024-09-20 10:30:48.068000,423.6410814574864,999
2024-09-20 10:30:48.147000,423.6324636827713,9
2024-09-20 10:30:48.173000,423.6684646482044,14
2024-09-20 10:30:48.174000,423.64479744574135,998
2024-09-20 10:30:48.265000,423.6404070721804,99
2024-09-20 10:30:48.341000,423.64018808793503,1001
2024-09-20 10:30:48.453000,423.6588283004333,997
2024-09-20 10:30:48.475000,423.6520766067341,7
2024-09-20 10:30:48.610000,423.6432661222924,12
2024-09-20 10:30:48.707000,423.6520435666186,15
2024-09-20 10:30:48.859000,423.65222474080986,11
2024-09-20 10:30:48.878000,423.6409773485229,1005
2024-09-20 10:30:48.936000,423.655776015457,996
2024-09-20 10:30:49.036000,423.6564576506251,11
2024-09-20 10:30:49.135000,423.6439018859253,13
2024-09-20 10:30:49.247000,423.66054271706105,995
2024-09-20 10:30:49.270000,423.61554111608575,1001
2024-09-20 10:30:49.271000,423.64592729846777,14
2024-09-20 10:30:49.328000,423.6463023099968,12
2024-09-20 10:30:49.338000,423.61953537022873,95
2024-09-20 10:30:49.352000,423.6678243565854,97
2024-09-20 10:30:49.394000,423.66627761996153,1004
2024-09-20 10:30:49.435000,423.6553586234314,99
2024-09-20 10:30:49.519000,423.6546365796032,1003
2024-09-20 10:30:49.790000,423.6735766456853,96
2024-09-20 10:30:49.835000,423.6653393863861,103
2024-09-20 10:30:49.885000,423.67642147866064,101
2024-09-20 10:30:50.058000,423.5897407025229,1001
2024-09-20 10:30:50.265000,423.5691258804577,101
2024-09-20 10:30:50.584000,423.5686670852977,96
2024-09-20 10:30:51.047000,423.4940578680992,12
2024-09-20 10:30:51.145000,423.5144111820313,105
2024-09-20 10:30:51.147000,423.5659404014905,99
2024-09-20 10:30:51.148000,423.53898812952974,98
2024-09-20 10:30:51.204000,423.5792845555655,1002
2024-09-20 10:30:51.221000,423.5347321496778,997
2024-09-20 10:30:51.271000,423.5765545565791,6
2024-09-20 10:30:51.295000,423.54310586796703,97
2024-09-20 10:30:51.305000,423.5248825593293,10
2024-09-20 10:30:51.365000,423.5396505549657,999
2024-09-20 10:30:51.388000,423.5851185405269,13
2024-09-20 10:30:51.425000,423.5424966171665,998
2024-09-20 10:30:51.513000,423.5211435054712,103
2024-09-20 10:30:51.564000,423.5347588283179,12
2024-09-20 10:30:51.637000,423.5155765293812,996
2024-09-20 10:30:51.785000,423.5744021396732,105
2024-09-20 10:30:51.945000,423.5500047339684,98
2024-09-20 10:30:51.969000,423.5498474643047,99
2024-09-20 10:30:51.972000,423.5398383084216,1004
2024-09-20 10:30:51.983000,423.5285998248981,100
2024-09-20 10:30:51.999000,423.5097289134736,1003
2024-09-20 10:30:52.005000,423.506617939887,10
2024-09-20 10:30:52.056000,423.47015668018406,996
2024-09-20 10:30:52.057000,423.4740973788023,104
2024-09-20 10:30:52.130000,423.4702853636095,101
2024-09-20 10:30:52.169000,423.47355697318943,102
2024-09-20 10:30:52.242000,423.4464185928597,105
2024-09-20 10:30:52.265000,423.4785566418229,15
2024-09-20 10:30:52.273000,423.5209100052869,103
2024-09-20 10:30:52.322000,423.4701579680416,101
2024-09-20 10:30:52.324000,423.476606080207,1004
2024-09-20 10:30:52.374000,423.4499083429833,997
2024-09-20 10:30:52.389000,423.449483713306,96
2024-09-20 10:30:52.394000,423.4621354576131,8
2024-09-20 10:30:52.429000,423.4958246737377,1002
2024-09-20 10:30:52.457000,423.4735733521108,96
2024-09-20 10:30:52.484000,423.4662243928561,1003
2024-09-20 10:30:52.619000,423.4551873247875,100
2024-09-20 10:30:52.625000,423.5200767859926,99
2024-09-20 10:30:52.702000,423.51749877662536,1003
2024-09-20 10:30:52.779000,423.46742851524016,99
2024-09-20 10:30:52.795000,423.4786295516763,10
2024-09-20 10:30:52.881000,423.4847840086344,104
2024-09-20 10:30:52.982000,423.49579070479547,1001
2024-09-20 10:30:53.024000,423.4347731254688,102
2024-09-20 10:30:53.123000,423.4489194510508,1005
2024-09-20 10:30:53.140000,423.4325393476004,1001
2024-09-20 10:30:53.144000,423.4611691497372,97
2024-09-20 10:30:53.201000,423.440910396149,104
2024-09-20 10:30:53.230000,423.4435286888147,98
2024-09-20 10:30:53.324000,423.4410130504272,1004
2024-09-20 10:30:53.364000,423.4521209831479,10
2024-09-20 10:30:53.374000,423.4453673980034,100
2024-09-20 10:30:53.571000,423.4414656385037,101
2024-09-20 10:30:53.759000,423.45252492566937,15
2024-09-20 10:30:53.782000,423.4431342181919,10
2024-09-20 10:30:53.789000,423.42640202009306,99
2024-09-20 10:30:53.813000,423.4486806164248,1003
2024-09-20 10:30:53.825000,423.4411901296957,1002
2024-09-20 10:30:53.899000,423.4363766666101,14
2024-09-20 10:30:53.952000,423.4222286711265,96
2024-09-20 10:30:54.059000,423.4286192252303,100
2024-09-20 10:30:54.420000,423.4221459950329,15
2024-09-20 10:30:54.458000,423.4436948755688,13
2024-09-20 10:30:54.755000,423.4210176446185,997
2024-09-20 10:30:54.939000,423.4333363527734,998
2024-09-20 10:30:55.022000,423.45717210493297,999
2024-09-20 10:30:55.435000,423.4230619050587,102
2024-09-20 10:30:55.443000,423.4706634525084,97
2024-09-20 10:30:55.524000,423.411984574425,1000
2024-09-20 10:30:55.569000,423.440185136621,995
2024-09-20 10:30:55.692000,423.4234792584394,99
2024-09-20 10:30:55.757000,423.4496062204501,13
2024-09-20 10:30:55.758000,423.4539846266196,7
2024-09-20 10:30:55.947000,423.43750561328346,102
2024-09-20 10:30:57.031000,423.4184318798328,12
2024-09-20 10:30:57.038000,423.4027267327375,104
2024-09-20 10:30:57.106000,423.3438502734396,5
2024-09-20 10:30:57.170000,423.407159327324,104
2024-09-20 10:30:57.193000,423.3325427716004,8
2024-09-20 10:30:57.199000,423.406871062638,10
2024-09-20 10:30:57.243000,423.4034924995061,999
2024-09-20 10:30:57.270000,423.4088699856244,999
2024-09-20 10:30:57.351000,423.4431406794856,102
2024-09-20 10:30:57.375000,423.3373322199482,1002
2024-09-20 10:30:57.407000,423.4328974214428,995
2024-09-20 10:30:57.430000,423.3391338831076,14
2024-09-20 10:30:57.482000,423.3653782807176,996
2024-09-20 10:30:57.495000,423.378474530228,999
2024-09-20 10:30:57.690000,423.4090863282922,97
2024-09-20 10:30:57.775000,423.3548828563622,99
2024-09-20 10:30:57.832000,423.33342984596936,15
2024-09-20 10:30:57.836000,423.3360797575048,95
2024-09-20 10:30:57.840000,423.4042309845934,105
2024-09-20 10:30:57.852000,423.346772986468,104
2024-09-20 10:30:57.878000,423.3694328785606,105
2024-09-20 10:30:57.919000,423.3728374634732,12
2024-09-20 10:30:57.958000,423.4050798228521,1004
2024-09-20 10:30:58.030000,423.34682113183726,996
2024-09-20 10:30:58.522000,423.3631644531055,105
2024-09-20 10:30:58.952000,423.34084381588,1004
2024-09-20 10:30:59.046000,423.30033164122017,995
2024-09-20 10:30:59.061000,423.3200333673474,14
2024-09-20 10:30:59.119000,423.2760924525472,1005
2024-09-20 10:30:59.172000,423.2992879563915,998
2024-09-20 10:30:59.188000,423.2552007206666,14
2024-09-20 10:30:59.194000,423.27126881849216,7
2024-09-20 10:30:59.199000,423.2732288102198,999
2024-09-20 10:30:59.233000,423.3242732187346,1001
2024-09-20 10:30:59.335000,423.2729929820367,1000
2024-09-20 10:30:59.447000,423.3490403328459,99
2024-09-20 10:30:59.464000,423.32534587784016,8
2024-09-20 10:30:59.599000,423.3359891186414,1001
2024-09-20 10:30:59.626000,423.337142328375,11
2024-09-20 10:30:59.643000,423.25807932585616,1005
2024-09-20 10:30:59.653000,423.28434679831145,996
2024-09-20 10:30:59.662000,423.2943663687095,1004
2024-09-20 10:30:59.711000,423.2700139329784,105
2024-09-20 10:30:59.730000,423.3371442942686,13
2024-09-20 10:30:59.771000,423.27230012032464,998
2024-09-20 10:30:59.809000,423.2738957863932,99
2024-09-20 10:30:59.812000,423.3296361786892,1002
2024-09-20 10:30:59.907000,423.3315114631314,998
2024-09-20 10:30:59.917000,423.2540728951691,1005
2024-09-20 10:30:59.957000,423.31434543711487,1004
2024-09-20 10:30:59.999000,423.2787678403115,103
