Timestamp,Price,Size
2024-09-17 10:25:00.448000,414.6584309659958,100
2024-09-17 10:25:00.918000,414.6583181570584,996
2024-09-17 10:25:01.042000,414.6370827711792,98
2024-09-17 10:25:01.277000,414.5991893186247,15
2024-09-17 10:25:01.303000,414.6122171460145,102
2024-09-17 10:25:01.413000,414.5974002384093,8
2024-09-17 10:25:01.438000,414.6035910401258,1001
2024-09-17 10:25:01.477000,414.6393023004492,14
2024-09-17 10:25:01.497000,414.631165311156,95
2024-09-17 10:25:01.551000,414.6091897048054,6
2024-09-17 10:25:01.731000,414.5948466855566,1002
2024-09-17 10:25:01.772000,414.5975732084187,105
2024-09-17 10:25:01.882000,414.5962114833515,9
2024-09-17 10:25:03.082000,414.60274740297217,13
2024-09-17 10:25:03.098000,414.64026193960166,95
2024-09-17 10:25:03.217000,414.6097007486627,103
2024-09-17 10:25:03.305000,414.6083761519469,997
2024-09-17 10:25:03.344000,414.6108312401577,13
2024-09-17 10:25:03.406000,414.639454777718,101
2024-09-17 10:25:03.413000,414.6499846575949,95
2024-09-17 10:25:03.435000,414.62817809290704,999
2024-09-17 10:25:03.450000,414.5921957559589,1001
2024-09-17 10:25:03.467000,414.62669418940783,100
2024-09-17 10:25:03.484000,414.5800744584381,1004
2024-09-17 10:25:03.496000,414.60818020506144,998
2024-09-17 10:25:03.503000,414.6472509557336,101
2024-09-17 10:25:03.674000,414.5985563351669,14
2024-09-17 10:25:03.678000,414.5828507846288,11
2024-09-17 10:25:03.696000,414.59904824898166,11
2024-09-17 10:25:03.726000,414.5974259901459,10
2024-09-17 10:25:03.782000,414.60345430537336,96
2024-09-17 10:25:03.838000,414.6012506919695,1004
2024-09-17 10:25:03.883000,414.6124000487112,997
2024-09-17 10:25:03.935000,414.59560373647554,1004
2024-09-17 10:25:03.959000,414.5888684183546,6
2024-09-17 10:25:03.977000,414.60764629910574,1004
2024-09-17 10:25:04.191000,414.5952237889343,12
2024-09-17 10:25:04.204000,414.61488503253855,5
2024-09-17 10:25:04.321000,414.6114415442152,9
2024-09-17 10:25:04.332000,414.6151419689937,1002
2024-09-17 10:25:04.371000,414.58473843660346,9
2024-09-17 10:25:04.415000,414.6077187588258,10
2024-09-17 10:25:04.510000,414.59899083137225,100
2024-09-17 10:25:04.688000,414.5887336507724,95
2024-09-17 10:25:04.688000,414.60245943865993,7
2024-09-17 10:25:04.947000,414.5891642715036,1005
2024-09-17 10:25:05.227000,414.604166832824,999
2024-09-17 10:25:05.270000,414.6309827624518,95
2024-09-17 10:25:05.304000,414.6180255753039,8
2024-09-17 10:25:05.379000,414.6408370749691,6
2024-09-17 10:25:05.413000,414.6296893172629,96
2024-09-17 10:25:05.450000,414.6139085123796,105
2024-09-17 10:25:05.455000,414.6234503069781,98
2024-09-17 10:25:05.464000,414.6246330993113,104
2024-09-17 10:25:05.534000,414.6252428695917,96
2024-09-17 10:25:05.565000,414.632208750432,11
2024-09-17 10:25:05.605000,414.6363645032393,995
2024-09-17 10:25:05.638000,414.6300075709462,8
2024-09-17 10:25:05.809000,414.6299555914864,996
2024-09-17 10:25:05.828000,414.63778813134223,10
2024-09-17 10:25:05.858000,414.6117034184626,996
2024-09-17 10:25:05.871000,414.632936346895,103
2024-09-17 10:25:06.001000,414.6666969637673,104
2024-09-17 10:25:06.009000,414.6258150648692,1003
2024-09-17 10:25:06.093000,414.6389075256308,997
2024-09-17 10:25:06.301000,414.6439542201543,1005
2024-09-17 10:25:06.604000,414.617900185028,105
2024-09-17 10:25:06.695000,414.6425960930194,103
2024-09-17 10:25:06.712000,414.66725716483256,996
2024-09-17 10:25:06.756000,414.63433354188686,100
2024-09-17 10:25:06.788000,414.6434168570552,1000
2024-09-17 10:25:06.914000,414.6335402092045,998
2024-09-17 10:25:07.185000,414.6702559518658,96
2024-09-17 10:25:07.320000,414.6772561935159,15
2024-09-17 10:25:07.329000,414.6883773981658,1005
2024-09-17 10:25:07.384000,414.6813396688866,12
2024-09-17 10:25:07.443000,414.70886455311546,103
2024-09-17 10:25:07.449000,414.6926179238935,998
2024-09-17 10:25:07.493000,414.7217054292647,9
2024-09-17 10:25:07.500000,414.71581846205646,996
2024-09-17 10:25:07.526000,414.7085376997791,1002
2024-09-17 10:25:07.550000,414.6743339626414,13
2024-09-17 10:25:07.735000,414.6861382239841,104
2024-09-17 10:25:07.777000,414.7026520314516,11
2024-09-17 10:25:07.931000,414.6807009937392,101
2024-09-17 10:25:07.965000,414.69917639727447,105
2024-09-17 10:25:07.998000,414.7177038334752,6
2024-09-17 10:25:08.124000,414.687672740932,101
2024-09-17 10:25:08.195000,414.670956637644,995
2024-09-17 10:25:08.199000,414.6586868025954,995
2024-09-17 10:25:08.373000,414.6862581163688,9
2024-09-17 10:25:08.759000,414.6978290513208,102
2024-09-17 10:25:08.847000,414.7163020131575,13
2024-09-17 10:25:09.070000,414.6506960966549,98
2024-09-17 10:25:09.128000,414.672287476541,11
2024-09-17 10:25:09.132000,414.65792005607534,995
2024-09-17 10:25:09.183000,414.6933677320974,6
2024-09-17 10:25:09.315000,414.6136932804186,104
2024-09-17 10:25:09.380000,414.66287644472055,12
2024-09-17 10:25:09.401000,414.6582103120659,1002
2024-09-17 10:25:09.446000,414.6499746223553,15
2024-09-17 10:25:09.492000,414.6899713341252,6
2024-09-17 10:25:09.514000,414.6459424773102,99
2024-09-17 10:25:09.588000,414.659693384203,98
2024-09-17 10:25:09.670000,414.6374745340899,1001
2024-09-17 10:25:09.738000,414.61658799858753,99
2024-09-17 10:25:09.785000,414.64207213610223,996
2024-09-17 10:25:09.785000,414.6388835425733,12
2024-09-17 10:25:09.806000,414.7002847696234,6
2024-09-17 10:25:09.906000,414.7034980681955,997
2024-09-17 10:25:09.933000,414.6213232819383,98
2024-09-17 10:25:10.030000,414.67800256269743,7
2024-09-17 10:25:10.102000,414.6566189022366,12
2024-09-17 10:25:10.145000,414.67818960164846,13
2024-09-17 10:25:10.179000,414.66426284760365,7
2024-09-17 10:25:10.202000,414.6694084926055,14
2024-09-17 10:25:10.289000,414.6778136452277,6
2024-09-17 10:25:10.364000,414.6644689340749,105
2024-09-17 10:25:10.407000,414.6780712219517,995
2024-09-17 10:25:10.488000,414.684430301807,999
2024-09-17 10:25:10.491000,414.7011928911666,13
2024-09-17 10:25:10.556000,414.65145312926455,998
2024-09-17 10:25:10.710000,414.69645610575975,6
2024-09-17 10:25:10.791000,414.7016566463057,13
2024-09-17 10:25:10.797000,414.6778014309836,1005
2024-09-17 10:25:10.973000,414.6656138272756,11
2024-09-17 10:25:10.987000,414.676879055801,99
2024-09-17 10:25:11.005000,414.6350205108597,1005
2024-09-17 10:25:11.007000,414.665001035227,101
2024-09-17 10:25:11.094000,414.6559124956441,7
2024-09-17 10:25:11.108000,414.6434695538507,996
2024-09-17 10:25:11.121000,414.6730344236584,105
2024-09-17 10:25:11.164000,414.6662198961146,98
2024-09-17 10:25:11.186000,414.6758796075802,1005
2024-09-17 10:25:11.235000,414.6650816842901,13
2024-09-17 10:25:11.319000,414.6799987624237,995
2024-09-17 10:25:11.409000,414.65032225683154,104
2024-09-17 10:25:11.565000,414.6734832171775,6
2024-09-17 10:25:11.629000,414.6829000960469,9
2024-09-17 10:25:11.822000,414.6694994481962,996
2024-09-17 10:25:11.861000,414.68080754353457,100
2024-09-17 10:25:11.967000,414.64727042273086,96
2024-09-17 10:25:12.241000,414.6857493784383,99
2024-09-17 10:25:13.897000,414.6664885914015,1001
2024-09-17 10:25:13.975000,414.66000201812255,98
2024-09-17 10:25:14.417000,414.6633817670312,5
2024-09-17 10:25:14.715000,414.6627402623134,6
2024-09-17 10:25:15.210000,414.63813671151127,999
2024-09-17 10:25:15.226000,414.6339596495148,1005
2024-09-17 10:25:15.330000,414.6257515268047,1002
2024-09-17 10:25:15.668000,414.66027352123456,99
2024-09-17 10:25:15.899000,414.6286312639559,8
2024-09-17 10:25:16.316000,414.62991012172336,1003
2024-09-17 10:25:16.339000,414.6222169945649,13
2024-09-17 10:25:16.477000,414.6184007816679,1005
2024-09-17 10:25:16.523000,414.6120655081787,999
2024-09-17 10:25:16.655000,414.6406996846442,1003
2024-09-17 10:25:16.741000,414.6308271607768,15
2024-09-17 10:25:16.819000,414.6070294770421,14
2024-09-17 10:25:16.886000,414.6271262905005,5
2024-09-17 10:25:16.982000,414.6072110420385,1001
2024-09-17 10:25:17.095000,414.63081459265226,13
2024-09-17 10:25:17.110000,414.6398578248639,101
2024-09-17 10:25:17.153000,414.6140775221803,100
2024-09-17 10:25:17.154000,414.6094203642372,98
2024-09-17 10:25:17.224000,414.6260842679295,14
2024-09-17 10:25:17.246000,414.6204451223324,995
2024-09-17 10:25:17.248000,414.613081247124,14
2024-09-17 10:25:17.263000,414.6253289159853,7
2024-09-17 10:25:17.394000,414.6019195733973,996
2024-09-17 10:25:17.396000,414.608868757424,101
2024-09-17 10:25:17.433000,414.64310328011226,996
2024-09-17 10:25:17.434000,414.6239871341055,96
2024-09-17 10:25:17.465000,414.6382285857471,1002
2024-09-17 10:25:17.539000,414.6131354429685,96
2024-09-17 10:25:17.585000,414.6456130268312,997
2024-09-17 10:25:17.688000,414.6291139012415,1003
2024-09-17 10:25:17.716000,414.6465127196546,998
2024-09-17 10:25:17.741000,414.6223319258607,14
2024-09-17 10:25:17.775000,414.6381041938489,96
2024-09-17 10:25:17.843000,414.63310291106086,995
2024-09-17 10:25:17.849000,414.624451284985,98
2024-09-17 10:25:17.970000,414.6362128664087,997
2024-09-17 10:25:18.008000,414.6508574703591,97
2024-09-17 10:25:18.090000,414.6129578764196,6
2024-09-17 10:25:18.226000,414.60584771582927,995
2024-09-17 10:25:18.286000,414.63061637800894,99
2024-09-17 10:25:18.313000,414.5985705441408,99
2024-09-17 10:25:18.370000,414.6138393090531,1005
2024-09-17 10:25:18.387000,414.6526743337324,5
2024-09-17 10:25:18.388000,414.6249271298827,105
2024-09-17 10:25:18.408000,414.6099347233737,1003
2024-09-17 10:25:18.410000,414.6455227947916,100
2024-09-17 10:25:18.505000,414.6282131069596,5
2024-09-17 10:25:18.573000,414.6156393553453,100
2024-09-17 10:25:18.641000,414.6197321236724,7
2024-09-17 10:25:18.691000,414.6290278526376,96
2024-09-17 10:25:18.743000,414.6247476981131,9
2024-09-17 10:25:18.786000,414.61833488231855,998
2024-09-17 10:25:18.786000,414.61069735413895,103
2024-09-17 10:25:18.812000,414.6034278089962,1003
2024-09-17 10:25:18.898000,414.6267629271903,97
2024-09-17 10:25:18.899000,414.6126002314393,13
2024-09-17 10:25:18.987000,414.6051929777652,1002
2024-09-17 10:25:19.042000,414.63372372218026,1003
2024-09-17 10:25:19.062000,414.62075484425736,10
2024-09-17 10:25:19.066000,414.6252956104079,105
2024-09-17 10:25:19.123000,414.63050448309065,1003
2024-09-17 10:25:19.173000,414.6062715112871,99
2024-09-17 10:25:19.281000,414.6561377683326,15
2024-09-17 10:25:19.450000,414.6203009530311,7
2024-09-17 10:25:19.520000,414.616375231272,15
2024-09-17 10:25:19.543000,414.6083652395496,1005
2024-09-17 10:25:19.597000,414.6311110353032,1004
2024-09-17 10:25:19.708000,414.6233663552055,95
2024-09-17 10:25:19.720000,414.62271164728594,1005
2024-09-17 10:25:19.738000,414.6259707918903,104
2024-09-17 10:25:19.742000,414.60232493952753,10
2024-09-17 10:25:19.799000,414.6131814318397,998
2024-09-17 10:25:19.890000,414.6438427135445,996
2024-09-17 10:25:19.932000,414.62791278761966,98
2024-09-17 10:25:20.023000,414.57195191062704,5
2024-09-17 10:25:20.040000,414.53221419115664,1004
2024-09-17 10:25:20.090000,414.53383387780224,102
2024-09-17 10:25:20.118000,414.5578906275418,1001
2024-09-17 10:25:20.157000,414.6231051104806,101
2024-09-17 10:25:20.230000,414.5201154192919,99
2024-09-17 10:25:20.262000,414.5940629781378,15
2024-09-17 10:25:20.288000,414.5304694385503,1001
2024-09-17 10:25:20.339000,414.56009704789216,11
2024-09-17 10:25:20.373000,414.58333069875073,97
2024-09-17 10:25:20.375000,414.5872104379592,997
2024-09-17 10:25:20.763000,414.5981079190944,1000
2024-09-17 10:25:20.768000,414.5232112413396,998
2024-09-17 10:25:20.959000,414.51864226630266,8
2024-09-17 10:25:21.159000,414.5205842901075,102
2024-09-17 10:25:21.167000,414.50993808627385,1000
2024-09-17 10:25:21.196000,414.5123485441031,102
2024-09-17 10:25:21.307000,414.4878952204941,12
2024-09-17 10:25:21.341000,414.4898222439165,5
2024-09-17 10:25:21.349000,414.5127769296816,8
2024-09-17 10:25:21.420000,414.486915922118,95
2024-09-17 10:25:21.495000,414.5015408822522,996
2024-09-17 10:25:21.858000,414.50524179768286,998
2024-09-17 10:25:21.916000,414.515749074569,12
2024-09-17 10:25:21.925000,414.5102612136458,102
2024-09-17 10:25:21.949000,414.5189890542582,97
2024-09-17 10:25:22.028000,414.4912947619065,8
2024-09-17 10:25:22.118000,414.5096294526689,13
2024-09-17 10:25:22.265000,414.4973469965807,999
2024-09-17 10:25:22.313000,414.5124966737922,1005
2024-09-17 10:25:22.335000,414.4907061766436,1005
2024-09-17 10:25:22.430000,414.5226319630859,997
2024-09-17 10:25:22.579000,414.4750404901639,997
2024-09-17 10:25:22.583000,414.5219127040878,105
2024-09-17 10:25:22.609000,414.500501927846,6
2024-09-17 10:25:22.665000,414.5003739019143,103
2024-09-17 10:25:22.756000,414.5247282191328,96
2024-09-17 10:25:22.760000,414.5203960935892,105
2024-09-17 10:25:22.781000,414.48637966302414,13
2024-09-17 10:25:22.830000,414.48139933560265,96
2024-09-17 10:25:22.954000,414.4955816539875,99
2024-09-17 10:25:23.084000,414.5391120318556,9
2024-09-17 10:25:23.112000,414.54353882735273,1001
2024-09-17 10:25:23.256000,414.5157193436685,13
2024-09-17 10:25:23.417000,414.54439034096686,1003
2024-09-17 10:25:23.833000,414.5461867868624,11
2024-09-17 10:25:23.860000,414.5591844145595,1001
2024-09-17 10:25:25.003000,414.5137239836863,14
2024-09-17 10:25:25.051000,414.5075033574872,8
2024-09-17 10:25:25.099000,414.50322741742485,12
2024-09-17 10:25:25.307000,414.5314370086187,96
2024-09-17 10:25:25.399000,414.5288911493934,14
2024-09-17 10:25:25.446000,414.5478481628579,103
2024-09-17 10:25:25.459000,414.4978499376365,1003
2024-09-17 10:25:25.467000,414.50207204112166,995
2024-09-17 10:25:25.662000,414.5134140613287,11
2024-09-17 10:25:25.878000,414.4919387053204,1002
2024-09-17 10:25:25.884000,414.5067432979223,98
2024-09-17 10:25:25.902000,414.49985815339954,5
2024-09-17 10:25:25.934000,414.51324323755534,999
2024-09-17 10:25:25.974000,414.5040795569841,103
2024-09-17 10:25:25.976000,414.5111746537301,11
2024-09-17 10:25:26.030000,414.5970341311967,1003
2024-09-17 10:25:26.079000,414.5510113268552,11
2024-09-17 10:25:26.094000,414.5184790823812,1002
2024-09-17 10:25:26.096000,414.5346069575835,98
2024-09-17 10:25:26.201000,414.56934809675096,10
2024-09-17 10:25:26.232000,414.543931583212,1003
2024-09-17 10:25:26.247000,414.5388737064336,99
2024-09-17 10:25:26.320000,414.56165178466296,12
2024-09-17 10:25:26.387000,414.57150618483394,104
2024-09-17 10:25:26.452000,414.5339080085818,5
2024-09-17 10:25:26.464000,414.5364324769042,14
2024-09-17 10:25:26.498000,414.58556390741234,1005
2024-09-17 10:25:26.499000,414.5870394557186,95
2024-09-17 10:25:26.549000,414.5346841368521,1002
2024-09-17 10:25:26.552000,414.5337023414488,14
2024-09-17 10:25:26.639000,414.5385226002352,1004
2024-09-17 10:25:26.788000,414.5743466931448,104
2024-09-17 10:25:26.861000,414.563459696246,100
2024-09-17 10:25:26.937000,414.6048427914595,101
2024-09-17 10:25:26.944000,414.5469734121421,99
2024-09-17 10:25:26.987000,414.602590257782,1005
2024-09-17 10:25:27.028000,414.59903041335696,14
2024-09-17 10:25:27.036000,414.6665992285064,1002
2024-09-17 10:25:27.071000,414.5999576055993,15
2024-09-17 10:25:27.080000,414.67257902048686,1002
2024-09-17 10:25:27.088000,414.6001528236056,104
2024-09-17 10:25:27.089000,414.6603140079387,1004
2024-09-17 10:25:27.093000,414.64845746176513,999
2024-09-17 10:25:27.116000,414.6714843277815,100
2024-09-17 10:25:27.144000,414.6790023340016,15
2024-09-17 10:25:27.185000,414.6954922543845,1004
2024-09-17 10:25:27.265000,414.6672702466626,96
2024-09-17 10:25:27.269000,414.6395518023501,1001
2024-09-17 10:25:27.302000,414.6503502153677,14
2024-09-17 10:25:27.305000,414.6142858293328,102
2024-09-17 10:25:27.312000,414.6654726456818,11
2024-09-17 10:25:27.372000,414.6574306741533,97
2024-09-17 10:25:27.383000,414.6791406104784,5
2024-09-17 10:25:27.417000,414.6635405203577,13
2024-09-17 10:25:27.622000,414.6694641621229,11
2024-09-17 10:25:27.706000,414.64735318226855,1004
2024-09-17 10:25:27.876000,414.60118781399495,5
2024-09-17 10:25:27.983000,414.6746047791945,14
2024-09-17 10:25:28.050000,414.6773164392292,1004
2024-09-17 10:25:28.496000,414.68676226069454,13
2024-09-17 10:25:28.554000,414.69563112294617,995
2024-09-17 10:25:28.575000,414.6682573708509,14
2024-09-17 10:25:29.067000,414.5830939769494,998
2024-09-17 10:25:29.079000,414.56947361372977,1003
2024-09-17 10:25:29.214000,414.6039915804546,1000
2024-09-17 10:25:29.270000,414.6282342013243,101
2024-09-17 10:25:29.283000,414.62617464704977,15
2024-09-17 10:25:29.409000,414.6402997369785,15
2024-09-17 10:25:29.486000,414.6193427336633,1005
2024-09-17 10:25:29.499000,414.6680378966274,12
2024-09-17 10:25:29.504000,414.6385866118375,13
2024-09-17 10:25:29.514000,414.61932338932206,997
2024-09-17 10:25:29.581000,414.62478895955286,8
2024-09-17 10:25:29.584000,414.6307596386113,102
2024-09-17 10:25:29.670000,414.66004795723023,1004
2024-09-17 10:25:29.685000,414.648638198395,11
2024-09-17 10:25:29.690000,414.60155630951454,1004
2024-09-17 10:25:29.701000,414.6178272759505,998
2024-09-17 10:25:29.728000,414.61815574433615,8
2024-09-17 10:25:29.738000,414.6573195041525,995
2024-09-17 10:25:29.743000,414.6859272677349,96
2024-09-17 10:25:29.750000,414.66788306602353,1004
2024-09-17 10:25:29.765000,414.7022980000232,13
2024-09-17 10:25:29.795000,414.69460391364186,101
2024-09-17 10:25:29.863000,414.6981226679538,97
2024-09-17 10:25:29.900000,414.6903219356184,95
2024-09-17 10:25:29.997000,414.62654830624143,1005
2024-09-17 10:25:31.004000,414.5451351772893,7
2024-09-17 10:25:31.008000,414.565961679167,1002
2024-09-17 10:25:31.196000,414.5388619737856,998
2024-09-17 10:25:31.267000,414.5346387357295,101
2024-09-17 10:25:31.323000,414.5816750473721,14
2024-09-17 10:25:31.345000,414.5521845079363,9
2024-09-17 10:25:31.372000,414.59412410670086,1001
2024-09-17 10:25:31.475000,414.5616129659968,1001
2024-09-17 10:25:31.512000,414.5431479042401,103
2024-09-17 10:25:31.531000,414.5943846917156,10
2024-09-17 10:25:31.604000,414.536997012159,95
2024-09-17 10:25:31.749000,414.5764262894645,96
2024-09-17 10:25:31.761000,414.5776312869086,102
2024-09-17 10:25:31.789000,414.5564758903977,11
2024-09-17 10:25:31.824000,414.5358186054552,98
2024-09-17 10:25:31.836000,414.5930847576832,1005
2024-09-17 10:25:31.850000,414.55082790350576,96
2024-09-17 10:25:31.892000,414.5495153802035,1000
2024-09-17 10:25:31.923000,414.541417953781,102
2024-09-17 10:25:31.964000,414.5570309183592,999
2024-09-17 10:25:32.059000,414.6263940190111,101
2024-09-17 10:25:32.068000,414.6463822229188,996
2024-09-17 10:25:32.126000,414.64722525386543,995
2024-09-17 10:25:32.171000,414.5656582732076,998
2024-09-17 10:25:32.252000,414.623467606868,99
2024-09-17 10:25:32.256000,414.5880419614716,1002
2024-09-17 10:25:32.298000,414.6233608117052,1003
2024-09-17 10:25:32.300000,414.5798378244642,104
2024-09-17 10:25:32.327000,414.6348166404677,11
2024-09-17 10:25:32.337000,414.65563100599,1002
2024-09-17 10:25:32.365000,414.6064978078478,6
2024-09-17 10:25:32.402000,414.604764993082,9
2024-09-17 10:25:32.442000,414.6505852245759,101
2024-09-17 10:25:32.476000,414.6342500840091,1000
2024-09-17 10:25:32.499000,414.61376800400194,1002
2024-09-17 10:25:32.501000,414.604530631775,103
2024-09-17 10:25:32.503000,414.6465746249295,996
2024-09-17 10:25:32.508000,414.6143279633231,999
2024-09-17 10:25:32.512000,414.585959115436,101
2024-09-17 10:25:32.534000,414.6050045861388,98
2024-09-17 10:25:32.558000,414.5955040254958,996
2024-09-17 10:25:32.665000,414.69311631204135,9
2024-09-17 10:25:32.745000,414.607728676032,1004
2024-09-17 10:25:32.852000,414.6611222146188,996
2024-09-17 10:25:32.922000,414.6226809027639,11
2024-09-17 10:25:33.057000,414.7627475964388,101
2024-09-17 10:25:33.109000,414.7444966465959,100
2024-09-17 10:25:33.114000,414.74548010809485,12
2024-09-17 10:25:33.120000,414.7105946814692,14
2024-09-17 10:25:33.134000,414.7389588897032,105
2024-09-17 10:25:33.198000,414.77735117403216,95
2024-09-17 10:25:33.530000,414.7451713863677,99
2024-09-17 10:25:33.543000,414.763190004671,999
2024-09-17 10:25:33.559000,414.7696469666304,999
2024-09-17 10:25:33.604000,414.76636574476345,14
2024-09-17 10:25:33.742000,414.7630246770608,999
2024-09-17 10:25:33.744000,414.74640326281417,103
2024-09-17 10:25:33.745000,414.755403349203,1001
2024-09-17 10:25:33.752000,414.7504377480053,103
2024-09-17 10:25:33.803000,414.7137246293879,95
2024-09-17 10:25:33.983000,414.7487162346695,14
2024-09-17 10:25:34.073000,414.76183663640586,100
2024-09-17 10:25:34.090000,414.745226107998,102
2024-09-17 10:25:34.159000,414.7561416407645,96
2024-09-17 10:25:34.269000,414.7548868007976,11
2024-09-17 10:25:34.288000,414.75055515797214,1003
2024-09-17 10:25:34.363000,414.753704405237,100
2024-09-17 10:25:34.477000,414.7395469021344,96
2024-09-17 10:25:34.607000,414.7314275968442,999
2024-09-17 10:25:34.758000,414.73272405022806,1003
2024-09-17 10:25:35.028000,414.76347146247423,97
2024-09-17 10:25:35.121000,414.740584712821,13
2024-09-17 10:25:35.141000,414.74529466980914,104
2024-09-17 10:25:35.174000,414.750894112216,10
2024-09-17 10:25:35.194000,414.7565679727989,14
2024-09-17 10:25:35.304000,414.760655498708,1005
2024-09-17 10:25:35.320000,414.787947733542,999
2024-09-17 10:25:35.323000,414.7730050105786,102
2024-09-17 10:25:35.342000,414.7722739200825,7
2024-09-17 10:25:35.362000,414.7566615234873,97
2024-09-17 10:25:35.375000,414.74507001516304,997
2024-09-17 10:25:35.422000,414.7476953608262,6
2024-09-17 10:25:35.427000,414.7516039961805,100
2024-09-17 10:25:35.436000,414.7491896632456,997
2024-09-17 10:25:35.477000,414.7720768674185,997
2024-09-17 10:25:35.596000,414.730229893776,1004
2024-09-17 10:25:35.707000,414.7613632886656,999
2024-09-17 10:25:35.708000,414.7845264841145,15
2024-09-17 10:25:35.756000,414.74427381835255,1003
2024-09-17 10:25:35.782000,414.7639142293674,97
2024-09-17 10:25:35.795000,414.747585930923,9
2024-09-17 10:25:35.813000,414.78317534612194,103
2024-09-17 10:25:35.840000,414.7611932755523,12
2024-09-17 10:25:35.840000,414.759445632672,1004
2024-09-17 10:25:35.849000,414.7663695775641,6
2024-09-17 10:25:35.856000,414.754094170534,13
2024-09-17 10:25:35.858000,414.7597705305506,995
2024-09-17 10:25:35.923000,414.7433736155109,95
2024-09-17 10:25:35.944000,414.79116600871447,1004
2024-09-17 10:25:36.179000,414.77142293299664,103
2024-09-17 10:25:36.207000,414.7633112764452,1004
2024-09-17 10:25:36.312000,414.77547588322585,996
2024-09-17 10:25:36.411000,414.766679987914,105
2024-09-17 10:25:36.416000,414.7712056787871,100
2024-09-17 10:25:36.468000,414.7742809955261,1001
2024-09-17 10:25:36.665000,414.7857464161854,999
2024-09-17 10:25:36.698000,414.7637664969543,98
2024-09-17 10:25:36.721000,414.7828888447535,100
2024-09-17 10:25:36.741000,414.7703606333608,103
2024-09-17 10:25:36.880000,414.79106985809,1001
2024-09-17 10:25:37.020000,414.8608291467368,8
2024-09-17 10:25:37.038000,414.7690334904841,997
2024-09-17 10:25:37.076000,414.7843184929778,6
2024-09-17 10:25:37.243000,414.8025901914214,1002
2024-09-17 10:25:37.289000,414.7823451471114,12
2024-09-17 10:25:37.313000,414.768180635056,15
2024-09-17 10:25:37.358000,414.7641054610059,12
2024-09-17 10:25:37.366000,414.8262331664072,997
2024-09-17 10:25:37.416000,414.8256554196253,998
2024-09-17 10:25:37.450000,414.76319572270256,95
2024-09-17 10:25:37.503000,414.78223710431394,6
2024-09-17 10:25:37.510000,414.7769899645484,996
2024-09-17 10:25:37.521000,414.8004943898465,11
2024-09-17 10:25:37.523000,414.7684641055811,101
2024-09-17 10:25:37.575000,414.7629071165448,13
2024-09-17 10:25:37.588000,414.76992813103806,998
2024-09-17 10:25:37.638000,414.7807784900272,95
2024-09-17 10:25:37.645000,414.7969633280419,11
2024-09-17 10:25:37.758000,414.7964313647508,1003
2024-09-17 10:25:37.783000,414.7983620266831,105
2024-09-17 10:25:37.790000,414.8547364318409,99
2024-09-17 10:25:37.951000,414.782254165264,13
2024-09-17 10:25:37.964000,414.8244751767273,96
2024-09-17 10:25:37.998000,414.7563965584933,101
2024-09-17 10:25:38.003000,414.8455881104536,998
2024-09-17 10:25:38.044000,414.8561834914336,997
2024-09-17 10:25:38.073000,414.8787127373492,13
2024-09-17 10:25:38.099000,414.8548486917451,9
2024-09-17 10:25:38.243000,414.8632957821685,103
2024-09-17 10:25:38.320000,414.846790654898,9
2024-09-17 10:25:38.324000,414.8347626853836,995
2024-09-17 10:25:38.326000,414.8326032627927,9
2024-09-17 10:25:38.332000,414.8454414611957,996
2024-09-17 10:25:38.351000,414.86954435084033,96
2024-09-17 10:25:38.357000,414.8327913196,1003
2024-09-17 10:25:38.391000,414.8502421187063,1003
2024-09-17 10:25:38.499000,414.8777402149433,997
2024-09-17 10:25:38.634000,414.8730454297267,98
2024-09-17 10:25:38.708000,414.8273302310593,96
2024-09-17 10:25:38.721000,414.83637189950775,8
2024-09-17 10:25:38.773000,414.8362903554,999
2024-09-17 10:25:38.817000,414.83418796394335,101
2024-09-17 10:25:38.991000,414.81658037185576,996
2024-09-17 10:25:39.029000,414.7667056592967,12
2024-09-17 10:25:39.091000,414.8016264203754,5
2024-09-17 10:25:39.113000,414.8512750644617,99
2024-09-17 10:25:39.177000,414.8252128139025,995
2024-09-17 10:25:39.251000,414.8431260987608,997
2024-09-17 10:25:39.253000,414.8275479317825,7
2024-09-17 10:25:39.365000,414.7887696676565,11
2024-09-17 10:25:39.418000,414.83949744935177,103
2024-09-17 10:25:39.423000,414.7822117276419,14
2024-09-17 10:25:39.451000,414.86085947838046,105
2024-09-17 10:25:39.500000,414.7795432829817,104
2024-09-17 10:25:39.506000,414.847464324835,96
2024-09-17 10:25:39.562000,414.77439438241294,12
2024-09-17 10:25:39.577000,414.7887879138693,1000
2024-09-17 10:25:39.601000,414.8307150204603,103
2024-09-17 10:25:39.698000,414.8231538990807,1005
2024-09-17 10:25:39.707000,414.8469651124428,14
2024-09-17 10:25:39.759000,414.78983470393337,5
2024-09-17 10:25:39.793000,414.7967716753474,101
2024-09-17 10:25:39.796000,414.82681925289,1003
2024-09-17 10:25:39.810000,414.8368723778744,995
2024-09-17 10:25:39.894000,414.8130882091944,102
2024-09-17 10:25:39.987000,414.8651753682469,14
2024-09-17 10:25:40.816000,414.7647000999472,10
2024-09-17 10:25:41.007000,414.80267852483655,14
2024-09-17 10:25:41.052000,414.8290944805423,1004
2024-09-17 10:25:41.173000,414.82256951395726,1001
2024-09-17 10:25:41.308000,414.7997567851653,14
2024-09-17 10:25:41.366000,414.7628490263282,6
2024-09-17 10:25:41.387000,414.7597299932704,998
2024-09-17 10:25:41.403000,414.8058465731212,103
2024-09-17 10:25:41.432000,414.8064407876393,98
2024-09-17 10:25:41.434000,414.8233303391592,1004
2024-09-17 10:25:41.495000,414.8092502956497,8
2024-09-17 10:25:41.502000,414.8125367227906,1004
2024-09-17 10:25:41.534000,414.8412197421909,12
2024-09-17 10:25:41.658000,414.8272217256754,98
2024-09-17 10:25:41.668000,414.7519413008566,14
2024-09-17 10:25:41.752000,414.760280701769,100
2024-09-17 10:25:41.767000,414.7514609028778,6
2024-09-17 10:25:41.794000,414.8283374639555,9
2024-09-17 10:25:41.849000,414.8289699396835,100
2024-09-17 10:25:41.868000,414.8169559562552,99
2024-09-17 10:25:41.937000,414.8228334088855,105
2024-09-17 10:25:41.982000,414.83673458807687,995
2024-09-17 10:25:41.998000,414.77772755053263,105
2024-09-17 10:25:42.005000,414.768673259038,8
2024-09-17 10:25:42.013000,414.7737981568437,103
2024-09-17 10:25:42.099000,414.7508329569597,96
2024-09-17 10:25:42.221000,414.7733173994137,7
2024-09-17 10:25:42.225000,414.7814254568266,995
2024-09-17 10:25:42.233000,414.7770243600244,13
2024-09-17 10:25:42.253000,414.7740589523232,998
2024-09-17 10:25:42.258000,414.7822175940297,1002
2024-09-17 10:25:42.512000,414.7797575481312,98
2024-09-17 10:25:42.534000,414.7630094722934,15
2024-09-17 10:25:42.542000,414.798423914933,102
2024-09-17 10:25:42.598000,414.7811933203025,1004
2024-09-17 10:25:42.617000,414.7743759570066,14
2024-09-17 10:25:42.889000,414.7872622192302,1002
2024-09-17 10:25:43.122000,414.7122534812224,998
2024-09-17 10:25:43.132000,414.77987675561786,105
2024-09-17 10:25:43.192000,414.7090715537093,98
2024-09-17 10:25:43.256000,414.7285370325801,105
2024-09-17 10:25:43.270000,414.7067252378824,6
2024-09-17 10:25:43.336000,414.6995287572691,95
2024-09-17 10:25:43.481000,414.7714928826419,1005
2024-09-17 10:25:43.484000,414.7769397001953,12
2024-09-17 10:25:43.620000,414.7517337200786,99
2024-09-17 10:25:43.841000,414.7319718583456,15
2024-09-17 10:25:43.885000,414.7080347061519,102
2024-09-17 10:25:43.886000,414.7432487694942,98
2024-09-17 10:25:43.905000,414.71087851655074,1001
2024-09-17 10:25:43.959000,414.7629966082856,998
2024-09-17 10:25:44.026000,414.7213751580464,6
2024-09-17 10:25:44.077000,414.75387791828535,11
2024-09-17 10:25:44.119000,414.75989837730486,105
2024-09-17 10:25:44.149000,414.75648315798543,998
2024-09-17 10:25:44.164000,414.7177328253397,97
2024-09-17 10:25:44.190000,414.757740808853,1005
2024-09-17 10:25:44.214000,414.75898965336495,103
2024-09-17 10:25:44.259000,414.7313854445184,997
2024-09-17 10:25:44.298000,414.75050271727497,999
2024-09-17 10:25:44.350000,414.7588033945258,997
2024-09-17 10:25:44.359000,414.76603189377016,1004
2024-09-17 10:25:44.468000,414.7681444833312,998
2024-09-17 10:25:44.578000,414.7145444095689,15
2024-09-17 10:25:44.608000,414.7226327494106,995
2024-09-17 10:25:44.614000,414.7485590850872,15
2024-09-17 10:25:44.618000,414.7389695992001,99
2024-09-17 10:25:44.627000,414.7383703815834,102
2024-09-17 10:25:44.632000,414.7398337461111,11
2024-09-17 10:25:44.681000,414.7364656312128,996
2024-09-17 10:25:44.725000,414.7340573663484,1002
2024-09-17 10:25:44.786000,414.7228654392326,102
2024-09-17 10:25:44.795000,414.7511850006284,105
2024-09-17 10:25:44.850000,414.7589723526624,1001
2024-09-17 10:25:44.925000,414.7362828532729,10
2024-09-17 10:25:44.925000,414.73219101075097,105
2024-09-17 10:25:44.927000,414.7406641803785,99
2024-09-17 10:25:44.960000,414.726591614686,999
2024-09-17 10:25:45.011000,414.7301492682192,1001
2024-09-17 10:25:45.012000,414.7326549657369,96
2024-09-17 10:25:45.112000,414.7585014426689,996
2024-09-17 10:25:45.273000,414.71035450276855,101
2024-09-17 10:25:45.321000,414.71225439680296,10
2024-09-17 10:25:45.402000,414.7163069094294,10
2024-09-17 10:25:45.467000,414.7692227309728,999
2024-09-17 10:25:45.497000,414.7263456939637,100
2024-09-17 10:25:45.696000,414.7604724147407,997
2024-09-17 10:25:45.871000,414.7023877536321,101
2024-09-17 10:25:45.946000,414.720607158844,1001
2024-09-17 10:25:45.984000,414.7634334643121,95
2024-09-17 10:25:46.004000,414.8076795759349,14
2024-09-17 10:25:46.280000,414.83850196965,12
2024-09-17 10:25:46.299000,414.8316387465493,105
2024-09-17 10:25:46.322000,414.8512499248278,105
2024-09-17 10:25:46.381000,414.7935133676101,11
2024-09-17 10:25:46.388000,414.7763965278755,104
2024-09-17 10:25:46.444000,414.8018631657511,1002
2024-09-17 10:25:46.468000,414.7986359120947,99
2024-09-17 10:25:46.578000,414.8024277586246,1005
2024-09-17 10:25:46.580000,414.81849902587646,95
2024-09-17 10:25:46.598000,414.8230823398087,14
2024-09-17 10:25:46.599000,414.7991613621048,96
2024-09-17 10:25:46.815000,414.7648746191129,12
2024-09-17 10:25:46.871000,414.8020432680557,104
2024-09-17 10:25:46.873000,414.8135110648904,14
2024-09-17 10:25:46.953000,414.8130212817596,12
2024-09-17 10:25:46.984000,414.81862089476107,95
2024-09-17 10:25:47.057000,414.7961076133256,1002
2024-09-17 10:25:47.099000,414.83716448282814,999
2024-09-17 10:25:47.121000,414.8549975179174,14
2024-09-17 10:25:47.160000,414.8205036351045,6
2024-09-17 10:25:47.170000,414.8494538427336,100
2024-09-17 10:25:47.197000,414.8510228973804,8
2024-09-17 10:25:47.224000,414.8280804394731,997
2024-09-17 10:25:47.248000,414.8496671476784,95
2024-09-17 10:25:47.358000,414.8412457320117,6
2024-09-17 10:25:47.400000,414.8523613833684,999
2024-09-17 10:25:47.440000,414.80381984199687,95
2024-09-17 10:25:47.510000,414.8496063289757,11
2024-09-17 10:25:47.522000,414.8300204282016,9
2024-09-17 10:25:47.526000,414.8380200652858,104
2024-09-17 10:25:47.570000,414.8311814784135,8
2024-09-17 10:25:47.582000,414.8362545650901,15
2024-09-17 10:25:47.590000,414.8383151723055,1001
2024-09-17 10:25:47.656000,414.85177855861497,101
2024-09-17 10:25:47.674000,414.8443861235488,104
2024-09-17 10:25:47.696000,414.8638251497761,6
2024-09-17 10:25:47.715000,414.83559532953103,103
2024-09-17 10:25:47.736000,414.8243058586471,997
2024-09-17 10:25:47.744000,414.8013092401233,98
2024-09-17 10:25:47.803000,414.8006869322409,10
2024-09-17 10:25:47.896000,414.81913439001625,103
2024-09-17 10:25:47.916000,414.8243798801364,98
2024-09-17 10:25:47.925000,414.8625110739725,102
2024-09-17 10:25:48.055000,414.80058592502814,100
2024-09-17 10:25:48.078000,414.75846568811824,995
2024-09-17 10:25:48.148000,414.75650207431335,999
2024-09-17 10:25:48.243000,414.8045849070075,103
2024-09-17 10:25:48.253000,414.79731228111353,1005
2024-09-17 10:25:48.254000,414.7983554783464,1002
2024-09-17 10:25:48.292000,414.8005104949853,1002
2024-09-17 10:25:48.536000,414.7764576434118,95
2024-09-17 10:25:48.553000,414.79739571953473,1001
2024-09-17 10:25:48.561000,414.76112658353287,104
2024-09-17 10:25:48.601000,414.77963004233135,9
2024-09-17 10:25:48.605000,414.82124685029765,104
2024-09-17 10:25:48.645000,414.7462749394854,10
2024-09-17 10:25:48.717000,414.7812586825424,8
2024-09-17 10:25:48.721000,414.7797730871635,11
2024-09-17 10:25:48.724000,414.7740947721475,99
2024-09-17 10:25:48.770000,414.76580955450777,14
2024-09-17 10:25:48.966000,414.8060351785523,98
2024-09-17 10:25:48.993000,414.80216193309246,995
2024-09-17 10:25:49.078000,414.6995075056248,1004
2024-09-17 10:25:49.094000,414.793366405596,1004
2024-09-17 10:25:49.145000,414.66017976320654,100
2024-09-17 10:25:49.202000,414.7963139933065,96
2024-09-17 10:25:49.226000,414.6744991228573,997
2024-09-17 10:25:49.246000,414.7648544200686,5
2024-09-17 10:25:49.359000,414.6698581171872,95
2024-09-17 10:25:49.364000,414.77736032423167,1000
2024-09-17 10:25:49.388000,414.6520102211111,6
2024-09-17 10:25:49.478000,414.7081279385474,996
2024-09-17 10:25:49.552000,414.753094813914,14
2024-09-17 10:25:49.612000,414.7597245166417,104
2024-09-17 10:25:49.638000,414.7766108152616,96
2024-09-17 10:25:49.663000,414.6677988375385,104
2024-09-17 10:25:49.669000,414.7617711769116,10
2024-09-17 10:25:49.708000,414.76655996308034,997
2024-09-17 10:25:49.754000,414.7049562233747,13
2024-09-17 10:25:49.778000,414.767520211179,1002
2024-09-17 10:25:49.825000,414.6421530541372,15
2024-09-17 10:25:49.867000,414.67069716635547,104
2024-09-17 10:25:50.017000,414.6943553290938,999
2024-09-17 10:25:50.099000,414.7247807996703,99
2024-09-17 10:25:50.175000,414.7404216400533,996
2024-09-17 10:25:50.245000,414.7151566120604,1000
2024-09-17 10:25:50.334000,414.6846844670024,13
2024-09-17 10:25:50.354000,414.6867721459067,103
2024-09-17 10:25:50.382000,414.7307136458822,104
2024-09-17 10:25:50.433000,414.65993901676944,1003
2024-09-17 10:25:50.606000,414.7063947821422,101
2024-09-17 10:25:50.626000,414.69066862405,9
2024-09-17 10:25:50.690000,414.727382777685,5
2024-09-17 10:25:50.773000,414.6871912733869,5
2024-09-17 10:25:50.781000,414.6786206237289,7
2024-09-17 10:25:51.050000,414.706570124178,98
2024-09-17 10:25:51.101000,414.6692913997778,999
2024-09-17 10:25:51.246000,414.70630062331776,1002
2024-09-17 10:25:51.272000,414.700533423448,14
2024-09-17 10:25:51.276000,414.6724006417852,1004
2024-09-17 10:25:51.335000,414.6590546819589,99
2024-09-17 10:25:51.347000,414.6811230584847,1004
2024-09-17 10:25:51.499000,414.676865584431,14
2024-09-17 10:25:51.502000,414.68241956801927,101
2024-09-17 10:25:51.636000,414.6767799465565,995
2024-09-17 10:25:51.704000,414.6661984811416,996
2024-09-17 10:25:51.796000,414.6737803096314,105
2024-09-17 10:25:51.855000,414.6681340110556,101
2024-09-17 10:25:51.855000,414.7325020684826,995
2024-09-17 10:25:51.925000,414.6829009162878,1002
2024-09-17 10:25:51.936000,414.65427319149006,98
2024-09-17 10:25:51.955000,414.6616785041588,99
2024-09-17 10:25:52.684000,414.7289887522196,95
2024-09-17 10:25:53.242000,414.7451147580256,1002
2024-09-17 10:25:54.126000,414.7759927204541,997
2024-09-17 10:25:54.979000,414.8046273696186,7
2024-09-17 10:25:55.227000,414.7816057013439,996
2024-09-17 10:25:55.251000,414.8019694308152,103
2024-09-17 10:25:55.629000,414.804754587164,102
2024-09-17 10:25:55.710000,414.7997255001314,101
2024-09-17 10:25:56.018000,414.750370696803,5
2024-09-17 10:25:56.025000,414.7600052905525,997
2024-09-17 10:25:56.033000,414.7591981861595,998
2024-09-17 10:25:56.054000,414.7347505131521,1000
2024-09-17 10:25:56.099000,414.7678114477831,97
2024-09-17 10:25:56.114000,414.74743591505137,95
2024-09-17 10:25:56.139000,414.79291050168473,1004
2024-09-17 10:25:56.171000,414.73039151713857,1000
2024-09-17 10:25:56.205000,414.7498873160358,100
2024-09-17 10:25:56.238000,414.7619076056648,98
2024-09-17 10:25:56.248000,414.7531843839021,13
2024-09-17 10:25:56.363000,414.7549260911424,98
2024-09-17 10:25:56.485000,414.74387562508434,96
2024-09-17 10:25:56.659000,414.7443959492398,997
2024-09-17 10:25:56.682000,414.7338405424232,996
2024-09-17 10:25:56.689000,414.7685468123822,11
2024-09-17 10:25:56.709000,414.75984621096063,12
2024-09-17 10:25:56.735000,414.77910042722885,8
2024-09-17 10:25:56.776000,414.7557879890176,6
2024-09-17 10:25:56.862000,414.7551005183957,1005
2024-09-17 10:25:56.888000,414.7722862275776,1001
2024-09-17 10:25:56.903000,414.7553288579086,100
2024-09-17 10:25:56.942000,414.7447047043134,1001
2024-09-17 10:25:56.996000,414.7476240369637,8
2024-09-17 10:25:57.008000,414.7578772005844,13
2024-09-17 10:25:57.063000,414.7751170103359,100
2024-09-17 10:25:57.087000,414.7638748112006,100
2024-09-17 10:25:57.150000,414.7546830613396,1005
2024-09-17 10:25:57.184000,414.72927710823393,99
2024-09-17 10:25:57.249000,414.74446420588737,8
2024-09-17 10:25:57.298000,414.7459551271424,5
2024-09-17 10:25:57.331000,414.7557388235775,103
2024-09-17 10:25:57.393000,414.7631358726452,9
2024-09-17 10:25:57.563000,414.7731515748399,11
2024-09-17 10:25:57.582000,414.77692761207686,995
2024-09-17 10:25:57.754000,414.7515859957599,95
2024-09-17 10:25:57.826000,414.78413916304856,97
2024-09-17 10:25:57.843000,414.8006493802599,99
2024-09-17 10:25:57.848000,414.7949283165879,105
2024-09-17 10:25:58.031000,414.7744487531391,10
2024-09-17 10:25:58.051000,414.7814474114078,8
2024-09-17 10:25:58.067000,414.7745720179006,996
2024-09-17 10:25:58.264000,414.74974168720286,997
2024-09-17 10:25:58.288000,414.7845358023931,102
2024-09-17 10:25:58.289000,414.728781932612,14
2024-09-17 10:25:58.396000,414.78083544117897,9
2024-09-17 10:25:58.436000,414.8008395121295,1000
2024-09-17 10:25:58.466000,414.78351722642014,98
2024-09-17 10:25:58.490000,414.7473631816448,997
2024-09-17 10:25:58.497000,414.7842836351635,9
2024-09-17 10:25:58.551000,414.7624483768925,998
2024-09-17 10:25:58.551000,414.789512683148,1003
2024-09-17 10:25:58.611000,414.7807810022889,103
2024-09-17 10:25:58.643000,414.7798795526968,9
2024-09-17 10:25:58.745000,414.7460811479924,5
2024-09-17 10:25:58.753000,414.7284480128683,1002
2024-09-17 10:25:58.760000,414.7778711599655,1001
2024-09-17 10:25:58.768000,414.7716709321623,998
2024-09-17 10:25:58.910000,414.7385590599287,7
2024-09-17 10:25:58.921000,414.7775012726179,8
2024-09-17 10:25:59.041000,414.7575837154479,102
2024-09-17 10:25:59.090000,414.7643709275167,1003
2024-09-17 10:25:59.153000,414.69422626925945,6
2024-09-17 10:25:59.316000,414.69665655204926,7
2024-09-17 10:25:59.399000,414.7279150353664,97
2024-09-17 10:25:59.408000,414.7172846284955,98
2024-09-17 10:25:59.435000,414.7786259538522,104
2024-09-17 10:25:59.453000,414.7359279043917,13
2024-09-17 10:25:59.459000,414.749754038667,1004
2024-09-17 10:25:59.511000,414.7504931554908,1003
2024-09-17 10:25:59.521000,414.7323511862182,7
2024-09-17 10:25:59.543000,414.7298791342558,102
2024-09-17 10:25:59.564000,414.7309856335136,5
2024-09-17 10:25:59.603000,414.7533276988306,104
2024-09-17 10:25:59.608000,414.7495233959795,99
2024-09-17 10:25:59.620000,414.756129834944,105
2024-09-17 10:25:59.717000,414.741287929538,101
2024-09-17 10:25:59.738000,414.7914783242402,1001
2024-09-17 10:25:59.756000,414.7336638959456,10
2024-09-17 10:25:59.762000,414.7783929592316,105
2024-09-17 10:25:59.802000,414.70472552873593,10
2024-09-17 10:25:59.813000,414.70096945336,102
2024-09-17 10:25:59.838000,414.75102406157606,998
2024-09-17 10:25:59.843000,414.7528521993273,995
2024-09-17 10:25:59.852000,414.689980460066,14
2024-09-17 10:25:59.875000,414.7749187682557,103
2024-09-17 10:25:59.880000,414.7457710987977,998
2024-09-17 10:25:59.895000,414.7040430567267,105
2024-09-17 10:25:59.909000,414.7008553641793,996
2024-09-17 10:25:59.911000,414.745198625627,7
