Timestamp,Price,Size
2024-09-17 15:17:00.097000,406.9751824746836,96
2024-09-17 15:17:00.104000,406.9793577816233,103
2024-09-17 15:17:00.204000,406.99071906614296,13
2024-09-17 15:17:00.229000,407.0090909621544,5
2024-09-17 15:17:00.249000,406.9858728487132,998
2024-09-17 15:17:00.279000,406.9985204764911,1002
2024-09-17 15:17:00.352000,406.9774064539612,1001
2024-09-17 15:17:00.355000,406.9919767872644,13
2024-09-17 15:17:00.597000,406.9921344158936,105
2024-09-17 15:17:00.612000,407.0267432985026,996
2024-09-17 15:17:00.758000,406.9822352809231,100
2024-09-17 15:17:00.997000,406.9803242681394,100
2024-09-17 15:17:01.032000,407.0009616847328,996
2024-09-17 15:17:01.123000,406.989925835705,1000
2024-09-17 15:17:01.179000,407.0169104627323,996
2024-09-17 15:17:01.233000,406.98635698988255,97
2024-09-17 15:17:01.306000,406.9873368210256,102
2024-09-17 15:17:01.398000,407.0033992715398,97
2024-09-17 15:17:01.454000,407.0041722832463,8
2024-09-17 15:17:01.569000,407.0100033256037,100
2024-09-17 15:17:01.587000,406.993173305504,1000
2024-09-17 15:17:01.983000,407.00612919029794,1003
2024-09-17 15:17:02.105000,406.9951426415704,15
2024-09-17 15:17:02.294000,406.9981147826013,996
2024-09-17 15:17:02.519000,406.99519374115465,6
2024-09-17 15:17:02.674000,406.9929715644512,1004
2024-09-17 15:17:03.023000,407.0015227128764,10
2024-09-17 15:17:03.222000,407.00218570892633,1000
2024-09-17 15:17:03.473000,406.9923533560724,9
2024-09-17 15:17:03.661000,406.9957131017799,104
2024-09-17 15:17:03.728000,406.9935535465672,98
2024-09-17 15:17:03.863000,406.99878158180144,97
2024-09-17 15:17:03.920000,407.0137972849232,99
2024-09-17 15:17:04.223000,406.94773977493287,12
2024-09-17 15:17:04.255000,406.9990121617136,103
2024-09-17 15:17:04.344000,406.9597875665208,15
2024-09-17 15:17:04.386000,406.9591604268412,14
2024-09-17 15:17:04.392000,406.96702266590125,9
2024-09-17 15:17:04.431000,406.9521591435189,101
2024-09-17 15:17:04.437000,406.98783706571567,6
2024-09-17 15:17:04.517000,407.0157043400493,1000
2024-09-17 15:17:04.536000,406.9409755569063,102
2024-09-17 15:17:04.581000,407.0013612604323,12
2024-09-17 15:17:04.649000,407.0082320054601,995
2024-09-17 15:17:04.654000,406.9644700389911,1005
2024-09-17 15:17:04.657000,406.9433168989698,1002
2024-09-17 15:17:04.702000,406.9778292843048,1000
2024-09-17 15:17:04.711000,406.950388654462,15
2024-09-17 15:17:04.968000,407.0191398730316,997
2024-09-17 15:17:04.971000,406.9823047941931,1003
2024-09-17 15:17:04.996000,406.9790770345068,6
2024-09-17 15:17:05.035000,407.0357548245301,9
2024-09-17 15:17:05.088000,407.0075333834944,104
2024-09-17 15:17:05.096000,407.01840008138913,12
2024-09-17 15:17:05.152000,407.0054150869626,11
2024-09-17 15:17:05.207000,407.0095336596393,999
2024-09-17 15:17:05.208000,407.0176395593173,96
2024-09-17 15:17:05.211000,407.0575183662687,997
2024-09-17 15:17:05.309000,406.9857593993802,11
2024-09-17 15:17:05.325000,407.0360891479452,10
2024-09-17 15:17:05.350000,407.0089839266287,5
2024-09-17 15:17:05.414000,407.0414589813558,998
2024-09-17 15:17:05.420000,407.0632409647943,101
2024-09-17 15:17:05.466000,407.00149536927626,1004
2024-09-17 15:17:05.515000,407.02900971695817,995
2024-09-17 15:17:05.535000,406.9997609217253,95
2024-09-17 15:17:05.596000,407.0307429328277,7
2024-09-17 15:17:05.606000,407.0211915061023,1001
2024-09-17 15:17:05.636000,407.0450002440775,995
2024-09-17 15:17:05.641000,407.0520907274615,8
2024-09-17 15:17:05.699000,407.0135252584794,95
2024-09-17 15:17:05.712000,407.0622817593928,1000
2024-09-17 15:17:05.748000,406.9867042751619,14
2024-09-17 15:17:05.822000,406.9967532355009,99
2024-09-17 15:17:05.897000,407.0643154222111,103
2024-09-17 15:17:05.897000,407.0066868146003,8
2024-09-17 15:17:05.955000,407.0084640597504,98
2024-09-17 15:17:05.961000,407.0165155183863,1001
2024-09-17 15:17:05.983000,407.0116442061396,999
2024-09-17 15:17:06.150000,407.0060566377402,1005
2024-09-17 15:17:06.174000,407.0135754184661,8
2024-09-17 15:17:06.182000,407.032213286751,103
2024-09-17 15:17:06.243000,407.03183296471536,1001
2024-09-17 15:17:06.293000,407.0313990811052,7
2024-09-17 15:17:06.303000,407.0408992693156,13
2024-09-17 15:17:06.321000,407.0156590816503,8
2024-09-17 15:17:06.349000,407.02190299069537,96
2024-09-17 15:17:06.377000,407.0104318300779,101
2024-09-17 15:17:06.412000,407.0261590837946,103
2024-09-17 15:17:06.565000,407.0593703180142,96
2024-09-17 15:17:06.602000,407.0156429214513,10
2024-09-17 15:17:06.638000,407.0452035568566,12
2024-09-17 15:17:06.650000,407.044968906704,1003
2024-09-17 15:17:06.658000,406.9922204491583,998
2024-09-17 15:17:06.678000,407.0290252577007,1004
2024-09-17 15:17:06.717000,406.9565449475752,103
2024-09-17 15:17:06.762000,407.0033719510682,9
2024-09-17 15:17:06.780000,407.0135010399415,103
2024-09-17 15:17:06.781000,407.0026074254349,105
2024-09-17 15:17:06.811000,407.0084885904782,996
2024-09-17 15:17:06.835000,406.9976021539964,1004
2024-09-17 15:17:06.839000,407.0295336499087,7
2024-09-17 15:17:06.896000,407.0299801915271,6
2024-09-17 15:17:06.908000,407.0595436168452,1002
2024-09-17 15:17:06.918000,407.0273889552358,105
2024-09-17 15:17:06.933000,407.0132780518237,99
2024-09-17 15:17:06.936000,407.0380066184361,12
2024-09-17 15:17:07.063000,407.0299873728063,998
2024-09-17 15:17:07.131000,407.02392601917927,9
2024-09-17 15:17:07.141000,407.01053803796015,1004
2024-09-17 15:17:07.147000,407.0201010376373,14
2024-09-17 15:17:07.172000,407.0031782360685,1001
2024-09-17 15:17:07.283000,406.9634102726191,13
2024-09-17 15:17:07.379000,406.9647968569834,998
2024-09-17 15:17:07.386000,407.04595319834897,1004
2024-09-17 15:17:07.405000,407.01039840358544,8
2024-09-17 15:17:07.411000,407.0340861295182,10
2024-09-17 15:17:07.473000,406.9921798945933,98
2024-09-17 15:17:07.483000,406.98809914616095,9
2024-09-17 15:17:07.514000,406.9704997187495,998
2024-09-17 15:17:07.518000,407.0361509898143,995
2024-09-17 15:17:07.532000,407.00424147634726,7
2024-09-17 15:17:07.545000,406.9931700132166,98
2024-09-17 15:17:07.556000,406.97028432672766,999
2024-09-17 15:17:07.591000,407.0315435450977,1001
2024-09-17 15:17:07.599000,406.99898611365,105
2024-09-17 15:17:07.663000,407.0267290077191,11
2024-09-17 15:17:07.724000,406.979625036248,7
2024-09-17 15:17:07.785000,406.9981849969039,995
2024-09-17 15:17:07.834000,407.0514153095368,102
2024-09-17 15:17:07.885000,407.02598026413,102
2024-09-17 15:17:07.968000,407.0208070070965,995
2024-09-17 15:17:07.983000,406.9758249070634,6
2024-09-17 15:17:07.985000,407.0197196954467,105
2024-09-17 15:17:08.002000,406.9596191692638,14
2024-09-17 15:17:08.022000,406.9857778364078,998
2024-09-17 15:17:08.025000,406.9517317058168,13
2024-09-17 15:17:08.079000,406.9646680473007,102
2024-09-17 15:17:08.251000,406.97655816112297,12
2024-09-17 15:17:08.273000,406.9663806754696,1005
2024-09-17 15:17:08.277000,406.9908474414081,999
2024-09-17 15:17:08.368000,406.94830705187127,101
2024-09-17 15:17:08.420000,406.9506484371652,1003
2024-09-17 15:17:08.566000,413.8717871851929,13
2024-09-17 15:17:08.578000,406.9905010008653,5
2024-09-17 15:17:08.593000,406.9656826363017,105
2024-09-17 15:17:08.607000,406.9773796795281,96
2024-09-17 15:17:08.677000,406.9444715476921,12
2024-09-17 15:17:08.937000,406.9517758121852,1003
2024-09-17 15:17:08.947000,406.9505823182973,8
2024-09-17 15:17:09.043000,406.9917950170555,1005
2024-09-17 15:17:09.081000,406.9987748547623,7
2024-09-17 15:17:09.252000,406.9951610017075,102
2024-09-17 15:17:09.352000,406.9960749688032,98
2024-09-17 15:17:09.432000,406.9824493959871,12
2024-09-17 15:17:09.531000,407.0012131196233,1005
2024-09-17 15:17:09.551000,406.9790504039572,996
2024-09-17 15:17:09.573000,406.9869194409422,105
2024-09-17 15:17:09.741000,406.99774111710553,6
2024-09-17 15:17:09.751000,406.99888537520405,101
2024-09-17 15:17:10.067000,406.9608714274776,9
2024-09-17 15:17:10.082000,406.95949818218793,105
2024-09-17 15:17:10.137000,406.9761250301564,999
2024-09-17 15:17:10.157000,407.0070056775032,14
2024-09-17 15:17:10.187000,406.9837246181549,13
2024-09-17 15:17:10.201000,406.9914685343036,13
2024-09-17 15:17:10.222000,407.0058315869312,997
2024-09-17 15:17:10.271000,406.9945810912207,1002
2024-09-17 15:17:10.278000,407.0009226703286,999
2024-09-17 15:17:10.329000,406.9697752519517,102
2024-09-17 15:17:10.398000,407.01325008371833,1002
2024-09-17 15:17:10.422000,406.98937425988,15
2024-09-17 15:17:10.471000,406.9857611098829,97
2024-09-17 15:17:10.630000,407.00679039763577,97
2024-09-17 15:17:10.650000,407.0039336582604,12
2024-09-17 15:17:10.685000,406.97482842455474,8
2024-09-17 15:17:10.934000,406.98601466627065,97
2024-09-17 15:17:10.998000,406.9786436739786,1003
2024-09-17 15:17:11.009000,406.961516863765,1003
2024-09-17 15:17:11.023000,406.9220111450487,1004
2024-09-17 15:17:11.095000,406.9255045580435,100
2024-09-17 15:17:11.150000,406.9311926897508,10
2024-09-17 15:17:11.201000,406.975558868564,96
2024-09-17 15:17:11.221000,406.9402142219838,998
2024-09-17 15:17:11.226000,406.9139364821455,1003
2024-09-17 15:17:11.276000,406.9566408908167,1004
2024-09-17 15:17:11.343000,406.94646869070726,13
2024-09-17 15:17:11.417000,406.96808331293374,15
2024-09-17 15:17:11.432000,406.9362230465511,13
2024-09-17 15:17:11.449000,406.9617174848301,1002
2024-09-17 15:17:11.667000,406.94819697990016,8
2024-09-17 15:17:11.825000,406.9126009897821,12
2024-09-17 15:17:11.843000,406.9351580324597,12
2024-09-17 15:17:11.848000,406.9474239624874,11
2024-09-17 15:17:11.857000,406.9713727268773,105
2024-09-17 15:17:12,406.97037010495393,1000
2024-09-17 15:17:12.026000,406.9551021803222,14
2024-09-17 15:17:12.036000,406.9696296625213,15
2024-09-17 15:17:12.041000,406.9440566020674,999
2024-09-17 15:17:12.075000,406.9464685603348,6
2024-09-17 15:17:12.098000,406.9623702560244,999
2024-09-17 15:17:12.126000,406.9721025032432,104
2024-09-17 15:17:12.128000,413.7650998755888,12
2024-09-17 15:17:12.163000,406.964624219332,11
2024-09-17 15:17:12.195000,406.97534418882685,15
2024-09-17 15:17:12.267000,406.95397683080216,996
2024-09-17 15:17:12.309000,406.9528765702206,997
2024-09-17 15:17:12.399000,406.9649163599523,13
2024-09-17 15:17:12.437000,413.8076731034172,999
2024-09-17 15:17:12.477000,406.98182112705206,9
2024-09-17 15:17:12.529000,406.9260681190453,100
2024-09-17 15:17:12.570000,406.97046632211385,101
2024-09-17 15:17:12.641000,406.9294526559625,105
2024-09-17 15:17:12.654000,406.9654043514226,1000
2024-09-17 15:17:12.689000,406.9746448851461,1002
2024-09-17 15:17:12.741000,406.91563569587686,1000
2024-09-17 15:17:12.752000,406.94747911423167,1005
2024-09-17 15:17:12.768000,406.9495827036744,13
2024-09-17 15:17:12.778000,406.9686953226839,97
2024-09-17 15:17:12.804000,406.94435372218175,97
2024-09-17 15:17:12.917000,406.96406972268665,8
2024-09-17 15:17:12.952000,406.91785109148645,1003
2024-09-17 15:17:12.953000,406.97985026464113,104
2024-09-17 15:17:12.962000,406.9698675779368,1003
2024-09-17 15:17:13.225000,406.9201881516769,7
2024-09-17 15:17:13.389000,406.95092814176354,103
2024-09-17 15:17:13.403000,406.9368954508206,96
2024-09-17 15:17:13.584000,406.9268281005952,13
2024-09-17 15:17:13.666000,406.9439786731196,15
2024-09-17 15:17:13.713000,406.9334839509074,995
2024-09-17 15:17:13.731000,406.94007739837616,998
2024-09-17 15:17:13.907000,406.9237431959834,15
2024-09-17 15:17:13.970000,406.9169372118172,8
2024-09-17 15:17:14.143000,406.9316227266697,7
2024-09-17 15:17:14.338000,406.9472379666284,996
2024-09-17 15:17:14.789000,406.9229285477077,996
2024-09-17 15:17:14.961000,406.9359181509297,15
2024-09-17 15:17:15.007000,406.9260694320877,1000
2024-09-17 15:17:15.053000,406.9121126790793,1002
2024-09-17 15:17:15.072000,406.91859950808015,10
2024-09-17 15:17:15.127000,406.9289319369138,105
2024-09-17 15:17:15.129000,406.8888937261535,96
2024-09-17 15:17:15.132000,406.9389375444439,103
2024-09-17 15:17:15.173000,406.89310067522354,102
2024-09-17 15:17:15.202000,406.9316726042729,8
2024-09-17 15:17:15.225000,406.9403583570061,999
2024-09-17 15:17:15.229000,406.90172461362266,12
2024-09-17 15:17:15.274000,406.9020894603631,1000
2024-09-17 15:17:15.391000,406.90311911934464,7
2024-09-17 15:17:15.397000,406.9457542047329,97
2024-09-17 15:17:15.431000,406.8733572459754,998
2024-09-17 15:17:15.437000,406.89601125056384,104
2024-09-17 15:17:15.485000,406.93108075469183,95
2024-09-17 15:17:15.512000,406.92043174524485,97
2024-09-17 15:17:15.570000,406.9059455385496,102
2024-09-17 15:17:15.625000,406.9218106193604,7
2024-09-17 15:17:15.667000,406.9301881240585,102
2024-09-17 15:17:15.709000,406.91388010437424,1002
2024-09-17 15:17:15.733000,406.9320130749568,998
2024-09-17 15:17:15.791000,406.9250772640945,101
2024-09-17 15:17:15.813000,406.93305434703336,1003
2024-09-17 15:17:15.814000,406.9184631938394,15
2024-09-17 15:17:15.837000,406.896678638024,1005
2024-09-17 15:17:15.858000,406.8931623743588,14
2024-09-17 15:17:15.892000,406.8867035408614,101
2024-09-17 15:17:16.026000,406.87069641804095,8
2024-09-17 15:17:16.074000,406.9207281960077,11
2024-09-17 15:17:16.089000,406.8603787556885,999
2024-09-17 15:17:16.092000,406.8482336393813,1001
2024-09-17 15:17:16.217000,406.8366016627531,5
2024-09-17 15:17:16.308000,406.85687623278415,999
2024-09-17 15:17:16.343000,406.89754505345206,96
2024-09-17 15:17:16.349000,406.8528144071689,95
2024-09-17 15:17:16.351000,406.84520010594775,14
2024-09-17 15:17:16.378000,406.8398088073874,105
2024-09-17 15:17:16.425000,406.8817779499995,8
2024-09-17 15:17:16.442000,406.85678077327753,95
2024-09-17 15:17:16.555000,406.87517509934025,998
2024-09-17 15:17:16.570000,406.8809679104784,101
2024-09-17 15:17:16.693000,406.8382566811513,8
2024-09-17 15:17:16.698000,406.8397239315906,998
2024-09-17 15:17:16.746000,406.8522023827883,105
2024-09-17 15:17:16.862000,406.8529769155244,12
2024-09-17 15:17:16.894000,406.8501677017983,996
2024-09-17 15:17:16.910000,406.8742823941324,5
2024-09-17 15:17:16.925000,406.9064946332879,101
2024-09-17 15:17:16.941000,406.8480749159151,100
2024-09-17 15:17:17.028000,406.80529391834864,10
2024-09-17 15:17:17.085000,406.70271586974593,12
2024-09-17 15:17:17.098000,406.6688864887822,105
2024-09-17 15:17:17.107000,406.68979236321536,1000
2024-09-17 15:17:17.132000,406.7479016142081,1003
2024-09-17 15:17:17.139000,406.71096312714553,1004
2024-09-17 15:17:17.174000,406.716609211106,1001
2024-09-17 15:17:17.199000,406.7231904271635,995
2024-09-17 15:17:17.238000,406.7108638535539,15
2024-09-17 15:17:17.294000,406.7650397804418,102
2024-09-17 15:17:17.322000,406.7494596289224,12
2024-09-17 15:17:17.368000,406.6962031186191,99
2024-09-17 15:17:17.374000,406.68357667006967,1005
2024-09-17 15:17:17.427000,406.7919144819589,100
2024-09-17 15:17:17.450000,406.67888884545386,99
2024-09-17 15:17:17.455000,406.6927721431379,1000
2024-09-17 15:17:17.469000,406.7906881570112,102
2024-09-17 15:17:17.477000,406.6823597827176,10
2024-09-17 15:17:17.504000,406.7091806565459,1004
2024-09-17 15:17:17.612000,406.7799861755235,104
2024-09-17 15:17:17.632000,406.6561319049542,999
2024-09-17 15:17:17.647000,406.8243158727726,103
2024-09-17 15:17:17.687000,406.6742623135967,1004
2024-09-17 15:17:17.752000,406.72824825023457,999
2024-09-17 15:17:17.805000,406.7053731108591,5
2024-09-17 15:17:17.822000,406.6690352747193,105
2024-09-17 15:17:17.832000,406.7113359806524,1004
2024-09-17 15:17:17.981000,406.8342555532301,103
2024-09-17 15:17:18.009000,406.7534549564819,1002
2024-09-17 15:17:18.067000,406.7588887857115,8
2024-09-17 15:17:18.107000,406.772126554164,6
2024-09-17 15:17:18.137000,406.7225326766618,6
2024-09-17 15:17:18.156000,406.7505675602288,1005
2024-09-17 15:17:18.179000,406.70391601902,995
2024-09-17 15:17:18.207000,406.7278491742398,101
2024-09-17 15:17:18.219000,406.7440089282893,10
2024-09-17 15:17:18.241000,413.9763929130469,96
2024-09-17 15:17:18.247000,406.7153056889599,1001
2024-09-17 15:17:18.256000,406.7180768284354,998
2024-09-17 15:17:18.287000,406.73270915933546,103
2024-09-17 15:17:18.403000,406.72728249696365,97
2024-09-17 15:17:18.412000,406.77115954105903,105
2024-09-17 15:17:18.567000,406.73246633673415,9
2024-09-17 15:17:18.591000,406.74536834809214,1002
2024-09-17 15:17:18.650000,406.7369928272389,96
2024-09-17 15:17:18.654000,406.75050227025145,100
2024-09-17 15:17:18.715000,406.7415900414535,5
2024-09-17 15:17:18.849000,406.7150212326571,1004
2024-09-17 15:17:18.870000,406.76294312171103,12
2024-09-17 15:17:18.905000,406.728045684492,15
2024-09-17 15:17:18.970000,406.7460788866976,996
2024-09-17 15:17:18.971000,406.7107238448832,1000
2024-09-17 15:17:18.997000,406.7153060965034,1004
2024-09-17 15:17:19.026000,406.848001589239,1005
2024-09-17 15:17:19.032000,406.806235868006,102
2024-09-17 15:17:19.108000,414.0037845022576,1005
2024-09-17 15:17:19.195000,406.7914097156166,999
2024-09-17 15:17:19.213000,406.8573113390229,9
2024-09-17 15:17:19.224000,406.8565070470045,97
2024-09-17 15:17:19.348000,406.8165823133164,100
2024-09-17 15:17:19.444000,406.829400481754,100
2024-09-17 15:17:19.472000,406.8578303912775,101
2024-09-17 15:17:19.529000,406.84762743514136,97
2024-09-17 15:17:19.533000,406.80512256766673,102
2024-09-17 15:17:19.543000,406.8587222138596,102
2024-09-17 15:17:19.564000,406.8104373205639,13
2024-09-17 15:17:19.655000,406.7945401501643,10
2024-09-17 15:17:19.683000,406.8124449191174,99
2024-09-17 15:17:19.710000,406.8011163987133,1003
2024-09-17 15:17:19.735000,406.7997318400705,14
2024-09-17 15:17:19.778000,406.84133539946833,1002
2024-09-17 15:17:19.841000,406.802373531144,11
2024-09-17 15:17:19.864000,406.8146705035258,996
2024-09-17 15:17:19.892000,406.84044992847305,1003
2024-09-17 15:17:19.936000,406.8655813307241,101
2024-09-17 15:17:19.970000,406.8021611663904,5
2024-09-17 15:17:19.992000,406.86924206462106,13
2024-09-17 15:17:21.097000,406.87908335213234,99
2024-09-17 15:17:21.117000,406.83251037354887,998
2024-09-17 15:17:21.265000,406.85753449787416,1000
2024-09-17 15:17:21.329000,406.846307871193,15
2024-09-17 15:17:21.512000,406.8555817345273,11
2024-09-17 15:17:21.621000,406.86801560958656,7
2024-09-17 15:17:21.634000,406.8219763195202,101
2024-09-17 15:17:21.636000,406.8879560016676,101
2024-09-17 15:17:21.653000,406.8158870904304,104
2024-09-17 15:17:21.705000,406.814279921322,95
2024-09-17 15:17:21.706000,406.8125443153381,1000
2024-09-17 15:17:21.792000,406.8483565805723,997
2024-09-17 15:17:21.814000,406.8449617268153,1003
2024-09-17 15:17:21.832000,406.8552333018868,5
2024-09-17 15:17:21.972000,406.84682767292304,14
2024-09-17 15:17:22.191000,406.7903404371518,12
2024-09-17 15:17:22.224000,406.8036115859288,100
2024-09-17 15:17:22.255000,406.8332266574053,97
2024-09-17 15:17:22.309000,406.8002444053496,96
2024-09-17 15:17:22.340000,406.8216652754244,98
2024-09-17 15:17:22.479000,406.82365994233663,7
2024-09-17 15:17:22.565000,406.7965510643602,104
2024-09-17 15:17:22.659000,406.8120166426746,1001
2024-09-17 15:17:22.663000,406.8116151256959,998
2024-09-17 15:17:22.703000,406.8012164264436,1005
2024-09-17 15:17:22.802000,406.825713140404,11
2024-09-17 15:17:22.824000,406.8339779274402,95
2024-09-17 15:17:22.857000,406.8069226220661,98
2024-09-17 15:17:22.910000,406.8021101879026,101
2024-09-17 15:17:22.912000,406.8032315420793,101
2024-09-17 15:17:22.957000,406.83413777929377,1000
2024-09-17 15:17:24.044000,406.8557316607812,9
2024-09-17 15:17:24.253000,406.78106323302256,8
2024-09-17 15:17:24.264000,406.7656742286024,1001
2024-09-17 15:17:24.274000,406.77089038514464,6
2024-09-17 15:17:24.279000,406.8048444894379,995
2024-09-17 15:17:24.301000,406.7968344355695,104
2024-09-17 15:17:24.316000,406.7871159047291,11
2024-09-17 15:17:24.321000,406.735466998729,14
2024-09-17 15:17:24.396000,406.8002018404137,103
2024-09-17 15:17:24.400000,406.7667468600577,8
2024-09-17 15:17:24.402000,406.7985762060002,8
2024-09-17 15:17:24.404000,406.854577126448,105
2024-09-17 15:17:24.449000,406.7609251852058,13
2024-09-17 15:17:24.472000,406.7586676172446,7
2024-09-17 15:17:24.507000,406.7444889282951,1002
2024-09-17 15:17:24.536000,406.7679546042788,102
2024-09-17 15:17:24.547000,406.7814286903685,1002
2024-09-17 15:17:24.562000,406.73329228177096,9
2024-09-17 15:17:24.605000,406.7952782929821,14
2024-09-17 15:17:24.664000,406.7856597900371,103
2024-09-17 15:17:24.753000,406.7797753998064,12
2024-09-17 15:17:24.889000,406.7347874358586,8
2024-09-17 15:17:24.907000,406.7782856654037,1005
2024-09-17 15:17:24.943000,406.8308027413446,8
2024-09-17 15:17:26.090000,406.84654948226574,97
2024-09-17 15:17:26.096000,406.8723833533045,9
2024-09-17 15:17:26.112000,406.8207060806686,999
2024-09-17 15:17:26.307000,406.8143827915312,105
2024-09-17 15:17:26.320000,406.8422271209491,998
2024-09-17 15:17:26.332000,406.8640910391484,1004
2024-09-17 15:17:26.390000,406.8571952833012,102
2024-09-17 15:17:26.525000,406.8582439105291,96
2024-09-17 15:17:26.530000,406.8437926538597,95
2024-09-17 15:17:26.534000,406.8679390247279,8
2024-09-17 15:17:26.624000,406.8264549314771,1002
2024-09-17 15:17:26.630000,406.8051456175077,1001
2024-09-17 15:17:26.642000,406.896540018594,99
2024-09-17 15:17:26.660000,406.80213245563385,1001
2024-09-17 15:17:26.715000,406.8553051393487,1002
2024-09-17 15:17:26.754000,406.8609447411173,8
2024-09-17 15:17:26.905000,406.8711124996074,1004
2024-09-17 15:17:26.907000,406.8178415521666,101
2024-09-17 15:17:26.973000,406.8502160384976,102
2024-09-17 15:17:27.081000,406.8284775532501,95
2024-09-17 15:17:27.147000,406.8169866850868,98
2024-09-17 15:17:27.219000,406.8618991407996,100
2024-09-17 15:17:27.250000,406.8677641141554,1004
2024-09-17 15:17:27.294000,406.8216672173156,99
2024-09-17 15:17:27.327000,406.8344471028465,1005
2024-09-17 15:17:27.331000,406.8136559524149,99
2024-09-17 15:17:27.466000,406.8037613203307,13
2024-09-17 15:17:27.606000,406.8392553639079,999
2024-09-17 15:17:27.631000,406.8142313686188,1003
2024-09-17 15:17:27.701000,406.8588499354417,100
2024-09-17 15:17:27.730000,406.8214119101404,96
2024-09-17 15:17:27.788000,406.8286635156646,998
2024-09-17 15:17:27.795000,406.8449005654994,15
2024-09-17 15:17:27.896000,406.8470017490564,998
2024-09-17 15:17:27.900000,406.84689769935,7
2024-09-17 15:17:27.923000,406.8304496633897,97
2024-09-17 15:17:27.932000,406.834752896488,10
2024-09-17 15:17:27.939000,406.8652029113966,6
2024-09-17 15:17:27.968000,406.8455125080128,103
2024-09-17 15:17:28.031000,406.8483487904746,15
2024-09-17 15:17:28.069000,406.8841523862284,7
2024-09-17 15:17:28.093000,406.8471038436224,104
2024-09-17 15:17:28.414000,406.8770712847988,1003
2024-09-17 15:17:28.679000,406.84156606162907,103
2024-09-17 15:17:28.812000,406.8500847725979,96
2024-09-17 15:17:28.895000,406.8773662470692,14
2024-09-17 15:17:28.936000,406.8707121619318,999
2024-09-17 15:17:29.002000,406.85950790452273,10
2024-09-17 15:17:29.016000,406.90925257057023,13
2024-09-17 15:17:29.018000,406.8417617503759,8
2024-09-17 15:17:29.023000,406.8726897039648,104
2024-09-17 15:17:29.183000,406.8666152646734,11
2024-09-17 15:17:29.237000,406.9104463714213,95
2024-09-17 15:17:29.238000,406.9222461823073,10
2024-09-17 15:17:29.263000,406.8682515366019,997
2024-09-17 15:17:29.285000,406.8561072702775,9
2024-09-17 15:17:29.319000,406.84226631277215,11
2024-09-17 15:17:29.320000,406.8693153825348,11
2024-09-17 15:17:29.331000,406.8897983306488,13
2024-09-17 15:17:29.371000,406.8705422763564,1003
2024-09-17 15:17:29.434000,406.9012239011981,998
2024-09-17 15:17:29.481000,406.89229590660574,100
2024-09-17 15:17:29.631000,406.8880081526679,12
2024-09-17 15:17:29.640000,406.8287065873856,102
2024-09-17 15:17:29.733000,406.8941949560687,999
2024-09-17 15:17:29.778000,406.9163639355706,13
2024-09-17 15:17:29.780000,406.85260983166114,98
2024-09-17 15:17:29.852000,406.8566692358453,997
2024-09-17 15:17:29.880000,406.9001901003286,1003
2024-09-17 15:17:29.896000,406.85638816870426,1000
2024-09-17 15:17:29.920000,406.8677218349118,100
2024-09-17 15:17:29.945000,406.87840764295805,1001
2024-09-17 15:17:29.985000,406.8718217145673,1004
2024-09-17 15:17:30.074000,406.9254270666759,13
2024-09-17 15:17:30.078000,406.9258926019521,1004
2024-09-17 15:17:30.120000,406.9105466762712,105
2024-09-17 15:17:30.126000,406.9289843091643,13
2024-09-17 15:17:30.160000,406.9307146982043,995
2024-09-17 15:17:30.162000,406.8967736412444,1000
2024-09-17 15:17:30.242000,406.91747146693393,6
2024-09-17 15:17:30.265000,406.9256850479894,1002
2024-09-17 15:17:30.290000,406.9365923141983,997
2024-09-17 15:17:30.318000,406.89685488072695,9
2024-09-17 15:17:30.365000,406.91143203272185,14
2024-09-17 15:17:30.478000,406.87245067358174,1001
2024-09-17 15:17:30.482000,406.91016421116217,95
2024-09-17 15:17:30.493000,406.8954915160375,12
2024-09-17 15:17:30.494000,406.8809116703346,15
2024-09-17 15:17:30.503000,406.9265070683216,97
2024-09-17 15:17:30.567000,406.9253452744072,96
2024-09-17 15:17:30.656000,406.9100044280157,100
2024-09-17 15:17:30.815000,406.9119362821175,1002
2024-09-17 15:17:30.857000,406.90384243964087,10
2024-09-17 15:17:30.913000,406.8780232591988,6
2024-09-17 15:17:30.949000,406.8705549772925,105
2024-09-17 15:17:30.960000,406.9082036153625,999
2024-09-17 15:17:30.995000,406.870784779511,97
2024-09-17 15:17:31.125000,406.9238390195061,999
2024-09-17 15:17:31.597000,406.9125612775428,12
2024-09-17 15:17:31.632000,406.9043409135314,997
2024-09-17 15:17:32.035000,406.8964393926312,1003
2024-09-17 15:17:32.066000,406.89988430962586,14
2024-09-17 15:17:32.077000,406.8895923859933,103
2024-09-17 15:17:32.365000,406.8736148938089,10
2024-09-17 15:17:32.402000,406.9316968582298,97
2024-09-17 15:17:32.483000,406.874322173789,103
2024-09-17 15:17:32.753000,406.9244730993891,8
2024-09-17 15:17:32.816000,406.90629794341146,12
2024-09-17 15:17:33.047000,406.88578897766666,998
2024-09-17 15:17:33.088000,406.885881881284,997
2024-09-17 15:17:33.148000,406.90520182329055,9
2024-09-17 15:17:33.153000,406.9112815958258,1001
2024-09-17 15:17:33.337000,406.9014031335925,13
2024-09-17 15:17:33.360000,406.8944665757144,101
2024-09-17 15:17:33.454000,406.9151559380293,999
2024-09-17 15:17:33.523000,406.88006266576656,9
2024-09-17 15:17:33.666000,406.907136682307,7
2024-09-17 15:17:33.794000,406.9124843474298,98
2024-09-17 15:17:33.805000,406.9119207925496,99
2024-09-17 15:17:33.894000,406.9109515629781,10
2024-09-17 15:17:34.025000,406.9163567778477,103
2024-09-17 15:17:34.052000,406.94536713623233,1005
2024-09-17 15:17:34.057000,406.9525141359793,998
2024-09-17 15:17:34.113000,406.9244075539076,1002
2024-09-17 15:17:34.258000,406.93013589847646,1000
2024-09-17 15:17:34.312000,406.96733254063855,1003
2024-09-17 15:17:34.451000,406.9300856590295,10
2024-09-17 15:17:34.482000,413.9344845600344,5
2024-09-17 15:17:34.645000,406.97409906781496,97
2024-09-17 15:17:34.713000,406.9256589227824,13
2024-09-17 15:17:34.721000,406.972796975746,998
2024-09-17 15:17:34.764000,406.9202484374105,995
2024-09-17 15:17:34.781000,406.94560445720265,9
2024-09-17 15:17:34.887000,406.9871972208731,96
2024-09-17 15:17:34.937000,406.9558553960747,11
2024-09-17 15:17:35.132000,406.93636548447626,99
2024-09-17 15:17:35.172000,406.96911338794496,98
2024-09-17 15:17:35.206000,406.9460027046597,1002
2024-09-17 15:17:35.259000,406.9288094704692,10
2024-09-17 15:17:35.458000,406.9547287226784,1003
2024-09-17 15:17:35.523000,406.9284954087536,9
2024-09-17 15:17:35.560000,406.9299553218126,1004
2024-09-17 15:17:35.598000,406.93550008874433,97
2024-09-17 15:17:35.629000,406.9349436956952,12
2024-09-17 15:17:35.736000,406.9363912827141,1000
2024-09-17 15:17:35.747000,406.95414627684295,97
2024-09-17 15:17:35.814000,406.9468447582855,15
2024-09-17 15:17:35.926000,406.92137323032006,99
2024-09-17 15:17:35.945000,406.94373670320783,15
2024-09-17 15:17:35.950000,406.96356323152366,998
2024-09-17 15:17:36.002000,406.9491945788048,996
2024-09-17 15:17:36.016000,406.934051376436,12
2024-09-17 15:17:36.288000,406.92576385598073,7
2024-09-17 15:17:36.298000,406.9371433635043,1001
2024-09-17 15:17:36.367000,406.93971142341593,5
2024-09-17 15:17:36.372000,406.94081728675513,1001
2024-09-17 15:17:36.422000,406.9233288867986,6
2024-09-17 15:17:36.429000,406.9360698586528,8
2024-09-17 15:17:36.461000,406.94800985391055,1005
2024-09-17 15:17:36.483000,406.9480327696976,11
2024-09-17 15:17:36.647000,406.93879114159193,11
2024-09-17 15:17:36.684000,406.9357033438509,1001
2024-09-17 15:17:36.851000,406.92748135135633,5
2024-09-17 15:17:36.854000,406.92372887550187,1002
2024-09-17 15:17:36.860000,406.9551313755389,14
2024-09-17 15:17:37.027000,406.9354062337061,102
2024-09-17 15:17:37.061000,406.9117235587889,101
2024-09-17 15:17:37.141000,406.9306560227323,9
2024-09-17 15:17:37.156000,406.9305886664152,998
2024-09-17 15:17:37.196000,406.9095631903679,102
2024-09-17 15:17:37.203000,406.92178442323353,9
2024-09-17 15:17:37.550000,406.943363210611,998
2024-09-17 15:17:37.578000,406.9187201254493,101
2024-09-17 15:17:37.798000,406.9365134392811,105
2024-09-17 15:17:37.812000,406.909847167249,11
2024-09-17 15:17:37.884000,406.9217991889184,99
2024-09-17 15:17:38.194000,406.84481272138447,104
2024-09-17 15:17:38.324000,406.90470342498,996
2024-09-17 15:17:38.371000,406.8707035626436,96
2024-09-17 15:17:38.396000,406.86063621452735,13
2024-09-17 15:17:38.415000,406.8936878546944,1000
2024-09-17 15:17:38.531000,406.8930916533177,998
2024-09-17 15:17:38.557000,406.9175335982711,10
2024-09-17 15:17:38.582000,406.90354884378166,1005
2024-09-17 15:17:38.649000,406.92445243775234,1004
2024-09-17 15:17:38.723000,406.8790537155212,1003
2024-09-17 15:17:38.797000,406.9048859900363,97
2024-09-17 15:17:38.966000,406.92433062445855,12
2024-09-17 15:17:39.102000,406.850871133974,1005
2024-09-17 15:17:39.124000,406.851356361526,997
2024-09-17 15:17:39.146000,406.7545572633098,104
2024-09-17 15:17:39.174000,406.8347649908194,96
2024-09-17 15:17:39.192000,406.82784662663136,1001
2024-09-17 15:17:39.224000,406.82793455614967,11
2024-09-17 15:17:39.321000,406.75032140683606,1000
2024-09-17 15:17:39.369000,406.812609459097,1003
2024-09-17 15:17:39.381000,406.7905554287977,1002
2024-09-17 15:17:39.382000,406.8222755092454,13
2024-09-17 15:17:39.449000,406.8113500466732,14
2024-09-17 15:17:39.497000,406.8309930468615,11
2024-09-17 15:17:39.558000,406.835149149849,998
2024-09-17 15:17:39.621000,406.8370867949776,15
2024-09-17 15:17:39.782000,406.8271631200652,1001
2024-09-17 15:17:39.811000,406.80389938399946,998
2024-09-17 15:17:39.867000,406.8348838597894,14
2024-09-17 15:17:39.892000,406.8141224068048,6
2024-09-17 15:17:39.926000,406.82892582105984,1003
2024-09-17 15:17:39.940000,406.84579020946455,996
2024-09-17 15:17:39.986000,406.83002071358135,105
2024-09-17 15:17:40.109000,406.7422715680363,12
2024-09-17 15:17:40.116000,406.75817306792186,995
2024-09-17 15:17:40.140000,406.7236658710855,11
2024-09-17 15:17:40.179000,406.7486028350731,9
2024-09-17 15:17:40.217000,406.7318701061755,95
2024-09-17 15:17:40.227000,406.73175948663504,996
2024-09-17 15:17:40.288000,406.7413743322886,996
2024-09-17 15:17:40.294000,406.7448993741845,14
2024-09-17 15:17:40.298000,406.7265394093391,997
2024-09-17 15:17:40.305000,406.7030666918898,95
2024-09-17 15:17:40.326000,406.70656544532426,1002
2024-09-17 15:17:40.347000,406.7229204402584,998
2024-09-17 15:17:40.376000,406.7234659310735,5
2024-09-17 15:17:40.376000,406.7251782015712,7
2024-09-17 15:17:40.428000,406.7197837939896,12
2024-09-17 15:17:40.438000,406.74946963631,999
2024-09-17 15:17:40.585000,406.7506840490386,98
2024-09-17 15:17:40.605000,406.7473361293371,10
2024-09-17 15:17:40.609000,414.1757752964607,105
2024-09-17 15:17:40.851000,406.7479050717593,98
2024-09-17 15:17:40.947000,406.70258970731226,103
2024-09-17 15:17:41.044000,406.6909789772518,99
2024-09-17 15:17:41.072000,406.7326940487597,101
2024-09-17 15:17:41.165000,406.72581336031806,6
2024-09-17 15:17:41.389000,406.7144936126202,997
2024-09-17 15:17:41.448000,406.7338606455124,15
2024-09-17 15:17:41.496000,414.1816643030595,1004
2024-09-17 15:17:41.595000,406.7209166652663,8
2024-09-17 15:17:41.841000,406.7014015968117,1002
2024-09-17 15:17:41.867000,406.72034195873744,1005
2024-09-17 15:17:42.058000,406.7197556139132,1000
2024-09-17 15:17:42.094000,406.68243395577207,1001
2024-09-17 15:17:42.133000,406.6974515845078,104
2024-09-17 15:17:42.140000,406.68265460488095,95
2024-09-17 15:17:42.334000,406.69205584195225,5
2024-09-17 15:17:42.343000,406.67898254676845,12
2024-09-17 15:17:42.343000,406.69235285604736,1005
2024-09-17 15:17:42.369000,406.7136712766283,97
2024-09-17 15:17:42.432000,406.71541260746943,998
2024-09-17 15:17:42.466000,406.7188537744859,1004
2024-09-17 15:17:42.501000,406.6936773150773,15
2024-09-17 15:17:42.625000,406.7008913884984,9
2024-09-17 15:17:42.626000,406.6982277899979,105
2024-09-17 15:17:42.664000,406.70054680126594,13
2024-09-17 15:17:42.681000,406.71347896540334,5
2024-09-17 15:17:42.748000,406.7268520949795,1005
2024-09-17 15:17:42.752000,406.6925802858779,9
2024-09-17 15:17:42.788000,406.6615685931821,996
2024-09-17 15:17:42.840000,406.66592972434216,96
2024-09-17 15:17:42.862000,406.67572720980206,6
2024-09-17 15:17:42.884000,406.6826863197668,1004
2024-09-17 15:17:42.893000,406.67464725161767,11
2024-09-17 15:17:42.915000,406.6805472867561,104
2024-09-17 15:17:42.924000,406.67590231431103,999
2024-09-17 15:17:42.944000,406.6813968342635,997
2024-09-17 15:17:42.959000,406.7011562263032,97
2024-09-17 15:17:42.960000,406.7127695365221,96
2024-09-17 15:17:42.995000,406.7147934841604,96
2024-09-17 15:17:43.047000,406.68070526951175,95
2024-09-17 15:17:43.071000,406.6802014721746,5
2024-09-17 15:17:43.122000,406.698424200284,102
2024-09-17 15:17:43.171000,406.7425562626046,14
2024-09-17 15:17:43.177000,406.70628634185147,8
2024-09-17 15:17:43.179000,406.7456381557192,95
2024-09-17 15:17:43.206000,406.7468557639775,101
2024-09-17 15:17:43.217000,406.7194140045941,8
2024-09-17 15:17:43.221000,406.7213407176,1000
2024-09-17 15:17:43.251000,406.75875075768175,1002
2024-09-17 15:17:43.328000,406.7349282625593,95
2024-09-17 15:17:43.353000,406.7281247617154,1002
2024-09-17 15:17:43.392000,406.74048131419966,1002
2024-09-17 15:17:43.426000,406.7345657488148,9
2024-09-17 15:17:43.437000,406.7308577493142,14
2024-09-17 15:17:43.463000,406.7329242547252,13
2024-09-17 15:17:43.473000,406.6953254668136,1004
2024-09-17 15:17:43.812000,406.7168010918496,1001
2024-09-17 15:17:43.832000,406.7362735174822,10
2024-09-17 15:17:43.880000,406.7046738015515,104
2024-09-17 15:17:43.972000,406.6826260582605,101
2024-09-17 15:17:43.993000,406.7305070225414,101
2024-09-17 15:17:44.349000,406.7286975677028,1003
2024-09-17 15:17:44.397000,406.71709653665727,9
2024-09-17 15:17:44.703000,406.69720627505086,7
2024-09-17 15:17:44.710000,406.69310005555656,1003
2024-09-17 15:17:44.732000,406.69493448921577,998
2024-09-17 15:17:44.819000,406.6936550557885,6
2024-09-17 15:17:44.847000,406.695157990761,14
2024-09-17 15:17:44.928000,406.7037547655379,13
2024-09-17 15:17:45.026000,406.658645289657,999
2024-09-17 15:17:45.152000,406.6884128969753,99
2024-09-17 15:17:45.196000,406.70771242210407,1000
2024-09-17 15:17:45.212000,406.687687221212,104
2024-09-17 15:17:45.248000,406.71589523995294,995
2024-09-17 15:17:45.308000,406.6708677401645,105
2024-09-17 15:17:45.405000,406.6637465179968,103
2024-09-17 15:17:45.408000,406.6753021438196,11
2024-09-17 15:17:45.642000,406.7063205010166,1001
2024-09-17 15:17:45.646000,406.673039062719,1005
2024-09-17 15:17:45.675000,406.7248630864162,97
2024-09-17 15:17:45.696000,406.7012232253612,9
2024-09-17 15:17:45.698000,406.70401049387647,1000
2024-09-17 15:17:45.699000,406.6911041782102,1004
2024-09-17 15:17:45.766000,406.6919945812984,102
2024-09-17 15:17:45.857000,406.6653251451812,105
2024-09-17 15:17:45.884000,406.6710037354648,12
2024-09-17 15:17:45.927000,406.70254870791297,999
2024-09-17 15:17:45.940000,406.7185303012938,997
2024-09-17 15:17:45.999000,406.7091634901017,1000
2024-09-17 15:17:46.018000,406.6845202252984,1003
2024-09-17 15:17:46.291000,406.6850694634261,97
2024-09-17 15:17:46.841000,406.6889270391503,14
2024-09-17 15:17:47.120000,406.7068502674561,6
2024-09-17 15:17:47.279000,406.70051442380026,15
2024-09-17 15:17:47.352000,406.7166695894764,14
2024-09-17 15:17:47.440000,406.69086435876176,10
2024-09-17 15:17:47.480000,406.7144227655472,995
2024-09-17 15:17:47.529000,406.710697008942,1003
2024-09-17 15:17:47.588000,406.67742256422014,995
2024-09-17 15:17:47.608000,406.7077452326293,12
2024-09-17 15:17:48.516000,406.70035567504647,14
2024-09-17 15:17:48.574000,406.7052515325033,1002
2024-09-17 15:17:49.002000,406.6378546778524,103
2024-09-17 15:17:49.064000,406.6641503082493,96
2024-09-17 15:17:49.106000,406.6639105128088,98
2024-09-17 15:17:49.135000,406.6691627176991,1005
2024-09-17 15:17:49.159000,406.6642007044996,13
2024-09-17 15:17:49.163000,406.67109270003374,6
2024-09-17 15:17:49.279000,406.6548875029161,101
2024-09-17 15:17:49.408000,406.6415992478062,1003
2024-09-17 15:17:49.592000,406.6743682152213,1000
2024-09-17 15:17:49.710000,406.66532335802,96
2024-09-17 15:17:49.722000,406.66833871653887,7
2024-09-17 15:17:49.734000,406.685874625395,999
2024-09-17 15:17:49.773000,406.66517718755927,98
2024-09-17 15:17:49.785000,406.6583066911887,9
2024-09-17 15:17:49.835000,406.6794621650032,13
2024-09-17 15:17:49.839000,406.6482906830623,999
2024-09-17 15:17:49.859000,406.66833837203865,102
2024-09-17 15:17:49.868000,406.6853684215855,9
2024-09-17 15:17:50.029000,414.2491666876773,9
2024-09-17 15:17:50.228000,406.694983897308,1003
2024-09-17 15:17:50.262000,406.6883780009479,12
2024-09-17 15:17:50.333000,406.6779232368611,8
2024-09-17 15:17:50.462000,406.7055143331131,99
2024-09-17 15:17:50.541000,406.6862754237476,1001
2024-09-17 15:17:50.557000,406.6862595661107,999
2024-09-17 15:17:50.764000,406.6795056032213,1005
2024-09-17 15:17:50.873000,406.681703833297,5
2024-09-17 15:17:51.024000,406.759399279915,1000
2024-09-17 15:17:51.170000,406.7606951065952,13
2024-09-17 15:17:51.212000,406.7530531423778,99
2024-09-17 15:17:51.319000,406.7766027278212,95
2024-09-17 15:17:51.364000,406.7682612375871,996
2024-09-17 15:17:51.427000,406.76772809172536,1000
2024-09-17 15:17:51.437000,406.78445566941343,98
2024-09-17 15:17:51.500000,406.7841146847317,1004
2024-09-17 15:17:51.534000,406.700532575309,98
2024-09-17 15:17:51.617000,406.7738100439842,1004
2024-09-17 15:17:51.668000,406.7547198295623,998
2024-09-17 15:17:51.689000,406.7998424677775,12
2024-09-17 15:17:51.735000,406.7826535859946,5
2024-09-17 15:17:51.740000,406.6998819298505,13
2024-09-17 15:17:51.827000,406.7712271763938,997
2024-09-17 15:17:51.958000,406.7826919006576,103
2024-09-17 15:17:51.970000,406.7857033358554,1003
2024-09-17 15:17:51.990000,406.7322550843695,6
2024-09-17 15:17:52.093000,406.81417325062426,98
2024-09-17 15:17:52.190000,406.7934833799371,98
2024-09-17 15:17:52.204000,406.81024889233584,97
2024-09-17 15:17:52.214000,406.8393112439898,11
2024-09-17 15:17:52.294000,406.84621223365104,105
2024-09-17 15:17:52.395000,406.83774920824055,96
2024-09-17 15:17:52.398000,406.84917486864686,104
2024-09-17 15:17:52.400000,406.8147700301345,1002
2024-09-17 15:17:52.420000,406.8316807899556,99
2024-09-17 15:17:52.447000,406.7983125852524,103
2024-09-17 15:17:52.545000,406.79418081055786,100
2024-09-17 15:17:52.706000,406.8301710509436,98
2024-09-17 15:17:52.737000,406.8015363307461,7
2024-09-17 15:17:52.908000,406.8018189354842,1004
2024-09-17 15:17:52.953000,406.8493470603438,997
2024-09-17 15:17:53.041000,406.8309505238996,12
2024-09-17 15:17:53.203000,406.7765538799503,96
2024-09-17 15:17:53.275000,406.833178946244,5
2024-09-17 15:17:53.299000,406.78954412926976,14
2024-09-17 15:17:53.304000,406.7965141252061,1005
2024-09-17 15:17:53.388000,406.79020695691736,995
2024-09-17 15:17:53.438000,406.8243987030593,995
2024-09-17 15:17:53.495000,406.7804952135074,98
2024-09-17 15:17:53.725000,406.7828944589301,1000
2024-09-17 15:17:53.810000,406.8046526605431,99
2024-09-17 15:17:53.832000,406.8105518368263,998
2024-09-17 15:17:53.859000,406.78897332373725,1005
2024-09-17 15:17:53.946000,406.7897255630457,102
2024-09-17 15:17:53.988000,406.82573867283617,95
2024-09-17 15:17:54.046000,406.7966951063663,999
2024-09-17 15:17:54.062000,406.7682633524197,6
2024-09-17 15:17:54.097000,406.77588764007817,10
2024-09-17 15:17:54.233000,406.75799614051147,1001
2024-09-17 15:17:54.249000,406.747207407838,102
2024-09-17 15:17:54.331000,406.73160357377714,103
2024-09-17 15:17:54.362000,406.7519817275741,997
2024-09-17 15:17:54.364000,406.7626597476312,14
2024-09-17 15:17:54.411000,406.77114784459417,104
2024-09-17 15:17:54.421000,406.7426631854959,996
2024-09-17 15:17:54.425000,406.7846859962039,996
2024-09-17 15:17:54.517000,406.7998022688732,14
2024-09-17 15:17:54.654000,406.7609782980273,98
2024-09-17 15:17:54.822000,406.7719825138918,103
2024-09-17 15:17:54.879000,406.7511979499059,996
2024-09-17 15:17:54.890000,406.7593681134403,8
2024-09-17 15:17:55.044000,406.7557410841641,13
2024-09-17 15:17:55.129000,406.7491479544887,101
2024-09-17 15:17:55.179000,406.76349366590415,1004
2024-09-17 15:17:55.203000,406.76125937412246,105
2024-09-17 15:17:55.231000,406.7581211954061,11
2024-09-17 15:17:55.312000,406.7771694844574,8
2024-09-17 15:17:55.401000,406.7797737802727,1003
2024-09-17 15:17:55.407000,406.7634378993512,97
2024-09-17 15:17:55.476000,406.756973420351,100
2024-09-17 15:17:55.530000,406.7798784333961,11
2024-09-17 15:17:55.567000,406.7671406481108,5
2024-09-17 15:17:55.672000,406.7616991438752,7
2024-09-17 15:17:55.787000,406.7623472462312,95
2024-09-17 15:17:55.875000,406.74878761031147,7
2024-09-17 15:17:55.888000,406.7677175440574,98
2024-09-17 15:17:55.911000,406.7524344371933,101
2024-09-17 15:17:55.981000,406.7799492805145,100
2024-09-17 15:17:56.069000,406.7928566115668,100
2024-09-17 15:17:56.077000,406.82690426037857,15
2024-09-17 15:17:56.184000,406.8223976005317,995
2024-09-17 15:17:56.233000,406.8200170365562,105
2024-09-17 15:17:56.343000,406.8502428049706,1004
2024-09-17 15:17:56.749000,406.831541215353,12
2024-09-17 15:17:56.778000,406.8091836196453,996
2024-09-17 15:17:56.945000,406.8404319783206,15
2024-09-17 15:17:56.990000,406.76624153013057,105
2024-09-17 15:17:57.016000,406.82111290569065,95
2024-09-17 15:17:57.027000,406.8396611419829,9
2024-09-17 15:17:57.071000,406.8631857662934,97
2024-09-17 15:17:57.110000,406.85889256503367,7
2024-09-17 15:17:57.118000,406.80761101563456,103
2024-09-17 15:17:57.142000,406.8044823438423,7
2024-09-17 15:17:57.191000,406.8242479270341,98
2024-09-17 15:17:57.333000,406.838917260699,97
2024-09-17 15:17:57.432000,406.8412181585814,102
2024-09-17 15:17:57.484000,406.84232279946747,995
2024-09-17 15:17:57.486000,406.8185082125878,104
2024-09-17 15:17:57.487000,406.8379032551427,7
2024-09-17 15:17:57.533000,406.8877571394878,9
2024-09-17 15:17:57.648000,406.8376379513829,1004
2024-09-17 15:17:57.692000,406.80380207380233,997
2024-09-17 15:17:57.703000,406.8742035725604,1004
2024-09-17 15:17:57.792000,406.82886465383234,1000
2024-09-17 15:17:57.807000,406.8308176608314,999
2024-09-17 15:17:57.865000,406.8586375427208,996
2024-09-17 15:17:57.934000,406.8135789585758,104
2024-09-17 15:17:58.147000,406.8064154440559,105
2024-09-17 15:17:58.197000,406.79301046452895,1003
2024-09-17 15:17:58.322000,406.80372437118274,96
2024-09-17 15:17:58.409000,406.811936075382,98
2024-09-17 15:17:58.458000,406.8045949679877,97
2024-09-17 15:17:58.459000,406.805937031406,101
2024-09-17 15:17:58.471000,406.8132491040069,97
2024-09-17 15:17:58.522000,406.7900337439164,103
2024-09-17 15:17:58.579000,406.8120564548889,996
2024-09-17 15:17:58.593000,406.8048810021558,5
2024-09-17 15:17:58.604000,406.8181340882828,1001
2024-09-17 15:17:58.680000,406.8095002110189,104
2024-09-17 15:17:58.742000,406.79502004383806,98
2024-09-17 15:17:58.772000,406.792302207686,14
2024-09-17 15:17:58.845000,406.8000860358134,999
2024-09-17 15:17:58.911000,406.81454846804326,97
2024-09-17 15:17:58.924000,406.7892988783757,6
2024-09-17 15:17:58.971000,406.7865855756204,9
2024-09-17 15:17:59.034000,406.8198643818644,995
2024-09-17 15:17:59.036000,406.8428076573804,14
2024-09-17 15:17:59.124000,406.8528087755926,12
2024-09-17 15:17:59.172000,406.8140830491372,95
2024-09-17 15:17:59.199000,406.81146693282153,5
2024-09-17 15:17:59.291000,406.8247213515256,999
2024-09-17 15:17:59.360000,406.81619824711873,99
2024-09-17 15:17:59.371000,406.81719866781367,13
2024-09-17 15:17:59.379000,406.8283136601684,102
2024-09-17 15:17:59.411000,406.8622887198035,1001
2024-09-17 15:17:59.445000,406.8465926708969,996
2024-09-17 15:17:59.455000,406.8231984104789,96
2024-09-17 15:17:59.533000,406.8109370039714,13
2024-09-17 15:17:59.550000,406.8490819347697,6
2024-09-17 15:17:59.580000,406.844510433024,105
2024-09-17 15:17:59.615000,406.80634990262337,12
2024-09-17 15:17:59.703000,406.8045613735785,11
2024-09-17 15:17:59.828000,406.8055631599758,995
2024-09-17 15:17:59.863000,406.8597656757202,7
2024-09-17 15:17:59.936000,406.8209565751169,1001
