Timestamp,Price,Size
2024-09-20 13:04:00.040000,427.8070739373612,97
2024-09-20 13:04:00.056000,427.787072372972,1000
2024-09-20 13:04:00.058000,427.8171237635405,98
2024-09-20 13:04:00.082000,427.8740515420736,1004
2024-09-20 13:04:00.142000,427.7880586954232,996
2024-09-20 13:04:00.275000,427.824216938656,995
2024-09-20 13:04:00.290000,427.7876475762332,98
2024-09-20 13:04:00.314000,427.8482575903178,1005
2024-09-20 13:04:00.499000,427.77744052583984,100
2024-09-20 13:04:00.619000,427.8106750891752,998
2024-09-20 13:04:00.623000,427.86013814530935,100
2024-09-20 13:04:00.659000,427.8647584414314,7
2024-09-20 13:04:00.779000,427.8599719277046,1002
2024-09-20 13:04:00.804000,427.7948477618255,95
2024-09-20 13:04:00.894000,427.7902909600847,1004
2024-09-20 13:04:00.919000,427.8066933179581,103
2024-09-20 13:04:00.923000,427.7884837260126,14
2024-09-20 13:04:00.942000,427.8729959678104,998
2024-09-20 13:04:01.059000,427.7975355921499,996
2024-09-20 13:04:01.164000,427.8216315704087,999
2024-09-20 13:04:01.305000,427.7845970386378,96
2024-09-20 13:04:01.346000,427.8355695841025,6
2024-09-20 13:04:01.397000,427.8148517870823,1001
2024-09-20 13:04:01.418000,427.7785330076233,995
2024-09-20 13:04:01.427000,427.78607667437416,103
2024-09-20 13:04:01.429000,427.8012725627971,1001
2024-09-20 13:04:01.575000,427.8081686408101,12
2024-09-20 13:04:01.595000,427.817979233582,98
2024-09-20 13:04:01.614000,427.7290404830692,96
2024-09-20 13:04:01.659000,427.81915416465824,102
2024-09-20 13:04:01.768000,427.7608935457167,100
2024-09-20 13:04:01.808000,427.784620428173,15
2024-09-20 13:04:01.871000,427.7920577317586,105
2024-09-20 13:04:01.887000,427.8053420787589,101
2024-09-20 13:04:01.890000,427.8002415217201,998
2024-09-20 13:04:01.941000,427.78955625527146,105
2024-09-20 13:04:01.961000,427.7979452007483,14
2024-09-20 13:04:02.036000,427.7222145367404,105
2024-09-20 13:04:02.041000,427.7569847013624,6
2024-09-20 13:04:02.057000,427.7512609895744,1002
2024-09-20 13:04:02.084000,427.7431511267243,101
2024-09-20 13:04:02.098000,427.740998023613,103
2024-09-20 13:04:02.098000,427.7415470494049,102
2024-09-20 13:04:02.150000,427.76981839696975,13
2024-09-20 13:04:02.159000,427.7186134186919,102
2024-09-20 13:04:02.182000,427.72459321892575,995
2024-09-20 13:04:02.217000,427.7400614933712,95
2024-09-20 13:04:02.217000,427.74386206813017,103
2024-09-20 13:04:02.225000,427.74933840326287,15
2024-09-20 13:04:02.244000,427.73046470134153,10
2024-09-20 13:04:02.344000,427.7448324498573,1005
2024-09-20 13:04:02.401000,427.7509688771594,997
2024-09-20 13:04:02.414000,427.7546339679359,103
2024-09-20 13:04:02.443000,427.7333414512293,100
2024-09-20 13:04:02.475000,427.7393960049187,1005
2024-09-20 13:04:02.549000,427.74437978147,10
2024-09-20 13:04:02.562000,427.7429488728666,6
2024-09-20 13:04:02.563000,427.758778242141,1002
2024-09-20 13:04:02.594000,427.739186497678,95
2024-09-20 13:04:02.608000,427.73712048028256,6
2024-09-20 13:04:02.610000,427.75991568764647,12
2024-09-20 13:04:02.657000,427.75929079915727,1005
2024-09-20 13:04:02.833000,427.7212870876471,103
2024-09-20 13:04:02.869000,427.7558483862208,15
2024-09-20 13:04:02.956000,427.7475268699304,6
2024-09-20 13:04:03.127000,427.6968564921193,96
2024-09-20 13:04:03.186000,427.7085400871158,100
2024-09-20 13:04:03.188000,427.7054234290475,1000
2024-09-20 13:04:03.236000,427.6628318809662,998
2024-09-20 13:04:03.290000,427.6670675736707,999
2024-09-20 13:04:03.320000,427.6473648395427,13
2024-09-20 13:04:03.432000,427.6414082602103,1002
2024-09-20 13:04:03.470000,427.69299912421866,7
2024-09-20 13:04:03.490000,427.68294166823256,12
2024-09-20 13:04:03.561000,427.667155321916,13
2024-09-20 13:04:03.647000,427.7259244557972,104
2024-09-20 13:04:03.648000,427.710747664389,11
2024-09-20 13:04:03.650000,427.7108701810311,1002
2024-09-20 13:04:03.669000,427.691113236608,9
2024-09-20 13:04:03.869000,427.7034186820712,15
2024-09-20 13:04:04,427.669977597348,11
2024-09-20 13:04:04.035000,427.6631446678047,99
2024-09-20 13:04:04.119000,427.6326441885156,95
2024-09-20 13:04:04.192000,427.64870263448495,9
2024-09-20 13:04:04.335000,427.6444139584239,105
2024-09-20 13:04:04.367000,427.6474995685224,999
2024-09-20 13:04:04.563000,427.6105964478529,98
2024-09-20 13:04:04.608000,427.620131182401,6
2024-09-20 13:04:04.648000,427.6631816794134,11
2024-09-20 13:04:04.678000,427.6419961025183,9
2024-09-20 13:04:04.708000,427.6368655175162,97
2024-09-20 13:04:04.750000,427.624034966353,96
2024-09-20 13:04:04.835000,427.6286192375958,104
2024-09-20 13:04:04.882000,427.619697389383,10
2024-09-20 13:04:04.886000,427.66063767036815,9
2024-09-20 13:04:04.921000,427.6537783649024,12
2024-09-20 13:04:04.933000,427.6264862043117,1000
2024-09-20 13:04:05.006000,427.6868253428894,5
2024-09-20 13:04:05.043000,427.642223346762,5
2024-09-20 13:04:05.056000,427.6639836238898,10
2024-09-20 13:04:05.063000,427.66101499945233,995
2024-09-20 13:04:05.089000,427.6569654004044,8
2024-09-20 13:04:05.172000,427.6448010558733,15
2024-09-20 13:04:05.273000,427.6535656427111,99
2024-09-20 13:04:05.412000,427.6392724579906,997
2024-09-20 13:04:05.470000,427.6667539196313,14
2024-09-20 13:04:05.470000,427.6398883131304,997
2024-09-20 13:04:05.486000,427.6251047879266,12
2024-09-20 13:04:05.525000,427.68333466487513,104
2024-09-20 13:04:05.565000,427.6736260690302,14
2024-09-20 13:04:05.640000,427.6323207030934,1003
2024-09-20 13:04:05.646000,427.6636317610863,5
2024-09-20 13:04:05.711000,427.664369924712,102
2024-09-20 13:04:05.780000,427.6868099556618,10
2024-09-20 13:04:05.912000,427.6665106114766,97
2024-09-20 13:04:05.925000,427.65314483151866,1001
2024-09-20 13:04:05.936000,427.6450120496923,96
2024-09-20 13:04:05.936000,427.6636934323967,100
2024-09-20 13:04:05.961000,427.6771884799168,97
2024-09-20 13:04:05.975000,427.66639939204094,101
2024-09-20 13:04:06.027000,427.6431493981663,997
2024-09-20 13:04:06.061000,427.6477127171061,104
2024-09-20 13:04:06.208000,427.6718204035265,95
2024-09-20 13:04:06.373000,427.66721681030833,13
2024-09-20 13:04:06.378000,427.6679081563966,1004
2024-09-20 13:04:06.388000,427.65668478349056,14
2024-09-20 13:04:06.648000,427.6609171772547,8
2024-09-20 13:04:06.667000,427.66606389766656,98
2024-09-20 13:04:06.738000,427.667314294632,13
2024-09-20 13:04:06.758000,427.66885408009983,104
2024-09-20 13:04:06.760000,427.65982901156445,1003
2024-09-20 13:04:06.810000,427.663692237963,1004
2024-09-20 13:04:06.922000,427.6678395418842,97
2024-09-20 13:04:06.938000,427.6688903477148,995
2024-09-20 13:04:06.958000,427.6578378637927,12
2024-09-20 13:04:07.032000,427.7465530918848,105
2024-09-20 13:04:07.055000,427.7046285263577,997
2024-09-20 13:04:07.091000,427.66503593467655,12
2024-09-20 13:04:07.091000,427.76436991840126,14
2024-09-20 13:04:07.122000,427.7242259275417,96
2024-09-20 13:04:07.125000,427.76905833485233,95
2024-09-20 13:04:07.209000,427.6634642572485,8
2024-09-20 13:04:07.219000,427.7706496581771,99
2024-09-20 13:04:07.245000,427.7540290596938,996
2024-09-20 13:04:07.287000,427.66816224616286,100
2024-09-20 13:04:07.289000,427.6663006776875,102
2024-09-20 13:04:07.320000,427.7507686486303,9
2024-09-20 13:04:07.332000,427.76389617141257,15
2024-09-20 13:04:07.367000,427.6871123693,995
2024-09-20 13:04:07.394000,427.7843776644624,1002
2024-09-20 13:04:07.466000,427.7679952784796,995
2024-09-20 13:04:07.558000,427.7620005099051,998
2024-09-20 13:04:07.722000,427.7545128849405,5
2024-09-20 13:04:07.832000,427.7443737095279,15
2024-09-20 13:04:07.867000,427.6822648685419,7
2024-09-20 13:04:07.914000,427.7690266624579,15
2024-09-20 13:04:08.014000,427.74634159400665,14
2024-09-20 13:04:08.295000,427.7731957379506,997
2024-09-20 13:04:08.526000,427.7707645708816,7
2024-09-20 13:04:08.581000,427.7492334640342,95
2024-09-20 13:04:09.008000,427.75665109277,102
2024-09-20 13:04:09.038000,427.7142340407856,1001
2024-09-20 13:04:09.159000,427.7492643749595,13
2024-09-20 13:04:09.252000,427.7454194936855,104
2024-09-20 13:04:09.267000,427.7412659088049,98
2024-09-20 13:04:09.372000,427.7781717625619,10
2024-09-20 13:04:09.426000,427.7552002524651,997
2024-09-20 13:04:09.446000,427.7719072775631,1003
2024-09-20 13:04:09.498000,427.7456026741576,996
2024-09-20 13:04:09.514000,427.72604929073873,95
2024-09-20 13:04:09.541000,427.7758084210824,101
2024-09-20 13:04:09.581000,427.76455333486047,995
2024-09-20 13:04:09.602000,427.7854901619423,999
2024-09-20 13:04:09.607000,427.7093352096981,10
2024-09-20 13:04:09.609000,427.7242971342228,998
2024-09-20 13:04:09.614000,427.77429816984335,1000
2024-09-20 13:04:09.630000,427.6991573005977,105
2024-09-20 13:04:09.657000,427.7787862982489,996
2024-09-20 13:04:09.694000,427.7325111702886,996
2024-09-20 13:04:09.720000,427.7569131524652,105
2024-09-20 13:04:09.767000,427.70875633301546,997
2024-09-20 13:04:09.791000,427.7739837642165,99
2024-09-20 13:04:09.802000,427.78186302985495,10
2024-09-20 13:04:09.956000,427.7176688351348,15
2024-09-20 13:04:10.241000,427.71898786451374,10
2024-09-20 13:04:10.323000,427.6931442146064,5
2024-09-20 13:04:11.089000,427.722514384158,12
2024-09-20 13:04:11.239000,427.7086082612843,101
2024-09-20 13:04:11.257000,427.7487039369866,12
2024-09-20 13:04:11.275000,427.7123073699058,13
2024-09-20 13:04:11.349000,427.7204044714522,1001
2024-09-20 13:04:11.381000,427.7217669337888,7
2024-09-20 13:04:11.438000,427.755316265604,95
2024-09-20 13:04:11.484000,427.7167943827159,7
2024-09-20 13:04:11.487000,427.7205162167722,1000
2024-09-20 13:04:11.514000,427.6971064072621,999
2024-09-20 13:04:11.517000,427.7122015696162,13
2024-09-20 13:04:11.528000,427.747524043335,997
2024-09-20 13:04:11.548000,427.7184928482554,1003
2024-09-20 13:04:11.600000,427.70980806195735,998
2024-09-20 13:04:11.603000,427.7318680079368,14
2024-09-20 13:04:11.632000,427.6947253695682,996
2024-09-20 13:04:11.632000,427.69900792935056,103
2024-09-20 13:04:11.682000,427.7345436975425,999
2024-09-20 13:04:11.750000,427.681638608456,997
2024-09-20 13:04:11.808000,427.7259108333927,104
2024-09-20 13:04:11.851000,427.7115692267848,995
2024-09-20 13:04:11.878000,427.6921285265916,11
2024-09-20 13:04:11.895000,427.69242710262944,1005
2024-09-20 13:04:11.907000,427.70046183399126,100
2024-09-20 13:04:11.935000,427.7130001429254,96
2024-09-20 13:04:11.944000,427.68625901682526,10
2024-09-20 13:04:11.951000,427.6967729428508,1000
2024-09-20 13:04:12.011000,427.70954153907,999
2024-09-20 13:04:12.012000,427.7009021419264,11
2024-09-20 13:04:12.024000,427.7393140681707,15
2024-09-20 13:04:12.056000,427.7705645542584,997
2024-09-20 13:04:12.061000,427.7502133156247,101
2024-09-20 13:04:12.080000,427.7405081218452,102
2024-09-20 13:04:12.128000,427.7485663399809,997
2024-09-20 13:04:12.244000,427.7446175906924,8
2024-09-20 13:04:12.304000,427.7304117191191,8
2024-09-20 13:04:12.312000,427.73624168485895,997
2024-09-20 13:04:12.367000,427.74988483634496,11
2024-09-20 13:04:12.399000,427.72434947179295,5
2024-09-20 13:04:12.409000,427.6903141958289,12
2024-09-20 13:04:12.418000,427.7295241554384,998
2024-09-20 13:04:12.444000,427.7479832225096,100
2024-09-20 13:04:12.595000,427.76903026321736,12
2024-09-20 13:04:12.624000,427.7261171649884,1000
2024-09-20 13:04:12.662000,427.7110038013651,12
2024-09-20 13:04:12.681000,427.68355968555136,998
2024-09-20 13:04:12.690000,427.7494665985679,10
2024-09-20 13:04:12.720000,427.75310343451326,997
2024-09-20 13:04:12.795000,427.7184307960204,5
2024-09-20 13:04:12.808000,427.7519067679285,12
2024-09-20 13:04:12.832000,427.7712059047965,8
2024-09-20 13:04:12.937000,427.77143137976407,96
2024-09-20 13:04:12.938000,427.76225506951766,104
2024-09-20 13:04:13.002000,427.663737770842,9
2024-09-20 13:04:13.029000,427.72192896758,1001
2024-09-20 13:04:13.060000,427.6796360206848,99
2024-09-20 13:04:13.077000,427.7119293243981,10
2024-09-20 13:04:13.079000,427.6878070911939,1002
2024-09-20 13:04:13.149000,427.7166239775934,15
2024-09-20 13:04:13.203000,427.6979213692871,97
2024-09-20 13:04:13.206000,427.6491610109353,105
2024-09-20 13:04:13.456000,427.6614210059951,1003
2024-09-20 13:04:13.477000,427.6596429077904,1004
2024-09-20 13:04:13.512000,427.66552023431416,103
2024-09-20 13:04:13.558000,427.6251261044743,15
2024-09-20 13:04:13.612000,427.7250131855762,1003
2024-09-20 13:04:13.624000,427.687690536611,6
2024-09-20 13:04:13.666000,427.66701436055865,1000
2024-09-20 13:04:13.679000,427.7139109572014,11
2024-09-20 13:04:13.696000,427.6529767308854,96
2024-09-20 13:04:13.729000,427.6590651120125,9
2024-09-20 13:04:13.753000,427.6424529316882,1002
2024-09-20 13:04:13.803000,427.68335591015295,105
2024-09-20 13:04:13.886000,427.6692427536693,1001
2024-09-20 13:04:13.960000,427.69333104914006,1001
2024-09-20 13:04:15.100000,427.6265972093395,1004
2024-09-20 13:04:15.115000,427.6100369197267,1004
2024-09-20 13:04:15.180000,427.6185369636284,9
2024-09-20 13:04:15.182000,427.6241918303442,11
2024-09-20 13:04:15.209000,427.62368228036775,9
2024-09-20 13:04:15.216000,427.61494107924347,9
2024-09-20 13:04:15.243000,427.6276348834172,105
2024-09-20 13:04:15.310000,427.62748421533473,1001
2024-09-20 13:04:15.367000,427.6145822271917,996
2024-09-20 13:04:15.386000,427.6175818629703,13
2024-09-20 13:04:15.412000,427.6194737802208,996
2024-09-20 13:04:15.450000,427.6384919875028,12
2024-09-20 13:04:15.562000,427.6444085027703,9
2024-09-20 13:04:15.599000,427.62532650050304,1001
2024-09-20 13:04:15.614000,427.6305975655952,7
2024-09-20 13:04:15.626000,427.6350646193374,104
2024-09-20 13:04:15.789000,427.64022247198943,15
2024-09-20 13:04:15.793000,427.63068000185285,995
2024-09-20 13:04:15.886000,427.6436022110784,1004
2024-09-20 13:04:15.954000,427.6331472797293,99
2024-09-20 13:04:16.079000,427.6219273904634,12
2024-09-20 13:04:16.207000,427.6221853185924,96
2024-09-20 13:04:16.244000,427.6136113757869,14
2024-09-20 13:04:16.288000,427.6279836371504,11
2024-09-20 13:04:16.772000,427.62221846656746,5
2024-09-20 13:04:16.942000,427.62900122935935,104
2024-09-20 13:04:17.001000,427.59400532230575,997
2024-09-20 13:04:17.099000,427.6387579983408,1003
2024-09-20 13:04:17.117000,427.64475565368633,1005
2024-09-20 13:04:17.124000,427.6106000656566,14
2024-09-20 13:04:17.144000,427.6358273696631,995
2024-09-20 13:04:17.231000,427.63588623015073,104
2024-09-20 13:04:17.239000,427.6615716031644,996
2024-09-20 13:04:17.249000,427.5946094422409,996
2024-09-20 13:04:17.263000,427.65907672001606,13
2024-09-20 13:04:17.374000,427.6481787786487,102
2024-09-20 13:04:17.411000,427.6510354213114,98
2024-09-20 13:04:17.476000,427.6061285989976,8
2024-09-20 13:04:17.481000,427.5891819297405,7
2024-09-20 13:04:17.485000,427.6327138829266,5
2024-09-20 13:04:17.488000,427.6584987718966,7
2024-09-20 13:04:17.746000,427.646682277462,13
2024-09-20 13:04:17.805000,427.6654299287093,997
2024-09-20 13:04:17.893000,427.59106727230886,996
2024-09-20 13:04:17.896000,427.6515179795246,1005
2024-09-20 13:04:17.920000,427.66719091527017,97
2024-09-20 13:04:17.958000,427.6511215618742,100
2024-09-20 13:04:17.960000,427.6459020951903,97
2024-09-20 13:04:17.967000,427.6675299532889,98
2024-09-20 13:04:17.986000,427.656752109869,12
2024-09-20 13:04:18.007000,427.5674262550011,1000
2024-09-20 13:04:18.029000,427.6037395195673,14
2024-09-20 13:04:18.052000,427.572804397807,1002
2024-09-20 13:04:18.084000,427.5837215611924,97
2024-09-20 13:04:18.244000,427.55692366714703,996
2024-09-20 13:04:18.314000,427.5563668059119,95
2024-09-20 13:04:18.329000,427.569875740203,13
2024-09-20 13:04:18.341000,427.5800344654882,1001
2024-09-20 13:04:18.343000,427.5584794009999,15
2024-09-20 13:04:18.344000,427.59590279589935,1000
2024-09-20 13:04:18.405000,427.5538439858356,998
2024-09-20 13:04:18.437000,427.5854734203975,1003
2024-09-20 13:04:18.440000,427.5981013185655,999
2024-09-20 13:04:18.483000,427.5651412015257,95
2024-09-20 13:04:18.526000,427.5722401358509,1001
2024-09-20 13:04:18.568000,427.5506748924056,105
2024-09-20 13:04:18.621000,427.5507973570069,1000
2024-09-20 13:04:18.661000,427.6045861710669,1002
2024-09-20 13:04:18.674000,427.59927944894304,10
2024-09-20 13:04:18.680000,427.5889042289792,1001
2024-09-20 13:04:18.721000,427.568961033561,10
2024-09-20 13:04:18.728000,427.5837291087299,8
2024-09-20 13:04:18.763000,427.5937507334028,12
2024-09-20 13:04:18.783000,427.6080892368492,1003
2024-09-20 13:04:18.806000,427.565960280613,100
2024-09-20 13:04:18.899000,427.5653660563193,995
2024-09-20 13:04:18.945000,427.55560815791057,996
2024-09-20 13:04:18.969000,427.5526554251621,12
2024-09-20 13:04:18.975000,427.5941690192077,5
2024-09-20 13:04:19.072000,427.558770246013,1003
2024-09-20 13:04:19.209000,427.63360769505147,101
2024-09-20 13:04:19.258000,427.6381894176135,10
2024-09-20 13:04:19.275000,427.6058855477288,6
2024-09-20 13:04:19.309000,427.60308357559126,995
2024-09-20 13:04:19.359000,427.5709851842912,8
2024-09-20 13:04:19.387000,427.63857846910986,995
2024-09-20 13:04:19.390000,427.6245877322246,1001
2024-09-20 13:04:19.399000,427.609768905558,10
2024-09-20 13:04:19.468000,427.64330192411126,8
2024-09-20 13:04:19.470000,427.6446092365697,1001
2024-09-20 13:04:19.477000,427.5875521554672,10
2024-09-20 13:04:19.498000,427.6039935408873,101
2024-09-20 13:04:19.538000,427.6165114541618,7
2024-09-20 13:04:19.539000,427.6361815505016,998
2024-09-20 13:04:19.706000,427.6006322715518,15
2024-09-20 13:04:19.806000,427.641151547334,1002
2024-09-20 13:04:19.816000,427.6245259135869,995
2024-09-20 13:04:19.858000,427.66719179406766,9
2024-09-20 13:04:19.918000,427.6062777074438,7
2024-09-20 13:04:19.954000,427.6573950806052,15
2024-09-20 13:04:19.970000,427.6348176104117,997
2024-09-20 13:04:19.974000,427.6034043396254,999
2024-09-20 13:04:20.251000,427.62438252452665,10
2024-09-20 13:04:20.305000,427.67422967277366,8
2024-09-20 13:04:20.329000,427.627317861549,9
2024-09-20 13:04:20.485000,427.6409241765521,995
2024-09-20 13:04:20.516000,427.6483135072103,7
2024-09-20 13:04:21.074000,427.5649261610627,1003
2024-09-20 13:04:21.095000,427.6150962074828,97
2024-09-20 13:04:21.140000,427.5571807407353,8
2024-09-20 13:04:21.188000,427.566408815506,997
2024-09-20 13:04:21.240000,427.5895694066584,8
2024-09-20 13:04:21.274000,427.5268172546097,997
2024-09-20 13:04:21.433000,427.5968389337983,95
2024-09-20 13:04:21.603000,427.5949847595589,104
2024-09-20 13:04:21.607000,427.5781137814844,14
2024-09-20 13:04:21.618000,427.5885964293894,10
2024-09-20 13:04:21.761000,427.5995602612484,1001
2024-09-20 13:04:21.777000,427.6063724326052,105
2024-09-20 13:04:21.778000,427.6026516018673,95
2024-09-20 13:04:21.801000,427.6126270508517,101
2024-09-20 13:04:21.811000,427.5912990725707,12
2024-09-20 13:04:21.863000,427.5146337688548,8
2024-09-20 13:04:21.881000,427.5678554233066,996
2024-09-20 13:04:21.895000,427.58026035965526,99
2024-09-20 13:04:21.972000,427.6128856455784,12
2024-09-20 13:04:21.983000,427.5567251648571,104
2024-09-20 13:04:22.015000,427.57036087373655,10
2024-09-20 13:04:22.018000,427.4801952770715,995
2024-09-20 13:04:22.020000,427.55208100418105,1001
2024-09-20 13:04:22.051000,427.5238637436602,1003
2024-09-20 13:04:22.131000,427.5294486654507,98
2024-09-20 13:04:22.164000,427.5362922459314,102
2024-09-20 13:04:22.186000,427.49053824236034,12
2024-09-20 13:04:22.232000,427.4970653581649,1000
2024-09-20 13:04:22.240000,427.488629088357,1003
2024-09-20 13:04:22.273000,427.53308771442966,102
2024-09-20 13:04:22.347000,427.5652571816097,7
2024-09-20 13:04:22.402000,427.5642156290241,101
2024-09-20 13:04:22.450000,427.4880679214049,13
2024-09-20 13:04:22.462000,427.523459661006,15
2024-09-20 13:04:22.505000,427.53027069701193,14
2024-09-20 13:04:22.551000,427.5290685262851,102
2024-09-20 13:04:22.573000,427.493101428653,104
2024-09-20 13:04:22.667000,427.50420332538414,7
2024-09-20 13:04:22.667000,427.5527787067964,6
2024-09-20 13:04:22.760000,427.4971662756905,9
2024-09-20 13:04:22.914000,427.5348672558808,1003
2024-09-20 13:04:22.982000,427.5522440222365,1002
2024-09-20 13:04:23.001000,427.5091525897802,9
2024-09-20 13:04:23.007000,427.5040772832878,5
2024-09-20 13:04:23.022000,427.5119909628421,998
2024-09-20 13:04:23.039000,427.512386177928,7
2024-09-20 13:04:23.068000,427.500206921765,1001
2024-09-20 13:04:23.071000,427.51559864507306,10
2024-09-20 13:04:23.184000,427.5032207620629,1000
2024-09-20 13:04:23.190000,427.5106807941196,5
2024-09-20 13:04:23.222000,427.5019034525405,1005
2024-09-20 13:04:23.260000,427.5333034307312,13
2024-09-20 13:04:23.295000,427.5450095744361,8
2024-09-20 13:04:23.375000,427.50745908248905,996
2024-09-20 13:04:23.466000,427.51523220370245,996
2024-09-20 13:04:23.498000,427.5251731134263,9
2024-09-20 13:04:23.523000,427.5139368793185,1004
2024-09-20 13:04:23.566000,427.5063632438767,96
2024-09-20 13:04:23.651000,427.5308585000124,9
2024-09-20 13:04:23.695000,427.52073857009566,1002
2024-09-20 13:04:23.711000,427.5362785185114,103
2024-09-20 13:04:23.763000,427.50296675171904,101
2024-09-20 13:04:23.789000,427.4977103381031,10
2024-09-20 13:04:23.814000,427.5236138591981,99
2024-09-20 13:04:23.891000,427.53415787519714,1003
2024-09-20 13:04:23.903000,427.51199013331103,8
2024-09-20 13:04:23.960000,427.50688502816456,11
2024-09-20 13:04:24.033000,427.41222489314384,102
2024-09-20 13:04:24.059000,427.42232174883065,998
2024-09-20 13:04:24.119000,427.41483098833794,15
2024-09-20 13:04:24.200000,427.39544393712833,104
2024-09-20 13:04:24.268000,427.44628643099577,12
2024-09-20 13:04:24.293000,427.5497252855652,96
2024-09-20 13:04:24.347000,427.5103697831868,999
2024-09-20 13:04:24.387000,427.4886568801952,7
2024-09-20 13:04:24.405000,427.54965072812,1001
2024-09-20 13:04:24.413000,427.4210290635973,1004
2024-09-20 13:04:24.475000,427.445323050739,95
2024-09-20 13:04:24.513000,427.5181302666258,100
2024-09-20 13:04:24.514000,427.43438138458725,1000
2024-09-20 13:04:24.592000,427.45048280214456,13
2024-09-20 13:04:24.607000,427.43544794598006,7
2024-09-20 13:04:24.618000,427.4725185783127,9
2024-09-20 13:04:24.648000,427.4881064044736,99
2024-09-20 13:04:24.651000,427.5109332933562,105
2024-09-20 13:04:24.671000,427.4594864725815,1005
2024-09-20 13:04:24.718000,427.4218551483325,104
2024-09-20 13:04:24.739000,427.4876073122514,998
2024-09-20 13:04:24.747000,427.4794466112371,998
2024-09-20 13:04:24.768000,427.4081803046929,7
2024-09-20 13:04:24.771000,427.5058936110909,996
2024-09-20 13:04:24.843000,427.43807157027214,1003
2024-09-20 13:04:24.868000,427.3999317435565,12
2024-09-20 13:04:24.915000,427.42399914795794,97
2024-09-20 13:04:24.926000,427.5633069837999,1005
2024-09-20 13:04:24.955000,427.4407024702135,998
2024-09-20 13:04:24.985000,427.4199217007214,15
2024-09-20 13:04:25.030000,427.3777330515549,103
2024-09-20 13:04:25.089000,427.3832652804567,6
2024-09-20 13:04:25.181000,427.3836274530557,996
2024-09-20 13:04:25.227000,427.3983622331695,104
2024-09-20 13:04:25.232000,427.4003459725904,13
2024-09-20 13:04:25.257000,427.4003015099557,96
2024-09-20 13:04:25.271000,427.4152279937993,999
2024-09-20 13:04:25.437000,427.4006861340866,10
2024-09-20 13:04:25.524000,427.4092215936124,6
2024-09-20 13:04:25.570000,427.39979053323685,1000
2024-09-20 13:04:25.585000,427.3934218686606,100
2024-09-20 13:04:25.665000,427.4114395797323,101
2024-09-20 13:04:25.689000,427.404083805828,97
2024-09-20 13:04:25.863000,427.3931451099728,996
2024-09-20 13:04:25.892000,427.37419779340087,996
2024-09-20 13:04:25.902000,427.418958993488,997
2024-09-20 13:04:26.007000,427.4584194266516,12
2024-09-20 13:04:26.014000,427.4408819265331,104
2024-09-20 13:04:26.033000,427.489754010445,98
2024-09-20 13:04:26.065000,427.5338770233916,15
2024-09-20 13:04:26.218000,427.5131221264044,11
2024-09-20 13:04:26.297000,427.4761421319856,11
2024-09-20 13:04:26.351000,427.4034010427037,101
2024-09-20 13:04:26.356000,427.460442214316,1003
2024-09-20 13:04:26.359000,427.4887925045393,1002
2024-09-20 13:04:26.399000,427.4568805850577,97
2024-09-20 13:04:26.411000,427.4599100079143,10
2024-09-20 13:04:26.415000,427.451377715251,999
2024-09-20 13:04:26.425000,427.467730574572,13
2024-09-20 13:04:26.514000,427.4504100475464,10
2024-09-20 13:04:26.526000,427.4869719334494,5
2024-09-20 13:04:26.532000,427.50404645565874,8
2024-09-20 13:04:26.555000,427.5162295502191,6
2024-09-20 13:04:26.618000,427.4992550961538,96
2024-09-20 13:04:26.635000,427.41063603496514,97
2024-09-20 13:04:26.662000,427.4676061388563,99
2024-09-20 13:04:26.676000,427.5129769991379,105
2024-09-20 13:04:26.700000,427.51151957684834,1002
2024-09-20 13:04:26.755000,427.49697667024,1005
2024-09-20 13:04:26.762000,427.4707005077365,13
2024-09-20 13:04:26.766000,427.4922473287589,998
2024-09-20 13:04:26.865000,427.4830958538613,8
2024-09-20 13:04:26.872000,427.47316041054455,96
2024-09-20 13:04:26.889000,427.3998262755371,11
2024-09-20 13:04:26.894000,427.47453786451615,11
2024-09-20 13:04:27.271000,427.49434805339104,97
2024-09-20 13:04:27.395000,427.4717219368877,100
2024-09-20 13:04:27.526000,427.48914760172914,998
2024-09-20 13:04:27.655000,427.46164489042434,995
2024-09-20 13:04:27.802000,427.4803135599542,7
2024-09-20 13:04:28.005000,427.44086645576897,1001
2024-09-20 13:04:28.345000,427.41392990163865,9
2024-09-20 13:04:28.439000,427.4003745803767,98
2024-09-20 13:04:28.520000,427.4340032363122,104
2024-09-20 13:04:28.532000,427.4287697075084,104
2024-09-20 13:04:28.593000,427.4632694995762,996
2024-09-20 13:04:28.617000,427.4457248717747,1000
2024-09-20 13:04:28.670000,427.4413520177383,10
2024-09-20 13:04:28.701000,427.43418591375655,10
2024-09-20 13:04:28.704000,427.4023585589125,1000
2024-09-20 13:04:28.827000,427.43526926394094,14
2024-09-20 13:04:28.979000,427.42944016252,103
2024-09-20 13:04:29.002000,427.3642780608,100
2024-09-20 13:04:29.083000,427.2922254716585,105
2024-09-20 13:04:29.096000,427.3517963986283,101
2024-09-20 13:04:29.205000,427.31102435850994,15
2024-09-20 13:04:29.226000,427.38894143291225,996
2024-09-20 13:04:29.238000,427.422502380004,12
2024-09-20 13:04:29.256000,427.45979347477606,995
2024-09-20 13:04:29.269000,427.2892134338018,14
2024-09-20 13:04:29.274000,427.4100137593889,105
2024-09-20 13:04:29.319000,427.3680632915672,995
2024-09-20 13:04:29.342000,427.3510281399611,14
2024-09-20 13:04:29.410000,427.392930505286,97
2024-09-20 13:04:29.430000,427.3440667108089,102
2024-09-20 13:04:29.520000,427.36112815438094,100
2024-09-20 13:04:29.579000,427.3246693660535,1000
2024-09-20 13:04:29.580000,427.3568660585812,105
2024-09-20 13:04:29.589000,427.4477072728334,105
2024-09-20 13:04:29.611000,427.33258096732953,996
2024-09-20 13:04:29.622000,427.2938587124806,14
2024-09-20 13:04:29.633000,427.350958316069,8
2024-09-20 13:04:29.666000,427.34893767366526,100
2024-09-20 13:04:29.683000,427.3405058367312,96
2024-09-20 13:04:29.806000,427.30323068146,14
2024-09-20 13:04:29.929000,427.3561112771656,1001
2024-09-20 13:04:29.959000,427.4503734571608,999
2024-09-20 13:04:29.969000,427.2982504757055,9
2024-09-20 13:04:29.997000,427.316886330735,99
2024-09-20 13:04:30.062000,427.2178039011824,997
2024-09-20 13:04:30.132000,427.23524421379193,1003
2024-09-20 13:04:30.203000,427.2366268036397,96
2024-09-20 13:04:30.208000,427.2569073416023,6
2024-09-20 13:04:30.322000,427.2722248746165,7
2024-09-20 13:04:30.323000,427.1926520692922,103
2024-09-20 13:04:30.377000,427.2098844347217,995
2024-09-20 13:04:30.400000,427.21284824691406,10
2024-09-20 13:04:30.412000,427.2300782104585,998
2024-09-20 13:04:30.444000,427.2631573047953,999
2024-09-20 13:04:30.521000,427.2176725666429,105
2024-09-20 13:04:30.525000,427.2334512872347,98
2024-09-20 13:04:30.593000,427.2003853250804,96
2024-09-20 13:04:30.640000,427.2099479670529,997
2024-09-20 13:04:30.653000,427.2100411023002,97
2024-09-20 13:04:30.674000,427.2116219519904,101
2024-09-20 13:04:30.680000,427.2766457233036,100
2024-09-20 13:04:30.720000,427.2642748412458,999
2024-09-20 13:04:30.744000,427.251446957361,9
2024-09-20 13:04:30.748000,427.2359058728434,12
2024-09-20 13:04:30.794000,427.2938821534054,7
2024-09-20 13:04:30.827000,427.196799103238,9
2024-09-20 13:04:30.828000,427.25220970515056,95
2024-09-20 13:04:30.868000,427.2349224063983,105
2024-09-20 13:04:30.905000,427.2777329139723,103
2024-09-20 13:04:30.985000,427.23384235423936,8
2024-09-20 13:04:30.995000,427.2304331762018,101
2024-09-20 13:04:31.162000,427.2065334786016,98
2024-09-20 13:04:31.179000,427.2107872986178,9
2024-09-20 13:04:31.216000,427.2069524756024,1000
2024-09-20 13:04:31.231000,427.15404213686674,6
2024-09-20 13:04:31.403000,427.1860630024677,996
2024-09-20 13:04:31.477000,427.19770123896586,96
2024-09-20 13:04:31.558000,427.1584211874462,7
2024-09-20 13:04:31.610000,427.16556348762,101
2024-09-20 13:04:31.919000,427.19025419493215,104
2024-09-20 13:04:31.921000,427.1822144874589,9
2024-09-20 13:04:31.957000,427.1857119397355,14
2024-09-20 13:04:32.089000,427.169960228925,5
2024-09-20 13:04:32.124000,427.1688468080536,6
2024-09-20 13:04:32.165000,427.1681406284817,13
2024-09-20 13:04:32.275000,427.1593317924674,97
2024-09-20 13:04:32.464000,427.1616673364139,7
2024-09-20 13:04:32.515000,427.14038048269646,95
2024-09-20 13:04:32.545000,427.1537201286885,998
2024-09-20 13:04:32.762000,427.16247898689664,100
2024-09-20 13:04:32.873000,427.174424129736,6
2024-09-20 13:04:33.005000,427.28511364151626,96
2024-09-20 13:04:33.043000,427.2004722077325,8
2024-09-20 13:04:33.093000,427.25327044769926,99
2024-09-20 13:04:33.122000,427.271623328794,95
2024-09-20 13:04:33.132000,427.2704762271547,98
2024-09-20 13:04:33.195000,427.2592617615146,101
2024-09-20 13:04:33.248000,427.2786149256865,103
2024-09-20 13:04:33.281000,427.2465719507241,9
2024-09-20 13:04:33.298000,427.26475756832815,103
2024-09-20 13:04:33.371000,427.25701543765234,998
2024-09-20 13:04:33.630000,427.276776208899,1000
2024-09-20 13:04:33.682000,427.277398216016,1005
2024-09-20 13:04:33.694000,427.2686223366059,1005
2024-09-20 13:04:33.713000,427.28883952340686,100
2024-09-20 13:04:33.723000,427.2146625914864,6
2024-09-20 13:04:33.756000,427.284968353174,105
2024-09-20 13:04:33.903000,427.1800840672203,99
2024-09-20 13:04:33.942000,427.1856487986902,102
2024-09-20 13:04:33.976000,427.2517680558548,1001
2024-09-20 13:04:34.266000,427.2720569139657,10
2024-09-20 13:04:35.037000,427.26044122202967,9
2024-09-20 13:04:35.614000,427.24591857191433,1005
2024-09-20 13:04:35.616000,427.2489912734878,7
2024-09-20 13:04:35.745000,427.2380179591017,996
2024-09-20 13:04:35.968000,427.2527217801888,1000
2024-09-20 13:04:36.011000,427.22309678777975,1003
2024-09-20 13:04:36.372000,427.2286668249736,1003
2024-09-20 13:04:36.473000,427.21794459619343,8
2024-09-20 13:04:36.518000,427.22746205471634,96
2024-09-20 13:04:36.597000,427.2312823799369,103
2024-09-20 13:04:37.022000,427.1656563924748,6
2024-09-20 13:04:37.056000,427.2187498738576,998
2024-09-20 13:04:37.094000,427.1847044109112,1002
2024-09-20 13:04:37.109000,427.1493109027224,101
2024-09-20 13:04:37.112000,427.158753779869,97
2024-09-20 13:04:37.152000,427.2128636968051,6
2024-09-20 13:04:37.201000,427.2064430367609,12
2024-09-20 13:04:37.347000,427.2131821388199,97
2024-09-20 13:04:37.367000,427.195183340941,14
2024-09-20 13:04:37.430000,427.1968780020038,1000
2024-09-20 13:04:37.439000,427.1554471726095,7
2024-09-20 13:04:37.460000,427.197057668344,8
2024-09-20 13:04:37.491000,427.1930329690398,96
2024-09-20 13:04:37.499000,427.16894554981866,12
2024-09-20 13:04:37.507000,427.1852801800532,998
2024-09-20 13:04:37.618000,427.1605737513328,996
2024-09-20 13:04:37.637000,427.1821194583572,101
2024-09-20 13:04:37.645000,427.1768309322303,14
2024-09-20 13:04:37.722000,427.1704939518823,5
2024-09-20 13:04:37.876000,427.1925095500055,1004
2024-09-20 13:04:37.898000,427.1397588694952,999
2024-09-20 13:04:37.940000,427.1995102911188,11
2024-09-20 13:04:37.941000,427.192004829574,10
2024-09-20 13:04:37.956000,427.1406105886482,8
2024-09-20 13:04:37.978000,427.17269357202935,14
2024-09-20 13:04:37.979000,427.17914502640497,96
2024-09-20 13:04:38.110000,427.1744113827649,998
2024-09-20 13:04:38.128000,427.1823954116174,8
2024-09-20 13:04:38.162000,427.1937863927657,1005
2024-09-20 13:04:38.226000,427.1731479577449,1004
2024-09-20 13:04:38.642000,427.19923596162624,95
2024-09-20 13:04:38.686000,427.18825103640864,96
2024-09-20 13:04:38.689000,427.16394657225067,995
2024-09-20 13:04:38.711000,427.1795065561248,995
2024-09-20 13:04:38.864000,427.1744648933613,5
2024-09-20 13:04:38.878000,427.1557091462864,1004
2024-09-20 13:04:38.986000,427.20651367304686,995
2024-09-20 13:04:38.992000,427.2050305561225,95
2024-09-20 13:04:39.029000,427.1394265166763,14
2024-09-20 13:04:39.062000,427.187145722257,102
2024-09-20 13:04:39.080000,427.1885918197771,5
2024-09-20 13:04:39.105000,427.1518688311356,1001
2024-09-20 13:04:39.132000,427.1612588141571,996
2024-09-20 13:04:39.195000,427.1800600219037,1003
2024-09-20 13:04:39.223000,427.1483504286608,10
2024-09-20 13:04:39.224000,427.1877444459755,11
2024-09-20 13:04:39.256000,427.1658911882889,103
2024-09-20 13:04:39.314000,427.17573572023497,8
2024-09-20 13:04:39.318000,427.2008818692182,12
2024-09-20 13:04:39.345000,427.146466812814,100
2024-09-20 13:04:39.373000,427.11531506617337,98
2024-09-20 13:04:39.382000,427.1543073142975,97
2024-09-20 13:04:39.449000,427.1702368778382,1003
2024-09-20 13:04:39.461000,427.13195179081487,998
2024-09-20 13:04:39.484000,427.1309299288144,101
2024-09-20 13:04:39.514000,427.110789701856,15
2024-09-20 13:04:39.650000,427.1579912405415,1004
2024-09-20 13:04:39.745000,427.1554603906208,7
2024-09-20 13:04:39.855000,427.1971427158492,999
2024-09-20 13:04:39.857000,427.1405483239038,998
2024-09-20 13:04:39.866000,427.1487834754153,997
2024-09-20 13:04:39.904000,427.1429005855096,14
2024-09-20 13:04:39.932000,427.16036564772753,14
2024-09-20 13:04:39.934000,427.1095804634644,105
2024-09-20 13:04:39.959000,427.16939304278577,8
2024-09-20 13:04:39.962000,427.15669460176446,7
2024-09-20 13:04:40.042000,427.2267017940047,6
2024-09-20 13:04:40.045000,427.2648820066768,9
2024-09-20 13:04:40.080000,427.2089350078234,5
2024-09-20 13:04:40.103000,427.275249523071,100
2024-09-20 13:04:40.148000,427.222765386614,1002
2024-09-20 13:04:40.437000,427.2812115130464,15
2024-09-20 13:04:40.438000,427.198719710651,1002
2024-09-20 13:04:40.492000,427.21963254635887,1004
2024-09-20 13:04:40.517000,427.2835553049195,101
2024-09-20 13:04:40.522000,427.21377290568887,9
2024-09-20 13:04:40.537000,427.26124159738833,11
2024-09-20 13:04:40.559000,427.2494107020676,996
2024-09-20 13:04:40.566000,427.273579819532,102
2024-09-20 13:04:40.570000,427.2583961122279,11
2024-09-20 13:04:40.576000,427.2825758752801,1003
2024-09-20 13:04:40.706000,427.2104773854673,1000
2024-09-20 13:04:40.723000,427.2906566911433,997
2024-09-20 13:04:40.779000,427.2383875863975,14
2024-09-20 13:04:40.818000,427.2378084129805,13
2024-09-20 13:04:40.840000,427.23299307400765,101
2024-09-20 13:04:40.933000,427.2973330779499,6
2024-09-20 13:04:41.184000,427.28707627356937,1002
2024-09-20 13:04:41.192000,427.30451434149086,999
2024-09-20 13:04:41.358000,427.3220880530277,998
2024-09-20 13:04:41.595000,427.28868116505504,101
2024-09-20 13:04:41.648000,427.289147204182,100
2024-09-20 13:04:41.889000,427.29219966097565,95
2024-09-20 13:04:41.983000,427.3066556395125,104
2024-09-20 13:04:42.007000,427.32572045863736,101
2024-09-20 13:04:42.102000,427.3236979159472,10
2024-09-20 13:04:42.115000,427.336232256358,9
2024-09-20 13:04:42.158000,427.3280190681239,996
2024-09-20 13:04:42.197000,427.3085685091207,99
2024-09-20 13:04:42.255000,427.330932296285,14
2024-09-20 13:04:42.326000,427.3157345548816,996
2024-09-20 13:04:42.372000,427.3231948043375,1003
2024-09-20 13:04:42.422000,427.3194864917381,13
2024-09-20 13:04:42.487000,427.3151637803944,1004
2024-09-20 13:04:42.621000,427.337971246044,105
2024-09-20 13:04:42.652000,427.3219804337365,997
2024-09-20 13:04:42.724000,427.33287609256064,7
2024-09-20 13:04:42.753000,427.3074897786491,996
2024-09-20 13:04:42.771000,427.30976127165405,14
2024-09-20 13:04:42.854000,427.33188299292095,998
2024-09-20 13:04:42.867000,427.3040261826487,1000
2024-09-20 13:04:42.986000,427.3128592009972,103
2024-09-20 13:04:43.005000,427.3061702729962,96
2024-09-20 13:04:43.042000,427.3181350561261,1005
2024-09-20 13:04:43.059000,427.3220276625604,995
2024-09-20 13:04:43.303000,427.2978920273926,96
2024-09-20 13:04:43.454000,427.3251655606151,1002
2024-09-20 13:04:43.521000,427.3110244874351,104
2024-09-20 13:04:43.570000,427.30861516009566,103
2024-09-20 13:04:43.673000,427.2994802049952,5
2024-09-20 13:04:43.755000,427.28855114214537,1002
2024-09-20 13:04:43.898000,427.3071600384343,8
2024-09-20 13:04:43.911000,427.2915420241538,12
2024-09-20 13:04:43.932000,427.29939323976674,1002
2024-09-20 13:04:44.006000,427.3207566033224,105
2024-09-20 13:04:44.041000,427.3219950909675,96
2024-09-20 13:04:44.051000,427.31830771810064,13
2024-09-20 13:04:44.084000,427.3399868723674,9
2024-09-20 13:04:44.119000,427.3441504826753,10
2024-09-20 13:04:44.154000,427.3104850263893,101
2024-09-20 13:04:44.161000,427.34794845199633,12
2024-09-20 13:04:44.298000,427.3000503913124,99
2024-09-20 13:04:44.384000,427.3170461282499,97
2024-09-20 13:04:44.394000,427.29175653421214,1001
2024-09-20 13:04:44.415000,427.327752920022,7
2024-09-20 13:04:44.509000,427.3077128901832,1002
2024-09-20 13:04:44.525000,427.3243191970663,99
2024-09-20 13:04:44.613000,427.3221180054184,10
2024-09-20 13:04:44.700000,427.3116001340512,14
2024-09-20 13:04:44.851000,427.3394032887208,998
2024-09-20 13:04:44.854000,427.3237017750014,10
2024-09-20 13:04:44.868000,427.2841054166682,996
2024-09-20 13:04:44.932000,427.3274584727824,103
2024-09-20 13:04:44.953000,427.3423003883195,98
2024-09-20 13:04:44.967000,427.3182414401965,9
2024-09-20 13:04:44.968000,427.32361220983216,10
2024-09-20 13:04:44.970000,427.3414673108902,12
2024-09-20 13:04:44.970000,427.3109909911359,1001
2024-09-20 13:04:45.003000,427.2984953659972,1001
2024-09-20 13:04:45.036000,427.30270190507673,99
2024-09-20 13:04:45.245000,427.273579249534,13
2024-09-20 13:04:45.312000,427.3084345790329,996
2024-09-20 13:04:45.360000,427.3054711435368,1002
2024-09-20 13:04:45.445000,427.28076608327257,97
2024-09-20 13:04:45.656000,427.3080663584204,100
2024-09-20 13:04:45.797000,427.3058729832556,997
2024-09-20 13:04:45.903000,427.2912783920775,95
2024-09-20 13:04:45.904000,427.3153587215285,10
2024-09-20 13:04:46.115000,427.3019980143964,8
2024-09-20 13:04:46.173000,427.321047751126,11
2024-09-20 13:04:46.220000,427.3261245751669,1003
2024-09-20 13:04:46.403000,427.3367636312764,6
2024-09-20 13:04:46.592000,427.3179589100241,1002
2024-09-20 13:04:46.597000,427.3240259092485,104
2024-09-20 13:04:46.613000,427.3377076452869,5
2024-09-20 13:04:46.627000,427.30292672057897,15
2024-09-20 13:04:46.786000,427.3036029145691,14
2024-09-20 13:04:47.032000,427.4229438822441,105
2024-09-20 13:04:47.071000,427.41932363969,11
2024-09-20 13:04:47.114000,427.4022593771971,105
2024-09-20 13:04:47.120000,427.41134241946776,14
2024-09-20 13:04:47.126000,427.31605977251047,1001
2024-09-20 13:04:47.133000,427.3161226407792,14
2024-09-20 13:04:47.138000,427.3501723482306,1002
2024-09-20 13:04:47.217000,427.3378829425167,15
2024-09-20 13:04:47.241000,427.3818524383101,14
2024-09-20 13:04:47.259000,427.3270158113573,996
2024-09-20 13:04:47.274000,427.40192442880056,12
2024-09-20 13:04:47.290000,427.32488836246097,99
2024-09-20 13:04:47.303000,427.3918528131709,95
2024-09-20 13:04:47.363000,427.4272523872685,998
2024-09-20 13:04:47.382000,427.3544094099873,103
2024-09-20 13:04:47.419000,427.3355246446425,15
2024-09-20 13:04:47.495000,427.35278783167365,12
2024-09-20 13:04:47.499000,427.34096761009545,995
2024-09-20 13:04:47.536000,427.42643832914,97
2024-09-20 13:04:47.593000,427.4167273241863,1003
2024-09-20 13:04:47.597000,427.3248511916623,100
2024-09-20 13:04:47.625000,427.383317944957,11
2024-09-20 13:04:47.787000,427.3282775596423,1004
2024-09-20 13:04:47.797000,427.4228419216425,1004
2024-09-20 13:04:47.860000,427.3992464176234,98
2024-09-20 13:04:47.863000,427.4056392625053,98
2024-09-20 13:04:47.869000,427.42033329269424,1000
2024-09-20 13:04:47.873000,427.3816027454528,999
2024-09-20 13:04:48.062000,427.4169201728421,995
2024-09-20 13:04:48.076000,427.4431510584312,99
2024-09-20 13:04:48.077000,427.42148835258615,98
2024-09-20 13:04:48.096000,427.4362043152203,5
2024-09-20 13:04:48.144000,427.4677352247673,11
2024-09-20 13:04:48.202000,427.44115959602186,1003
2024-09-20 13:04:48.222000,427.40123393208665,11
2024-09-20 13:04:48.241000,427.4688251905657,103
2024-09-20 13:04:48.275000,427.46081238064494,1003
2024-09-20 13:04:48.293000,427.4374134822491,1002
2024-09-20 13:04:48.370000,427.4416553740763,11
2024-09-20 13:04:48.436000,427.397171331546,5
2024-09-20 13:04:48.504000,427.4290630850186,1003
2024-09-20 13:04:48.677000,427.4189295454256,1002
2024-09-20 13:04:48.692000,427.4198958295052,1002
2024-09-20 13:04:48.722000,427.4428427031,103
2024-09-20 13:04:48.729000,427.46945345504287,1005
2024-09-20 13:04:48.731000,427.483850597532,104
2024-09-20 13:04:48.769000,427.3916026094968,95
2024-09-20 13:04:48.842000,427.4629401840791,998
2024-09-20 13:04:48.939000,427.4741105169756,95
2024-09-20 13:04:48.951000,427.42820885751934,12
2024-09-20 13:04:48.978000,427.451432926854,11
2024-09-20 13:04:48.980000,427.4323079189768,103
2024-09-20 13:04:49.118000,427.4779531034831,95
2024-09-20 13:04:49.123000,427.4759997743175,996
2024-09-20 13:04:49.134000,427.4669792531448,103
2024-09-20 13:04:49.213000,427.4649982208611,1005
2024-09-20 13:04:49.294000,427.4566871993426,1000
2024-09-20 13:04:49.314000,427.43204375703135,104
2024-09-20 13:04:49.324000,427.4469586953685,14
2024-09-20 13:04:49.324000,427.482583841453,14
2024-09-20 13:04:49.394000,427.4844395800474,1004
2024-09-20 13:04:49.443000,427.4478903413434,96
2024-09-20 13:04:49.468000,427.47866066543713,998
2024-09-20 13:04:49.475000,427.44581102226,999
2024-09-20 13:04:49.507000,427.45457966567216,995
2024-09-20 13:04:49.803000,427.4409697395353,10
2024-09-20 13:04:49.820000,427.4841627223347,100
2024-09-20 13:04:49.823000,427.4500329833506,14
2024-09-20 13:04:49.849000,427.478508759343,105
2024-09-20 13:04:49.874000,427.4846524667989,95
2024-09-20 13:04:49.911000,427.4835394384353,102
2024-09-20 13:04:49.936000,427.4793318060484,98
2024-09-20 13:04:49.941000,427.4961100494279,105
2024-09-20 13:04:49.953000,427.47694211161166,1002
2024-09-20 13:04:50.349000,427.44960646697086,1001
2024-09-20 13:04:50.518000,427.4398614297247,995
2024-09-20 13:04:50.546000,427.4362954945028,96
2024-09-20 13:04:51.053000,427.3783721648574,5
2024-09-20 13:04:51.304000,427.3921422873248,1005
2024-09-20 13:04:51.585000,427.3926766732321,95
2024-09-20 13:04:51.585000,427.42230286363616,999
2024-09-20 13:04:51.646000,427.3727935983943,14
2024-09-20 13:04:51.687000,427.38693374032937,96
2024-09-20 13:04:51.789000,427.3912782449718,104
2024-09-20 13:04:52.057000,427.2798484718031,96
2024-09-20 13:04:52.064000,427.34521760227335,96
2024-09-20 13:04:52.146000,427.3191287057822,998
2024-09-20 13:04:52.167000,427.37343247590337,99
2024-09-20 13:04:52.168000,427.2800157107602,97
2024-09-20 13:04:52.171000,427.30644714256096,103
2024-09-20 13:04:52.177000,427.3196358491497,9
2024-09-20 13:04:52.184000,427.3411768430068,1000
2024-09-20 13:04:52.194000,427.3266937494171,103
2024-09-20 13:04:52.202000,427.313461095794,96
2024-09-20 13:04:52.212000,427.3924877938438,1005
2024-09-20 13:04:52.222000,427.3356134939512,97
2024-09-20 13:04:52.349000,427.29774178823294,96
2024-09-20 13:04:52.402000,427.3721921639778,8
2024-09-20 13:04:52.414000,427.2685525352955,1004
2024-09-20 13:04:52.492000,427.3054479984357,995
2024-09-20 13:04:52.497000,427.3015103500624,8
2024-09-20 13:04:52.535000,427.2847970062842,99
2024-09-20 13:04:52.639000,427.3215553732493,10
2024-09-20 13:04:52.676000,427.3065612438028,1003
2024-09-20 13:04:52.688000,427.290162710316,12
2024-09-20 13:04:52.699000,427.2761097418941,1000
2024-09-20 13:04:52.706000,427.29042463580834,999
2024-09-20 13:04:52.775000,427.28431553074415,997
2024-09-20 13:04:52.778000,427.2819909404115,999
2024-09-20 13:04:52.789000,427.32272616380334,95
2024-09-20 13:04:52.800000,427.370423343461,1005
2024-09-20 13:04:52.813000,427.3670061469456,105
2024-09-20 13:04:52.980000,427.29209670570975,5
2024-09-20 13:04:52.986000,427.3222335765959,1001
2024-09-20 13:04:53.016000,427.3405999579937,98
2024-09-20 13:04:53.114000,427.33376396507714,14
2024-09-20 13:04:53.197000,427.2950618947913,99
2024-09-20 13:04:53.360000,427.3434183437867,7
2024-09-20 13:04:53.379000,427.3397391044013,1004
2024-09-20 13:04:53.414000,427.34738561426826,103
2024-09-20 13:04:53.489000,427.3461640308624,15
2024-09-20 13:04:53.552000,427.3425455674086,104
2024-09-20 13:04:53.647000,427.3273034099741,1005
2024-09-20 13:04:53.689000,427.3146837200895,5
2024-09-20 13:04:53.692000,427.3368019578186,103
2024-09-20 13:04:53.784000,427.3460885917647,102
2024-09-20 13:04:53.806000,427.33736599926567,1001
2024-09-20 13:04:53.845000,427.3431183682079,99
2024-09-20 13:04:53.943000,427.34877213123815,105
2024-09-20 13:04:53.951000,427.29972326172987,101
2024-09-20 13:04:54.036000,427.4065797100366,13
2024-09-20 13:04:54.055000,427.4721955312565,13
2024-09-20 13:04:54.098000,427.42601510872026,997
2024-09-20 13:04:54.119000,427.4171936416474,9
2024-09-20 13:04:54.178000,427.4503597581369,1000
2024-09-20 13:04:54.181000,427.382217699598,7
2024-09-20 13:04:54.216000,427.4594575205893,1001
2024-09-20 13:04:54.330000,427.4217845194521,999
2024-09-20 13:04:54.358000,427.43688452143226,998
2024-09-20 13:04:54.373000,427.3712534339313,9
2024-09-20 13:04:54.397000,427.4314708467929,104
2024-09-20 13:04:54.491000,427.4400882524605,7
2024-09-20 13:04:54.499000,427.3562900704087,102
2024-09-20 13:04:54.509000,427.4416806794159,11
2024-09-20 13:04:54.529000,427.4172753873308,10
2024-09-20 13:04:54.650000,427.3452726159344,101
2024-09-20 13:04:54.687000,427.4281959033566,97
2024-09-20 13:04:54.691000,427.4654991064075,1003
2024-09-20 13:04:54.707000,427.3952280161387,102
2024-09-20 13:04:54.762000,427.4688085743009,100
2024-09-20 13:04:54.888000,427.45861961580255,101
2024-09-20 13:04:54.889000,427.4349618570123,13
2024-09-20 13:04:54.921000,427.4658827789551,995
2024-09-20 13:04:54.922000,427.44771729797554,104
2024-09-20 13:04:54.935000,427.46064262604057,5
2024-09-20 13:04:54.936000,427.4737058360966,102
2024-09-20 13:04:55.074000,427.5213431774226,14
2024-09-20 13:04:55.196000,427.5205696630442,97
2024-09-20 13:04:55.202000,427.4896795860951,11
2024-09-20 13:04:55.350000,427.48000321524034,98
2024-09-20 13:04:55.357000,427.5127048397876,12
2024-09-20 13:04:55.748000,427.4859853949296,5
2024-09-20 13:04:56.100000,427.4982841321762,9
2024-09-20 13:04:56.106000,427.5111615775927,98
2024-09-20 13:04:56.107000,427.4975996279014,1003
2024-09-20 13:04:56.250000,427.5277672398728,12
2024-09-20 13:04:56.305000,427.5098554201289,996
2024-09-20 13:04:56.309000,427.4953849644909,105
2024-09-20 13:04:56.380000,427.517086928352,998
2024-09-20 13:04:56.406000,427.5055256425837,1004
2024-09-20 13:04:56.573000,427.5095400944105,1000
2024-09-20 13:04:56.578000,427.49896228928617,15
2024-09-20 13:04:56.589000,427.50365321879946,96
2024-09-20 13:04:56.667000,427.5126586010013,999
2024-09-20 13:04:56.670000,427.5058409444998,100
2024-09-20 13:04:56.765000,427.51152472584073,100
2024-09-20 13:04:56.812000,427.513863997785,1001
2024-09-20 13:04:56.825000,427.5285219150838,14
2024-09-20 13:04:56.839000,427.5005433718086,99
2024-09-20 13:04:56.857000,427.490365342181,103
2024-09-20 13:04:56.937000,427.512155383181,5
2024-09-20 13:04:57.468000,427.4776149709819,100
2024-09-20 13:04:57.623000,427.4965081198668,97
2024-09-20 13:04:57.957000,427.5026358792984,995
2024-09-20 13:04:57.975000,427.4977171979113,98
2024-09-20 13:04:58.047000,427.6577508504959,101
2024-09-20 13:04:58.052000,427.5803931873865,9
2024-09-20 13:04:58.081000,427.5710396525106,10
2024-09-20 13:04:58.158000,427.5060129253171,1003
2024-09-20 13:04:58.255000,427.52515807949567,7
2024-09-20 13:04:58.285000,427.6376748936191,996
2024-09-20 13:04:58.326000,427.5730345518542,1003
2024-09-20 13:04:58.336000,427.6113531885733,5
2024-09-20 13:04:58.345000,427.6298591503086,1001
2024-09-20 13:04:58.363000,427.6552443196146,96
2024-09-20 13:04:58.452000,427.64060963750256,105
2024-09-20 13:04:58.516000,427.503071266357,103
2024-09-20 13:04:58.521000,427.587350885043,11
2024-09-20 13:04:58.542000,427.5204120245568,9
2024-09-20 13:04:58.608000,427.4984611034418,6
2024-09-20 13:04:58.609000,427.5384999977511,998
2024-09-20 13:04:58.628000,427.644407197648,1003
2024-09-20 13:04:58.629000,427.61250979519184,10
2024-09-20 13:04:58.632000,427.5130616221853,7
2024-09-20 13:04:58.670000,427.5787579728024,1004
2024-09-20 13:04:58.717000,427.6145252480996,5
2024-09-20 13:04:58.718000,427.5123876715301,105
2024-09-20 13:04:58.763000,427.51708979249855,9
2024-09-20 13:04:58.794000,427.6305478956604,96
2024-09-20 13:04:58.897000,427.56208489447386,11
2024-09-20 13:04:58.913000,427.5964208853683,101
2024-09-20 13:04:58.925000,427.6423058213758,6
2024-09-20 13:04:58.948000,427.6040842220939,1005
2024-09-20 13:04:59.003000,427.5965891057235,12
2024-09-20 13:04:59.165000,427.5649996382082,996
2024-09-20 13:04:59.169000,427.6116968629462,8
2024-09-20 13:04:59.210000,427.57310497889455,105
2024-09-20 13:04:59.211000,427.6136567026446,11
2024-09-20 13:04:59.234000,427.5899964460791,95
2024-09-20 13:04:59.240000,427.5906788490109,105
2024-09-20 13:04:59.285000,427.5569083496064,15
2024-09-20 13:04:59.389000,427.64904856319976,5
2024-09-20 13:04:59.546000,427.59143857949135,998
2024-09-20 13:04:59.576000,427.61364274787206,97
2024-09-20 13:04:59.596000,427.5522785148677,999
2024-09-20 13:04:59.840000,427.62224350545694,996
2024-09-20 13:04:59.844000,427.6325135524596,14
2024-09-20 13:04:59.872000,427.5989755927923,997
2024-09-20 13:04:59.954000,427.6554798063078,105
2024-09-20 13:04:59.956000,427.57626608745886,1001
2024-09-20 13:04:59.980000,427.61268847297583,8
2024-09-20 13:04:59.981000,427.6134956385927,1005
