Timestamp,Price,Size
2024-09-19 12:48:00.042000,424.42861548546034,1001
2024-09-19 12:48:00.100000,424.4224711294328,9
2024-09-19 12:48:00.155000,424.4206691687118,999
2024-09-19 12:48:00.164000,424.43753487638463,100
2024-09-19 12:48:00.245000,424.43056480389214,995
2024-09-19 12:48:00.276000,424.4057709481098,1000
2024-09-19 12:48:00.310000,424.4457989559479,102
2024-09-19 12:48:00.334000,424.4370970824969,96
2024-09-19 12:48:00.373000,424.4090033823787,1004
2024-09-19 12:48:00.380000,424.4314483529009,97
2024-09-19 12:48:00.450000,424.4447781596959,6
2024-09-19 12:48:00.573000,424.4492213150746,1003
2024-09-19 12:48:00.618000,424.4251323154243,9
2024-09-19 12:48:00.722000,424.4235517382684,1003
2024-09-19 12:48:00.727000,424.4287546982568,104
2024-09-19 12:48:00.749000,424.4390847405118,98
2024-09-19 12:48:00.771000,424.4315586097106,14
2024-09-19 12:48:00.924000,424.4406339750004,1002
2024-09-19 12:48:01.098000,424.37346434492105,99
2024-09-19 12:48:01.443000,424.4169096312072,99
2024-09-19 12:48:01.522000,424.3591427176849,9
2024-09-19 12:48:01.681000,424.4213079670411,101
2024-09-19 12:48:01.789000,424.3766908938427,102
2024-09-19 12:48:01.862000,424.4195772586919,1002
2024-09-19 12:48:01.931000,424.3989166868728,11
2024-09-19 12:48:01.979000,424.4129180498732,10
2024-09-19 12:48:02,424.39891986906497,100
2024-09-19 12:48:02.002000,424.4086479352756,95
2024-09-19 12:48:02.023000,424.3554352352672,99
2024-09-19 12:48:02.062000,424.3273878347902,105
2024-09-19 12:48:02.076000,424.40277104762725,103
2024-09-19 12:48:02.088000,424.3163958887309,6
2024-09-19 12:48:02.145000,424.3353808023155,104
2024-09-19 12:48:02.186000,424.40058520628986,998
2024-09-19 12:48:02.245000,424.3436839151267,1005
2024-09-19 12:48:02.262000,424.3567662979934,996
2024-09-19 12:48:02.300000,424.3881970462053,100
2024-09-19 12:48:02.307000,424.3299467241317,12
2024-09-19 12:48:02.384000,424.3697372157733,1005
2024-09-19 12:48:02.416000,424.37272624127127,1003
2024-09-19 12:48:02.448000,424.3807981053562,1001
2024-09-19 12:48:02.466000,424.37244293437857,99
2024-09-19 12:48:02.513000,424.3439686702697,95
2024-09-19 12:48:02.521000,424.3754231458118,1005
2024-09-19 12:48:02.531000,424.322987399802,104
2024-09-19 12:48:02.536000,424.3992926506119,997
2024-09-19 12:48:02.606000,424.3121636806409,995
2024-09-19 12:48:02.638000,424.4107291591907,102
2024-09-19 12:48:02.683000,424.3430394913572,995
2024-09-19 12:48:02.690000,424.3666761790405,7
2024-09-19 12:48:02.878000,424.4072299133864,8
2024-09-19 12:48:02.969000,424.37700132688366,101
2024-09-19 12:48:03.005000,424.4056467263609,997
2024-09-19 12:48:03.027000,424.3936438907207,11
2024-09-19 12:48:03.079000,424.3793230534324,1001
2024-09-19 12:48:03.088000,424.40006304999656,997
2024-09-19 12:48:03.118000,424.4109628920573,11
2024-09-19 12:48:03.132000,424.400713493564,9
2024-09-19 12:48:03.256000,424.4079117539597,13
2024-09-19 12:48:03.273000,424.4234321416215,1005
2024-09-19 12:48:03.501000,424.40835558933657,105
2024-09-19 12:48:03.603000,424.368986613863,13
2024-09-19 12:48:03.633000,424.4176198762869,98
2024-09-19 12:48:03.637000,424.4330933323685,1003
2024-09-19 12:48:03.714000,424.399572846565,8
2024-09-19 12:48:03.737000,424.38279294803,998
2024-09-19 12:48:03.747000,424.3790974594484,102
2024-09-19 12:48:03.775000,424.42969962890857,7
2024-09-19 12:48:03.948000,424.403812931603,102
2024-09-19 12:48:04.045000,424.431540864876,100
2024-09-19 12:48:04.222000,424.4365911719378,9
2024-09-19 12:48:04.404000,424.4410881618233,1001
2024-09-19 12:48:04.440000,424.43721416601744,101
2024-09-19 12:48:04.484000,424.4518644846281,1000
2024-09-19 12:48:04.563000,424.4524403032565,101
2024-09-19 12:48:04.653000,424.3968677338079,105
2024-09-19 12:48:04.686000,424.41386076947913,996
2024-09-19 12:48:04.754000,424.44717582143727,997
2024-09-19 12:48:04.772000,424.440255552466,6
2024-09-19 12:48:04.936000,424.4496674563296,1000
2024-09-19 12:48:04.959000,424.45529100399966,105
2024-09-19 12:48:04.995000,424.4265355998106,1002
2024-09-19 12:48:05.032000,424.47675430577766,1000
2024-09-19 12:48:05.409000,424.48123361635487,98
2024-09-19 12:48:05.709000,424.4611652482688,14
2024-09-19 12:48:05.713000,424.48471486557895,997
2024-09-19 12:48:05.715000,424.4859529728249,103
2024-09-19 12:48:05.730000,424.4636217566454,95
2024-09-19 12:48:05.758000,424.4826973416952,11
2024-09-19 12:48:05.768000,424.468378839673,999
2024-09-19 12:48:05.850000,424.4926295562597,10
2024-09-19 12:48:05.982000,424.4846279919172,15
2024-09-19 12:48:06.030000,424.46649210063504,12
2024-09-19 12:48:06.106000,424.4659403046187,11
2024-09-19 12:48:06.139000,424.4538176917495,996
2024-09-19 12:48:06.157000,424.4707483937379,95
2024-09-19 12:48:06.334000,424.4710058844888,14
2024-09-19 12:48:06.511000,424.4572444951293,105
2024-09-19 12:48:06.620000,424.4699412282809,99
2024-09-19 12:48:06.724000,424.4653113927761,95
2024-09-19 12:48:06.764000,424.4685009884696,14
2024-09-19 12:48:06.800000,424.473535737549,1004
2024-09-19 12:48:06.830000,424.46198101043336,997
2024-09-19 12:48:06.892000,424.44751089667056,103
2024-09-19 12:48:07.039000,424.4883708248251,5
2024-09-19 12:48:07.088000,424.3970999369965,96
2024-09-19 12:48:07.192000,424.3871008443264,96
2024-09-19 12:48:07.322000,424.4196463146948,996
2024-09-19 12:48:07.328000,424.4610666735263,103
2024-09-19 12:48:07.340000,424.483066647504,6
2024-09-19 12:48:07.363000,424.375032535542,95
2024-09-19 12:48:07.375000,424.3899463281661,8
2024-09-19 12:48:07.455000,424.4713036753944,101
2024-09-19 12:48:07.570000,424.33374575951166,1004
2024-09-19 12:48:07.610000,424.4730345084412,7
2024-09-19 12:48:07.611000,424.47417124913255,5
2024-09-19 12:48:07.668000,424.4314458510516,997
2024-09-19 12:48:07.673000,424.3716827874998,1002
2024-09-19 12:48:07.694000,424.34383929254096,998
2024-09-19 12:48:07.742000,424.3283118064268,11
2024-09-19 12:48:07.832000,424.35032181767593,98
2024-09-19 12:48:07.891000,424.42140689184606,98
2024-09-19 12:48:07.949000,424.47656182404114,101
2024-09-19 12:48:08.044000,424.2687944845276,9
2024-09-19 12:48:08.095000,424.30515076286974,999
2024-09-19 12:48:08.101000,424.2987254564394,15
2024-09-19 12:48:08.106000,424.23631593898585,10
2024-09-19 12:48:08.153000,424.241430186239,98
2024-09-19 12:48:08.304000,424.2592520672515,99
2024-09-19 12:48:08.317000,424.2497122646008,1003
2024-09-19 12:48:08.379000,424.2826179244234,97
2024-09-19 12:48:08.405000,424.3019254833295,999
2024-09-19 12:48:08.411000,424.2359776251861,15
2024-09-19 12:48:08.425000,424.235892281464,10
2024-09-19 12:48:08.476000,424.2626311484184,1000
2024-09-19 12:48:08.491000,424.2658393949957,1004
2024-09-19 12:48:08.609000,424.2195137741247,9
2024-09-19 12:48:08.618000,424.2560761968492,13
2024-09-19 12:48:08.679000,424.2914832971941,104
2024-09-19 12:48:08.696000,424.2374506206575,1002
2024-09-19 12:48:08.700000,424.3127199526992,1005
2024-09-19 12:48:08.704000,424.2293548145293,102
2024-09-19 12:48:08.711000,424.2533526585707,98
2024-09-19 12:48:08.715000,424.3086820382153,95
2024-09-19 12:48:08.720000,424.222710524006,102
2024-09-19 12:48:08.797000,424.2199990785337,1005
2024-09-19 12:48:08.809000,424.26847765059176,6
2024-09-19 12:48:08.821000,424.3041292573387,15
2024-09-19 12:48:08.830000,424.2573178655557,100
2024-09-19 12:48:08.881000,424.2972062052349,9
2024-09-19 12:48:08.966000,424.3138026240439,995
2024-09-19 12:48:09.118000,424.2804125110156,1002
2024-09-19 12:48:09.691000,424.2718066113511,999
2024-09-19 12:48:10.755000,424.27238720461634,7
2024-09-19 12:48:11.284000,424.2881673194551,998
2024-09-19 12:48:11.291000,424.322781213185,15
2024-09-19 12:48:11.332000,424.2982787310052,96
2024-09-19 12:48:11.358000,424.3386891037496,98
2024-09-19 12:48:11.424000,424.2742770826072,96
2024-09-19 12:48:11.697000,424.293230718236,995
2024-09-19 12:48:11.936000,424.32790481819393,1005
2024-09-19 12:48:11.979000,424.3435577944425,1003
2024-09-19 12:48:12.171000,424.3431344046323,997
2024-09-19 12:48:12.453000,424.3516027052622,997
2024-09-19 12:48:12.503000,424.3268575927615,105
2024-09-19 12:48:12.606000,424.35360164354194,5
2024-09-19 12:48:12.662000,424.3339711557978,7
2024-09-19 12:48:12.708000,424.3472588229607,8
2024-09-19 12:48:12.748000,424.31913272530295,995
2024-09-19 12:48:13.118000,424.2901514376499,12
2024-09-19 12:48:13.483000,424.3105666911587,96
2024-09-19 12:48:13.734000,424.2581981800204,996
2024-09-19 12:48:13.771000,424.2912854418987,1003
2024-09-19 12:48:14.034000,424.28305156494616,1000
2024-09-19 12:48:14.040000,424.2636078894631,1003
2024-09-19 12:48:14.093000,424.27529608297,97
2024-09-19 12:48:14.155000,424.2859784444294,1001
2024-09-19 12:48:14.155000,424.265659954152,96
2024-09-19 12:48:14.357000,424.2823815222121,96
2024-09-19 12:48:14.360000,424.2649152534358,1002
2024-09-19 12:48:14.439000,424.2562262220217,13
2024-09-19 12:48:14.491000,424.2544559319565,5
2024-09-19 12:48:14.509000,424.25581229938456,95
2024-09-19 12:48:14.516000,424.24924219948673,1000
2024-09-19 12:48:14.523000,424.2545597077547,10
2024-09-19 12:48:14.571000,424.26064601423263,8
2024-09-19 12:48:14.697000,424.2703551054417,96
2024-09-19 12:48:14.811000,424.228495938768,101
2024-09-19 12:48:14.852000,424.24467554478446,105
2024-09-19 12:48:14.862000,424.2616914481311,103
2024-09-19 12:48:14.887000,424.2539992138245,1005
2024-09-19 12:48:14.926000,424.2843315898659,1003
2024-09-19 12:48:14.947000,424.2705161245207,10
2024-09-19 12:48:14.972000,424.2707759240479,998
2024-09-19 12:48:14.976000,424.2751218901621,1000
2024-09-19 12:48:14.996000,424.28984501063934,99
2024-09-19 12:48:14.996000,424.2563239899589,105
2024-09-19 12:48:15.048000,424.3229881116161,104
2024-09-19 12:48:15.136000,424.3079918011199,100
2024-09-19 12:48:15.307000,424.32334213188045,7
2024-09-19 12:48:15.433000,424.2910117842314,96
2024-09-19 12:48:15.623000,424.3258960968196,8
2024-09-19 12:48:15.668000,424.2922294702055,996
2024-09-19 12:48:15.723000,424.3030915759879,9
2024-09-19 12:48:15.815000,424.2962227657091,1003
2024-09-19 12:48:16.117000,424.3224338954311,999
2024-09-19 12:48:16.177000,424.3259853699531,1002
2024-09-19 12:48:16.225000,424.34229154150046,1003
2024-09-19 12:48:16.414000,424.3320998844848,5
2024-09-19 12:48:17.017000,424.3457349315213,11
2024-09-19 12:48:17.026000,424.3804152631803,996
2024-09-19 12:48:17.085000,424.3576060187726,997
2024-09-19 12:48:17.122000,424.3686357323791,999
2024-09-19 12:48:17.189000,424.3385301477488,96
2024-09-19 12:48:17.205000,424.3606399448977,13
2024-09-19 12:48:17.211000,424.3449221833141,104
2024-09-19 12:48:17.492000,424.3612909481544,5
2024-09-19 12:48:17.519000,424.3638310137138,5
2024-09-19 12:48:17.594000,424.3191510460539,1002
2024-09-19 12:48:17.646000,424.3450644767394,995
2024-09-19 12:48:17.665000,424.3363802972768,14
2024-09-19 12:48:17.762000,424.3404770159936,96
2024-09-19 12:48:17.814000,424.3312444519922,5
2024-09-19 12:48:17.830000,424.370982849008,103
2024-09-19 12:48:17.834000,424.3492759516489,101
2024-09-19 12:48:17.933000,424.328861465936,1004
2024-09-19 12:48:17.938000,424.3285183043524,104
2024-09-19 12:48:17.941000,424.33154884230856,999
2024-09-19 12:48:18.244000,424.3781376892516,104
2024-09-19 12:48:18.383000,424.3075753575476,1005
2024-09-19 12:48:18.386000,424.3210153231221,102
2024-09-19 12:48:18.452000,424.3148608065874,997
2024-09-19 12:48:18.726000,424.2804999119033,1005
2024-09-19 12:48:18.732000,424.2918110631943,101
2024-09-19 12:48:18.855000,424.3615805371068,995
2024-09-19 12:48:18.902000,424.2921194292368,101
2024-09-19 12:48:18.906000,424.2687510322,11
2024-09-19 12:48:18.912000,424.34650577865295,8
2024-09-19 12:48:18.925000,424.37756559505766,12
2024-09-19 12:48:18.994000,424.3095861955335,10
2024-09-19 12:48:19.253000,424.28939126457215,102
2024-09-19 12:48:19.617000,424.2973055839578,97
2024-09-19 12:48:19.699000,424.3047143398247,1004
2024-09-19 12:48:19.718000,424.30396820561145,996
2024-09-19 12:48:19.800000,424.3148955773423,105
2024-09-19 12:48:19.803000,424.2923095499936,9
2024-09-19 12:48:19.841000,424.2972366482024,101
2024-09-19 12:48:19.860000,424.3033511235329,10
2024-09-19 12:48:19.911000,424.2770665512626,1000
2024-09-19 12:48:19.922000,424.2679694602353,11
2024-09-19 12:48:20.009000,424.3174441737408,998
2024-09-19 12:48:20.013000,424.3437873817586,10
2024-09-19 12:48:20.072000,424.333790012322,6
2024-09-19 12:48:20.090000,424.3067968168773,102
2024-09-19 12:48:20.219000,424.3547248138629,101
2024-09-19 12:48:20.231000,424.34089058080326,8
2024-09-19 12:48:20.501000,424.3370107459738,5
2024-09-19 12:48:20.576000,424.3504400414511,99
2024-09-19 12:48:20.625000,424.32075007786113,97
2024-09-19 12:48:20.651000,424.3306377763313,14
2024-09-19 12:48:21.007000,424.40617478561376,96
2024-09-19 12:48:21.081000,424.339892529111,96
2024-09-19 12:48:21.253000,424.385241444648,10
2024-09-19 12:48:21.318000,424.4014129622393,6
2024-09-19 12:48:21.385000,424.3511098414225,1000
2024-09-19 12:48:21.412000,424.35774902604766,1003
2024-09-19 12:48:21.421000,424.3688817300061,13
2024-09-19 12:48:21.422000,424.4033541861312,995
2024-09-19 12:48:21.445000,424.3229910724535,1000
2024-09-19 12:48:21.488000,424.4163552295647,105
2024-09-19 12:48:21.555000,424.3375551069182,8
2024-09-19 12:48:21.600000,424.3307313883989,15
2024-09-19 12:48:21.767000,424.3689005117662,9
2024-09-19 12:48:21.777000,424.34835228649615,1000
2024-09-19 12:48:21.784000,424.4556406481023,99
2024-09-19 12:48:21.785000,424.40875727259566,13
2024-09-19 12:48:21.855000,424.432819544894,996
2024-09-19 12:48:21.863000,424.3758589594824,5
2024-09-19 12:48:21.896000,424.3782018848014,105
2024-09-19 12:48:22.146000,424.42812442899634,1002
2024-09-19 12:48:22.149000,424.4286796075097,104
2024-09-19 12:48:22.185000,424.4586557668173,5
2024-09-19 12:48:22.352000,424.45114414690505,1005
2024-09-19 12:48:22.380000,424.4245587210042,10
2024-09-19 12:48:22.551000,424.4112180482264,1002
2024-09-19 12:48:22.770000,424.4284245730087,5
2024-09-19 12:48:22.856000,424.44800316247927,995
2024-09-19 12:48:23.020000,424.4397595402591,1004
2024-09-19 12:48:23.053000,424.4285486645162,99
2024-09-19 12:48:23.077000,424.4395754846307,5
2024-09-19 12:48:23.132000,424.4072062422388,12
2024-09-19 12:48:23.482000,424.4295725600155,6
2024-09-19 12:48:23.529000,424.44839295854143,11
2024-09-19 12:48:23.532000,424.44872707343154,102
2024-09-19 12:48:23.553000,424.4363505646343,997
2024-09-19 12:48:23.555000,424.4208272241673,10
2024-09-19 12:48:23.579000,424.428859035522,999
2024-09-19 12:48:23.596000,424.4276107962308,104
2024-09-19 12:48:23.637000,424.4156707658992,996
2024-09-19 12:48:23.708000,424.4433863282506,96
2024-09-19 12:48:23.729000,424.44602127344274,15
2024-09-19 12:48:23.825000,424.44071807913673,995
2024-09-19 12:48:23.850000,424.4524889931823,13
2024-09-19 12:48:23.867000,424.4351504532802,100
2024-09-19 12:48:23.939000,424.4404192032744,7
2024-09-19 12:48:24.098000,424.3931071249897,10
2024-09-19 12:48:24.244000,424.3908333489458,105
2024-09-19 12:48:24.257000,424.389045463232,11
2024-09-19 12:48:24.296000,424.4022079143211,95
2024-09-19 12:48:24.431000,424.383175940763,103
2024-09-19 12:48:24.481000,424.3690564881551,997
2024-09-19 12:48:24.542000,424.39322117656434,1001
2024-09-19 12:48:24.706000,424.3715141196124,1002
2024-09-19 12:48:24.826000,424.4136293077616,98
2024-09-19 12:48:24.931000,424.3864710075445,12
2024-09-19 12:48:24.975000,424.3818934895191,99
2024-09-19 12:48:25.018000,424.3948856179848,104
2024-09-19 12:48:25.077000,424.4224394827716,1003
2024-09-19 12:48:25.125000,424.4605391108857,997
2024-09-19 12:48:25.162000,424.4169932941552,1001
2024-09-19 12:48:25.189000,424.4439338118341,8
2024-09-19 12:48:25.294000,424.42374054819686,8
2024-09-19 12:48:25.325000,424.4261009855493,101
2024-09-19 12:48:25.346000,424.4462462943009,103
2024-09-19 12:48:25.376000,424.4318008423161,105
2024-09-19 12:48:25.411000,424.45121566325054,101
2024-09-19 12:48:25.476000,424.4088371391425,96
2024-09-19 12:48:25.514000,424.4086463514554,1001
2024-09-19 12:48:25.554000,424.4579980253579,998
2024-09-19 12:48:25.637000,424.4121005897493,1000
2024-09-19 12:48:25.643000,424.4086680511916,1001
2024-09-19 12:48:25.652000,424.43350338884,95
2024-09-19 12:48:25.658000,424.4288034253684,995
2024-09-19 12:48:25.781000,424.3889166361925,1001
2024-09-19 12:48:25.794000,424.4603291574098,105
2024-09-19 12:48:25.804000,424.3842131752235,13
2024-09-19 12:48:25.856000,424.4217472434638,1003
2024-09-19 12:48:25.899000,424.4343696940006,98
2024-09-19 12:48:25.905000,424.4215810602087,11
2024-09-19 12:48:25.926000,424.4103995800154,104
2024-09-19 12:48:26.014000,424.4898895055528,105
2024-09-19 12:48:26.101000,424.4821663307327,95
2024-09-19 12:48:26.180000,424.45653021075486,101
2024-09-19 12:48:26.232000,424.49540293951287,98
2024-09-19 12:48:26.268000,424.4864755747279,104
2024-09-19 12:48:26.326000,424.4971204399472,1001
2024-09-19 12:48:26.363000,424.4955991030457,1001
2024-09-19 12:48:26.684000,424.4851203065148,999
2024-09-19 12:48:27.233000,424.4574196562128,15
2024-09-19 12:48:27.308000,424.4763429334404,7
2024-09-19 12:48:27.764000,424.45782365177314,10
2024-09-19 12:48:28.077000,424.4749048070737,1002
2024-09-19 12:48:28.202000,424.47950859878455,1005
2024-09-19 12:48:28.306000,424.4968341723943,8
2024-09-19 12:48:28.846000,424.477800987186,1000
2024-09-19 12:48:28.936000,424.4770967752285,12
2024-09-19 12:48:28.960000,424.4369899225369,996
2024-09-19 12:48:29.048000,424.442891712648,9
2024-09-19 12:48:29.073000,424.43338674456527,1002
2024-09-19 12:48:29.111000,424.38296085614246,100
2024-09-19 12:48:29.112000,424.3893881988644,1003
2024-09-19 12:48:29.116000,424.44487045598754,9
2024-09-19 12:48:29.265000,424.38280986085016,97
2024-09-19 12:48:29.274000,424.45210378207,9
2024-09-19 12:48:29.276000,424.4100859588637,1002
2024-09-19 12:48:29.294000,424.4363665573226,999
2024-09-19 12:48:29.364000,424.40818298509527,100
2024-09-19 12:48:29.431000,424.3738868550507,1004
2024-09-19 12:48:29.484000,424.4563947002129,995
2024-09-19 12:48:29.507000,424.4102011478217,99
2024-09-19 12:48:29.529000,424.4144825913583,997
2024-09-19 12:48:29.535000,424.44329760718017,8
2024-09-19 12:48:29.581000,424.4312595026565,12
2024-09-19 12:48:29.589000,424.4454921457876,1001
2024-09-19 12:48:29.668000,424.3582843951632,995
2024-09-19 12:48:29.700000,424.4235153938208,97
2024-09-19 12:48:29.733000,424.4328979013037,96
2024-09-19 12:48:29.764000,424.41294001054007,999
2024-09-19 12:48:29.835000,424.3955461111158,1001
2024-09-19 12:48:29.851000,424.4016083287395,102
2024-09-19 12:48:29.857000,424.41085893235095,12
2024-09-19 12:48:29.889000,424.44814176917777,13
2024-09-19 12:48:29.890000,424.37404918429183,13
2024-09-19 12:48:29.907000,424.4379791134418,5
2024-09-19 12:48:29.925000,424.42295184341975,101
2024-09-19 12:48:29.960000,424.44316156843104,998
2024-09-19 12:48:29.963000,424.4216091825201,1004
2024-09-19 12:48:30.552000,424.3764946247682,100
2024-09-19 12:48:30.607000,424.4059202872343,997
2024-09-19 12:48:30.858000,424.426192807164,996
2024-09-19 12:48:30.913000,424.371984097953,997
2024-09-19 12:48:31.175000,424.42212718955534,15
2024-09-19 12:48:31.375000,424.4440956277178,105
2024-09-19 12:48:31.647000,424.4081996271615,102
2024-09-19 12:48:31.698000,424.413830838552,102
2024-09-19 12:48:31.711000,424.4199083613355,12
2024-09-19 12:48:31.962000,424.4487520007273,997
2024-09-19 12:48:32.064000,424.2712946666043,101
2024-09-19 12:48:32.071000,424.35663858244953,1004
2024-09-19 12:48:32.084000,424.2581207937216,1005
2024-09-19 12:48:32.087000,424.2834075161333,8
2024-09-19 12:48:32.108000,424.348439299444,9
2024-09-19 12:48:32.142000,424.2982222271403,96
2024-09-19 12:48:32.173000,424.36152035047127,12
2024-09-19 12:48:32.265000,424.25458284965646,1003
2024-09-19 12:48:32.305000,424.3414524137431,15
2024-09-19 12:48:32.319000,424.3398142202895,1003
2024-09-19 12:48:32.333000,424.3509990349768,101
2024-09-19 12:48:32.378000,424.3680120729906,98
2024-09-19 12:48:32.464000,424.2510848112527,1004
2024-09-19 12:48:32.665000,424.3503414428691,104
2024-09-19 12:48:32.687000,424.366610243761,5
2024-09-19 12:48:32.690000,424.2643420780975,11
2024-09-19 12:48:32.738000,424.3791053444089,97
2024-09-19 12:48:32.803000,424.3529262252391,105
2024-09-19 12:48:32.827000,424.2636750675464,1004
2024-09-19 12:48:32.855000,424.36557129886654,996
2024-09-19 12:48:32.893000,424.2966902588847,5
2024-09-19 12:48:32.914000,424.3531283916199,1001
2024-09-19 12:48:32.953000,424.30320378451177,101
2024-09-19 12:48:32.957000,424.347201573948,1004
2024-09-19 12:48:32.991000,424.26217230332185,997
2024-09-19 12:48:33.107000,424.2507942451311,98
2024-09-19 12:48:33.289000,424.2452545049781,1005
2024-09-19 12:48:33.459000,424.2431281323802,15
2024-09-19 12:48:33.468000,424.2451507492939,103
2024-09-19 12:48:33.699000,424.24101354075134,997
2024-09-19 12:48:33.719000,424.25182906866695,101
2024-09-19 12:48:33.739000,424.23375630191214,10
2024-09-19 12:48:34.002000,424.2871382077847,13
2024-09-19 12:48:34.159000,424.2350364138073,15
2024-09-19 12:48:34.201000,424.3235146241244,10
2024-09-19 12:48:34.295000,424.3215491426712,101
2024-09-19 12:48:34.306000,424.3172484362224,104
2024-09-19 12:48:34.312000,424.2363552533656,99
2024-09-19 12:48:34.323000,424.2921519919118,10
2024-09-19 12:48:34.375000,424.2205310167103,1004
2024-09-19 12:48:34.482000,424.2471610319869,1005
2024-09-19 12:48:34.673000,424.30571211258473,1001
2024-09-19 12:48:34.800000,424.247813241505,99
2024-09-19 12:48:34.972000,424.29414239312376,98
2024-09-19 12:48:34.987000,424.29125787358055,95
2024-09-19 12:48:35.059000,424.3621270011262,8
2024-09-19 12:48:35.095000,424.3393307260779,103
2024-09-19 12:48:35.150000,424.3421445140805,12
2024-09-19 12:48:35.239000,424.3655195933832,5
2024-09-19 12:48:35.251000,424.3114063133735,1004
2024-09-19 12:48:35.274000,424.3587631627761,995
2024-09-19 12:48:35.292000,424.3388053341297,95
2024-09-19 12:48:35.396000,424.391487417155,13
2024-09-19 12:48:35.472000,424.3719958296021,10
2024-09-19 12:48:35.474000,424.3539772918627,1001
2024-09-19 12:48:35.521000,424.38280931432337,1000
2024-09-19 12:48:35.535000,424.375530378851,14
2024-09-19 12:48:35.611000,424.3710048512467,98
2024-09-19 12:48:35.621000,424.3269749329697,999
2024-09-19 12:48:35.643000,424.3916707690638,6
2024-09-19 12:48:35.663000,424.3709040788509,1004
2024-09-19 12:48:35.686000,424.3689756130035,7
2024-09-19 12:48:35.746000,424.3583593287748,98
2024-09-19 12:48:35.824000,424.38385364073457,99
2024-09-19 12:48:35.847000,424.3549237710822,999
2024-09-19 12:48:35.863000,424.379109219247,999
2024-09-19 12:48:35.957000,424.32511267640376,9
2024-09-19 12:48:35.992000,424.3507548335995,96
2024-09-19 12:48:36.057000,424.3649271168208,1004
2024-09-19 12:48:36.084000,424.372356072985,13
2024-09-19 12:48:36.396000,424.3706669107763,95
2024-09-19 12:48:36.402000,424.3605397433692,12
2024-09-19 12:48:36.411000,424.37699042445246,9
2024-09-19 12:48:36.507000,424.3718989905965,14
2024-09-19 12:48:36.600000,424.3575978259616,1001
2024-09-19 12:48:36.624000,424.3792598189715,1003
2024-09-19 12:48:36.846000,424.3556643481247,1000
2024-09-19 12:48:37.096000,424.4141399694968,97
2024-09-19 12:48:37.189000,424.3765315735648,102
2024-09-19 12:48:37.337000,424.3552514946608,8
2024-09-19 12:48:37.423000,424.3878088054552,97
2024-09-19 12:48:37.720000,424.4002584085624,995
2024-09-19 12:48:38.094000,424.4016722697155,10
2024-09-19 12:48:38.426000,424.4096732744175,996
2024-09-19 12:48:38.841000,424.40473846354,102
2024-09-19 12:48:38.864000,424.4081248551856,15
2024-09-19 12:48:39.028000,424.4053065021964,104
2024-09-19 12:48:39.038000,424.4027676056531,1003
2024-09-19 12:48:39.133000,424.3979223986262,996
2024-09-19 12:48:39.167000,424.4109878531178,99
2024-09-19 12:48:39.171000,424.4143519583972,1003
2024-09-19 12:48:39.194000,424.43653974598817,1002
2024-09-19 12:48:39.441000,424.3900457508004,7
2024-09-19 12:48:39.449000,424.39046105267226,97
2024-09-19 12:48:39.486000,424.4117166934496,1000
2024-09-19 12:48:39.505000,424.392438789346,1002
2024-09-19 12:48:39.550000,424.4025188164794,7
2024-09-19 12:48:39.683000,424.4178021457273,97
2024-09-19 12:48:39.901000,424.4258378408568,9
2024-09-19 12:48:39.990000,424.4287934810527,104
2024-09-19 12:48:40.001000,424.4356411597532,9
2024-09-19 12:48:40.094000,424.4451053015295,12
2024-09-19 12:48:40.194000,424.393377642222,1002
2024-09-19 12:48:40.243000,424.3901029508328,1000
2024-09-19 12:48:40.248000,424.4064180176386,998
2024-09-19 12:48:40.429000,424.45473172471657,7
2024-09-19 12:48:40.472000,424.4595531403291,105
2024-09-19 12:48:40.561000,424.4605040254317,15
2024-09-19 12:48:40.594000,424.404117276481,96
2024-09-19 12:48:40.617000,424.4132054446112,95
2024-09-19 12:48:40.684000,424.3711196359058,8
2024-09-19 12:48:40.720000,424.4701640148999,15
2024-09-19 12:48:40.771000,424.4143666730173,996
2024-09-19 12:48:40.848000,424.4115967735465,6
2024-09-19 12:48:40.858000,424.3999172220699,12
2024-09-19 12:48:41.080000,424.5187992850908,1004
2024-09-19 12:48:41.176000,424.540209088705,100
2024-09-19 12:48:41.184000,424.48184950677626,14
2024-09-19 12:48:41.196000,424.5031446938368,1002
2024-09-19 12:48:41.227000,424.5716219445647,995
2024-09-19 12:48:41.251000,424.4745919996103,996
2024-09-19 12:48:41.389000,424.4924552847616,10
2024-09-19 12:48:41.389000,424.4947810629966,1004
2024-09-19 12:48:41.417000,424.46990071444566,97
2024-09-19 12:48:41.444000,424.49362958824594,1003
2024-09-19 12:48:41.451000,424.48251497953,10
2024-09-19 12:48:41.453000,424.45035042027087,997
2024-09-19 12:48:41.503000,424.4778078363398,1002
2024-09-19 12:48:41.505000,424.4512554836896,999
2024-09-19 12:48:41.540000,424.5487245914737,103
2024-09-19 12:48:41.558000,424.4658226652197,999
2024-09-19 12:48:41.570000,424.5432501572764,1002
2024-09-19 12:48:41.605000,424.4752768500685,102
2024-09-19 12:48:41.616000,424.487074688857,101
2024-09-19 12:48:41.639000,424.4749748031157,996
2024-09-19 12:48:41.680000,424.53488668571714,9
2024-09-19 12:48:41.771000,424.4645610025343,103
2024-09-19 12:48:41.807000,424.4742634732896,995
2024-09-19 12:48:41.820000,424.5351240903866,9
2024-09-19 12:48:41.985000,424.4566598993608,1005
2024-09-19 12:48:42.881000,424.4610361113885,13
2024-09-19 12:48:43.007000,424.4670879907582,15
2024-09-19 12:48:43.131000,424.4421964921952,7
2024-09-19 12:48:43.210000,424.4735093322682,14
2024-09-19 12:48:43.293000,424.4429584418341,1004
2024-09-19 12:48:43.304000,424.48389981172414,6
2024-09-19 12:48:43.323000,424.4764199282156,14
2024-09-19 12:48:43.345000,424.4659837871367,999
2024-09-19 12:48:43.368000,424.4626605721596,998
2024-09-19 12:48:43.413000,424.47991531198784,99
2024-09-19 12:48:43.529000,424.44850987704257,102
2024-09-19 12:48:43.564000,424.4755790202096,1004
2024-09-19 12:48:43.599000,424.4752377293494,14
2024-09-19 12:48:43.638000,424.4605914004961,103
2024-09-19 12:48:43.644000,424.46171262264295,11
2024-09-19 12:48:43.647000,424.4942283639861,13
2024-09-19 12:48:43.727000,424.490786117695,95
2024-09-19 12:48:43.739000,424.49099353336254,97
2024-09-19 12:48:43.749000,424.4650792649767,99
2024-09-19 12:48:43.779000,424.4861349425741,104
2024-09-19 12:48:43.799000,424.4902186303638,7
2024-09-19 12:48:43.879000,424.4651023115123,8
2024-09-19 12:48:43.885000,424.4581288138372,9
2024-09-19 12:48:43.892000,424.4716797141941,15
2024-09-19 12:48:43.996000,424.4276430668873,102
2024-09-19 12:48:43.996000,424.4767237082162,10
2024-09-19 12:48:44.034000,424.5338802150084,14
2024-09-19 12:48:44.091000,424.5116271057706,1000
2024-09-19 12:48:44.110000,424.5138109597452,95
2024-09-19 12:48:44.218000,424.5500916590277,99
2024-09-19 12:48:44.236000,424.5124298033551,995
2024-09-19 12:48:44.348000,424.51657447595255,995
2024-09-19 12:48:44.350000,424.5240966680577,103
2024-09-19 12:48:44.380000,424.5343287951332,8
2024-09-19 12:48:44.503000,424.50041246684367,999
2024-09-19 12:48:44.540000,424.50215980002247,104
2024-09-19 12:48:44.583000,424.5107384795048,98
2024-09-19 12:48:44.676000,424.5473244552971,12
2024-09-19 12:48:44.747000,424.5391427255688,105
2024-09-19 12:48:44.844000,424.51002101395153,95
2024-09-19 12:48:45.051000,424.50854600148017,1004
2024-09-19 12:48:45.160000,424.5000860364899,101
2024-09-19 12:48:45.188000,424.5182147264781,11
2024-09-19 12:48:45.362000,424.5040636192238,14
2024-09-19 12:48:45.475000,424.5150776085526,13
2024-09-19 12:48:45.579000,424.5041268074543,5
2024-09-19 12:48:45.617000,424.51081864675706,996
2024-09-19 12:48:46.103000,424.45060764292737,1005
2024-09-19 12:48:46.138000,424.4669670820829,1004
2024-09-19 12:48:46.226000,424.4623464130765,15
2024-09-19 12:48:46.299000,424.4692113585213,9
2024-09-19 12:48:46.332000,424.4759449390065,1000
2024-09-19 12:48:46.443000,424.4774085143157,999
2024-09-19 12:48:46.469000,424.4948150490593,100
2024-09-19 12:48:46.498000,424.4808983612558,11
2024-09-19 12:48:46.523000,424.497607266347,1001
2024-09-19 12:48:46.525000,424.4746036568548,105
2024-09-19 12:48:46.563000,424.4595167984506,100
2024-09-19 12:48:46.641000,424.4390586853362,996
2024-09-19 12:48:46.668000,424.50266475046936,100
2024-09-19 12:48:46.720000,424.46283316358887,97
2024-09-19 12:48:46.824000,424.4892805266501,11
2024-09-19 12:48:46.889000,424.4956880314257,102
2024-09-19 12:48:46.895000,424.4525045229028,99
2024-09-19 12:48:46.900000,424.4835527926928,99
2024-09-19 12:48:46.956000,424.4664303837877,15
2024-09-19 12:48:46.987000,424.48244051611647,1003
2024-09-19 12:48:47.025000,424.4530547010123,996
2024-09-19 12:48:47.056000,424.4369979346153,105
2024-09-19 12:48:47.058000,424.4506734030849,99
2024-09-19 12:48:47.062000,424.4378921338176,997
2024-09-19 12:48:47.117000,424.43986770800046,103
2024-09-19 12:48:47.146000,424.4855853804808,101
2024-09-19 12:48:47.161000,424.45949713082416,5
2024-09-19 12:48:47.282000,424.44481291748696,1003
2024-09-19 12:48:47.327000,424.431418439437,6
2024-09-19 12:48:47.430000,424.511277777991,998
2024-09-19 12:48:47.522000,424.4942127534375,101
2024-09-19 12:48:47.538000,424.4615172201445,8
2024-09-19 12:48:47.557000,424.4367294215441,995
2024-09-19 12:48:47.602000,424.43774706936495,1000
2024-09-19 12:48:47.602000,424.5037547644069,1002
2024-09-19 12:48:47.621000,424.51736621260886,995
2024-09-19 12:48:47.637000,424.4301448195213,995
2024-09-19 12:48:47.676000,424.4873455524096,999
2024-09-19 12:48:47.685000,424.4384033766877,9
2024-09-19 12:48:47.698000,424.4262468925194,104
2024-09-19 12:48:47.725000,424.4588943829701,98
2024-09-19 12:48:47.728000,424.4169397233839,5
2024-09-19 12:48:48.067000,424.4874900556412,14
2024-09-19 12:48:48.143000,424.4998956701756,13
2024-09-19 12:48:48.153000,424.506296788178,1002
2024-09-19 12:48:48.191000,424.4876074098056,997
2024-09-19 12:48:48.295000,424.5065923916917,13
2024-09-19 12:48:48.372000,424.5053614883686,103
2024-09-19 12:48:48.391000,424.4822702447684,7
2024-09-19 12:48:48.402000,424.5044531480523,11
2024-09-19 12:48:48.452000,424.48726295451576,5
2024-09-19 12:48:48.463000,424.5261518251879,11
2024-09-19 12:48:48.484000,424.4853253426985,9
2024-09-19 12:48:48.485000,424.5130996385209,1003
2024-09-19 12:48:48.492000,424.43514949709447,8
2024-09-19 12:48:48.498000,424.4732198740272,10
2024-09-19 12:48:48.620000,424.51815334797305,98
2024-09-19 12:48:48.713000,424.5030971744496,1001
2024-09-19 12:48:48.823000,424.5246599773888,14
2024-09-19 12:48:48.851000,424.4650730637353,95
2024-09-19 12:48:48.856000,424.4954879709976,13
2024-09-19 12:48:48.921000,424.5096720172722,100
2024-09-19 12:48:48.923000,424.5118702322271,1005
2024-09-19 12:48:49.005000,424.4601999551402,1002
2024-09-19 12:48:49.017000,424.5133504018694,6
2024-09-19 12:48:49.032000,424.4940767897092,101
2024-09-19 12:48:49.057000,424.4759518465996,98
2024-09-19 12:48:49.127000,424.46086825374863,95
2024-09-19 12:48:49.148000,424.4880756206337,1003
2024-09-19 12:48:49.320000,424.4449527762299,14
2024-09-19 12:48:49.328000,424.4866107582479,14
2024-09-19 12:48:49.409000,424.4673568298388,97
2024-09-19 12:48:49.477000,424.4921482970959,105
2024-09-19 12:48:49.504000,424.4834818722978,1005
2024-09-19 12:48:49.557000,424.5044113343494,1002
2024-09-19 12:48:49.564000,424.4790787376202,7
2024-09-19 12:48:49.573000,424.46996699208233,998
2024-09-19 12:48:49.611000,424.4485303187614,8
2024-09-19 12:48:49.674000,424.4628567058304,12
2024-09-19 12:48:49.734000,424.480592305153,7
2024-09-19 12:48:49.746000,424.493681341806,104
2024-09-19 12:48:49.800000,424.46356421793314,5
2024-09-19 12:48:49.872000,424.467381008292,6
2024-09-19 12:48:49.932000,424.4767056057393,997
2024-09-19 12:48:49.939000,424.463296471284,7
2024-09-19 12:48:50.073000,424.4730149796979,103
2024-09-19 12:48:50.146000,424.47790199766655,103
2024-09-19 12:48:50.292000,424.47719099406254,1002
2024-09-19 12:48:50.359000,424.4709843850159,1001
2024-09-19 12:48:50.478000,424.4699595813668,15
2024-09-19 12:48:50.574000,424.475604680805,98
2024-09-19 12:48:50.600000,424.47220690093263,1001
2024-09-19 12:48:50.607000,424.4812892467198,8
2024-09-19 12:48:50.733000,424.47492402387246,998
2024-09-19 12:48:50.832000,424.468259320928,1005
2024-09-19 12:48:50.858000,424.4805256619685,105
2024-09-19 12:48:50.900000,424.4645902713484,12
2024-09-19 12:48:51.019000,424.4914304680239,11
2024-09-19 12:48:51.025000,424.41803199542886,14
2024-09-19 12:48:51.099000,424.481742248251,104
2024-09-19 12:48:51.129000,424.4821213047965,100
2024-09-19 12:48:51.148000,424.4925549456398,998
2024-09-19 12:48:51.219000,424.488176873689,99
2024-09-19 12:48:51.231000,424.48990104146895,996
2024-09-19 12:48:51.283000,424.47232258794367,1002
2024-09-19 12:48:51.291000,424.4780509957894,103
2024-09-19 12:48:51.309000,424.4950744072636,5
2024-09-19 12:48:51.381000,424.4527731248386,6
2024-09-19 12:48:51.490000,424.41842823177,104
2024-09-19 12:48:51.671000,424.48574056817097,99
2024-09-19 12:48:51.728000,424.46832313113913,12
2024-09-19 12:48:51.951000,424.4746086039012,13
2024-09-19 12:48:52.033000,424.4208556859308,1000
2024-09-19 12:48:52.077000,424.4351003464267,996
2024-09-19 12:48:52.079000,424.4339367770857,997
2024-09-19 12:48:52.183000,424.44073130349074,11
2024-09-19 12:48:52.267000,424.4550938919658,999
2024-09-19 12:48:52.326000,424.510789070803,99
2024-09-19 12:48:52.339000,424.5366217610777,1002
2024-09-19 12:48:52.454000,424.4430731388032,99
2024-09-19 12:48:52.507000,424.47603461722895,1001
2024-09-19 12:48:52.659000,424.4315083367212,995
2024-09-19 12:48:52.775000,424.5318634656061,6
2024-09-19 12:48:52.856000,424.4080466190897,9
2024-09-19 12:48:52.898000,424.5086507276389,998
2024-09-19 12:48:53.003000,424.5015513437592,14
2024-09-19 12:48:53.058000,424.5187990267055,102
2024-09-19 12:48:53.093000,424.5254930774488,998
2024-09-19 12:48:53.158000,424.5340216662738,98
2024-09-19 12:48:53.274000,424.4915193511104,999
2024-09-19 12:48:53.319000,424.5392988232037,105
2024-09-19 12:48:53.321000,424.5205017807169,998
2024-09-19 12:48:53.326000,424.54245310442144,95
2024-09-19 12:48:53.355000,424.5363511312946,8
2024-09-19 12:48:53.358000,424.53802053754737,11
2024-09-19 12:48:53.361000,424.49920623542585,1005
2024-09-19 12:48:53.412000,424.52771766303925,995
2024-09-19 12:48:53.434000,424.5229611464178,6
2024-09-19 12:48:53.464000,424.4981916985301,102
2024-09-19 12:48:53.562000,424.5144673429878,7
2024-09-19 12:48:53.567000,424.4951799877047,999
2024-09-19 12:48:53.608000,424.51679132852695,98
2024-09-19 12:48:53.670000,424.5484011856301,7
2024-09-19 12:48:53.682000,424.5304768001016,1003
2024-09-19 12:48:53.714000,424.5187567552884,104
2024-09-19 12:48:53.879000,424.5246077161315,99
2024-09-19 12:48:53.898000,424.5057884097285,105
2024-09-19 12:48:53.925000,424.5404491135758,1004
2024-09-19 12:48:53.974000,424.5338117332998,1000
2024-09-19 12:48:54.277000,424.48084824997136,996
2024-09-19 12:48:54.412000,424.5340682482207,14
2024-09-19 12:48:54.535000,424.4895704474351,1001
2024-09-19 12:48:54.550000,424.5036201455662,1005
2024-09-19 12:48:54.565000,424.5016329249818,6
2024-09-19 12:48:54.601000,424.50639838702295,105
2024-09-19 12:48:54.634000,424.5014780072443,11
2024-09-19 12:48:54.685000,424.49488455360097,11
2024-09-19 12:48:54.735000,424.5063537866898,1003
2024-09-19 12:48:54.767000,424.506582671599,95
2024-09-19 12:48:54.862000,424.4637911144633,10
2024-09-19 12:48:54.973000,424.4910254275898,14
2024-09-19 12:48:54.976000,424.4832112369468,10
2024-09-19 12:48:55.214000,424.53487064512166,96
2024-09-19 12:48:55.325000,424.5369278849397,15
2024-09-19 12:48:55.378000,424.5042795515951,8
2024-09-19 12:48:55.396000,424.4812758583797,995
2024-09-19 12:48:55.406000,424.446103413448,995
2024-09-19 12:48:55.447000,424.542188434766,13
2024-09-19 12:48:55.534000,424.48288652509945,15
2024-09-19 12:48:55.585000,424.5496990130631,997
2024-09-19 12:48:55.605000,424.52881406861087,998
2024-09-19 12:48:55.611000,424.5028712019824,6
2024-09-19 12:48:55.643000,424.500327574796,5
2024-09-19 12:48:55.650000,424.5160829222456,995
2024-09-19 12:48:55.712000,424.48372619883247,6
2024-09-19 12:48:55.740000,424.5489975051917,11
2024-09-19 12:48:55.757000,424.49550937864586,995
2024-09-19 12:48:55.777000,424.5133482157895,999
2024-09-19 12:48:55.790000,424.5373443496734,97
2024-09-19 12:48:55.799000,424.44871619848095,995
2024-09-19 12:48:55.801000,424.507875720911,997
2024-09-19 12:48:55.822000,424.5228723798198,1003
2024-09-19 12:48:55.877000,424.4692253260672,99
2024-09-19 12:48:55.878000,424.5353823269916,7
2024-09-19 12:48:55.967000,424.5035281523067,14
2024-09-19 12:48:55.993000,424.5427533564516,5
2024-09-19 12:48:56.072000,424.42240417348194,103
2024-09-19 12:48:56.093000,424.3996038629508,6
2024-09-19 12:48:56.116000,424.41942502909166,105
2024-09-19 12:48:56.121000,424.4265273928313,996
2024-09-19 12:48:56.125000,424.4151003888459,995
2024-09-19 12:48:56.130000,424.4433904307462,6
2024-09-19 12:48:56.302000,424.4037890683049,101
2024-09-19 12:48:56.394000,424.4188736506149,100
2024-09-19 12:48:56.406000,424.4165903700357,11
2024-09-19 12:48:56.510000,424.463037973474,998
2024-09-19 12:48:56.587000,424.4503809108624,8
2024-09-19 12:48:56.682000,424.4438014368538,101
2024-09-19 12:48:56.705000,424.4074651663928,1002
2024-09-19 12:48:56.771000,424.4237163444281,998
2024-09-19 12:48:56.860000,424.3879454327043,10
2024-09-19 12:48:56.974000,424.4512744032731,97
2024-09-19 12:48:56.976000,424.4259490081399,7
2024-09-19 12:48:56.996000,424.4599614599055,1001
2024-09-19 12:48:57.073000,424.3799319677724,9
2024-09-19 12:48:57.238000,424.382629938704,15
2024-09-19 12:48:57.278000,424.4209396924313,998
2024-09-19 12:48:57.366000,424.4051727161143,1003
2024-09-19 12:48:57.389000,424.3903339900197,105
2024-09-19 12:48:57.456000,424.3907397313536,1001
2024-09-19 12:48:57.558000,424.41014116921735,98
2024-09-19 12:48:57.644000,424.3794131787145,997
2024-09-19 12:48:57.694000,424.39197818951857,102
2024-09-19 12:48:57.725000,424.3841269490249,999
2024-09-19 12:48:57.796000,424.38097290406415,13
2024-09-19 12:48:57.992000,424.3987532168129,9
2024-09-19 12:48:58.085000,424.3864272081801,103
2024-09-19 12:48:58.116000,424.4088048875735,1003
2024-09-19 12:48:58.259000,424.4398481547192,96
2024-09-19 12:48:58.337000,424.3956541391346,102
2024-09-19 12:48:58.395000,424.4092837302316,98
2024-09-19 12:48:58.404000,424.40964006947337,96
2024-09-19 12:48:58.471000,424.4531443996464,98
2024-09-19 12:48:58.514000,424.39702853082633,7
2024-09-19 12:48:58.574000,424.4022993111237,15
2024-09-19 12:48:58.629000,424.4027954644365,12
2024-09-19 12:48:58.631000,424.4204594423453,1000
2024-09-19 12:48:58.634000,424.4441924741618,11
2024-09-19 12:48:58.697000,424.4449729389645,997
2024-09-19 12:48:58.730000,424.4203802974825,10
2024-09-19 12:48:58.749000,424.41357723543706,9
2024-09-19 12:48:58.766000,424.39353291539766,995
2024-09-19 12:48:58.798000,424.4105450659427,995
2024-09-19 12:48:58.925000,424.3964185369993,95
2024-09-19 12:48:58.952000,424.4122279536812,96
2024-09-19 12:48:59.038000,424.51447846228206,9
2024-09-19 12:48:59.107000,424.51168084421886,7
2024-09-19 12:48:59.138000,424.5058312931924,95
2024-09-19 12:48:59.138000,424.54900129650576,8
2024-09-19 12:48:59.398000,424.5433582570751,997
2024-09-19 12:48:59.422000,424.4760400878909,996
2024-09-19 12:48:59.535000,424.5000900100006,995
2024-09-19 12:48:59.545000,424.499296948844,1002
2024-09-19 12:48:59.578000,424.54315039633536,96
2024-09-19 12:48:59.635000,424.4716348848463,103
2024-09-19 12:48:59.636000,424.502589397074,103
2024-09-19 12:48:59.636000,424.5409170514053,995
2024-09-19 12:48:59.640000,424.56366986701096,1000
2024-09-19 12:48:59.640000,424.5548134066518,1001
2024-09-19 12:48:59.703000,424.5103869431729,8
2024-09-19 12:48:59.733000,424.518409785037,1004
2024-09-19 12:48:59.773000,424.4957022852654,8
2024-09-19 12:48:59.803000,424.5049068451457,995
2024-09-19 12:48:59.865000,424.5304895825776,5
2024-09-19 12:48:59.897000,424.4566803465434,7
2024-09-19 12:48:59.915000,424.4874038156096,98
2024-09-19 12:48:59.946000,424.5108317696885,105
2024-09-19 12:48:59.962000,424.5119611964104,997
2024-09-19 12:48:59.970000,424.4803736101366,100
2024-09-19 12:48:59.976000,424.5527271989433,6
