Timestamp,Price,Size
2024-09-17 10:48:00.006000,415.3681736310866,5
2024-09-17 10:48:00.134000,415.4084064144357,1004
2024-09-17 10:48:00.264000,415.4283639984349,13
2024-09-17 10:48:00.310000,415.38460173147104,999
2024-09-17 10:48:00.322000,415.3535655743344,99
2024-09-17 10:48:00.347000,415.38021062436593,13
2024-09-17 10:48:00.462000,415.413208548439,8
2024-09-17 10:48:00.518000,415.4088354284878,5
2024-09-17 10:48:00.533000,415.4423803301344,1003
2024-09-17 10:48:00.550000,415.4276106280448,95
2024-09-17 10:48:00.561000,415.38244555436125,101
2024-09-17 10:48:00.570000,415.3647156940214,100
2024-09-17 10:48:00.658000,415.4000240946222,996
2024-09-17 10:48:00.661000,415.4202577321947,6
2024-09-17 10:48:00.750000,415.395599119968,995
2024-09-17 10:48:00.759000,415.4540766875522,7
2024-09-17 10:48:00.824000,415.4382565226327,6
2024-09-17 10:48:00.914000,415.3987659301487,104
2024-09-17 10:48:01.169000,415.4439314858088,996
2024-09-17 10:48:01.214000,415.3785976149106,98
2024-09-17 10:48:01.228000,415.4139500532213,100
2024-09-17 10:48:01.239000,415.4284763919344,103
2024-09-17 10:48:01.275000,415.4221978975866,5
2024-09-17 10:48:01.388000,415.4262082484428,1005
2024-09-17 10:48:01.435000,415.4357699736599,12
2024-09-17 10:48:01.461000,415.4316564785783,1000
2024-09-17 10:48:01.472000,415.4446672060319,6
2024-09-17 10:48:01.485000,415.3889893472221,1000
2024-09-17 10:48:01.492000,415.4400291090912,8
2024-09-17 10:48:01.498000,415.3841507458337,10
2024-09-17 10:48:01.499000,415.4318945359203,14
2024-09-17 10:48:01.587000,415.3886464489048,7
2024-09-17 10:48:01.623000,415.43616049532034,6
2024-09-17 10:48:01.634000,415.4234895420356,6
2024-09-17 10:48:01.660000,415.39128432166666,11
2024-09-17 10:48:01.671000,415.432843197963,99
2024-09-17 10:48:01.748000,415.37903984752217,997
2024-09-17 10:48:01.796000,415.43229844364544,13
2024-09-17 10:48:01.964000,415.441724705192,14
2024-09-17 10:48:02.217000,415.4296716915917,11
2024-09-17 10:48:02.498000,415.4441311102837,6
2024-09-17 10:48:03.153000,415.4337085656786,5
2024-09-17 10:48:03.699000,415.45846207140784,1000
2024-09-17 10:48:04.042000,415.4798015556796,997
2024-09-17 10:48:04.104000,415.49365221075095,996
2024-09-17 10:48:04.165000,415.4633639686599,103
2024-09-17 10:48:04.171000,415.48727276453405,100
2024-09-17 10:48:04.486000,415.4844568342636,98
2024-09-17 10:48:04.570000,415.48542691762407,1001
2024-09-17 10:48:04.610000,415.49498305393104,14
2024-09-17 10:48:04.617000,415.4871204455249,98
2024-09-17 10:48:04.847000,415.4658108505211,100
2024-09-17 10:48:04.879000,415.4861619275424,105
2024-09-17 10:48:05.003000,415.4905903222333,104
2024-09-17 10:48:05.009000,415.494710049767,12
2024-09-17 10:48:05.414000,415.51616480851294,96
2024-09-17 10:48:05.492000,415.5130389611641,102
2024-09-17 10:48:05.502000,415.5231745654349,996
2024-09-17 10:48:05.688000,415.4987263532176,98
2024-09-17 10:48:05.751000,415.5151091155074,996
2024-09-17 10:48:05.905000,415.5142755227985,99
2024-09-17 10:48:06.210000,415.4842704011814,11
2024-09-17 10:48:06.339000,415.51237520057725,13
2024-09-17 10:48:06.456000,415.5055236406395,8
2024-09-17 10:48:06.564000,415.4990531166423,15
2024-09-17 10:48:07.011000,415.5137136136816,102
2024-09-17 10:48:07.207000,415.47590662466354,10
2024-09-17 10:48:07.278000,415.5681857888434,1001
2024-09-17 10:48:07.282000,415.4852344660991,998
2024-09-17 10:48:07.294000,415.48131825364777,14
2024-09-17 10:48:07.366000,415.4846869192969,104
2024-09-17 10:48:07.435000,415.5286029221901,996
2024-09-17 10:48:07.435000,415.5429894521556,6
2024-09-17 10:48:07.504000,415.5277785737424,1003
2024-09-17 10:48:07.514000,415.4582737511917,101
2024-09-17 10:48:07.618000,415.51373536547896,1005
2024-09-17 10:48:07.651000,415.4677887694589,105
2024-09-17 10:48:07.653000,415.57707639132985,15
2024-09-17 10:48:07.683000,415.4686388996746,104
2024-09-17 10:48:07.716000,415.4768090078275,5
2024-09-17 10:48:07.774000,415.4816803567549,6
2024-09-17 10:48:07.803000,415.4686950233457,1000
2024-09-17 10:48:07.892000,415.52214538614015,7
2024-09-17 10:48:07.895000,415.4639096630449,998
2024-09-17 10:48:07.911000,415.498157585849,996
2024-09-17 10:48:07.926000,415.476595696216,103
2024-09-17 10:48:07.958000,415.4599652393713,998
2024-09-17 10:48:07.981000,415.49013640959504,11
2024-09-17 10:48:09.086000,415.5440424424182,1000
2024-09-17 10:48:09.125000,415.538507387636,103
2024-09-17 10:48:09.168000,415.5512450655533,102
2024-09-17 10:48:09.168000,415.55500910671,10
2024-09-17 10:48:09.275000,415.5751788702052,5
2024-09-17 10:48:09.283000,415.5439116958085,97
2024-09-17 10:48:09.293000,415.541892908925,14
2024-09-17 10:48:09.305000,415.5701149010371,103
2024-09-17 10:48:09.375000,415.569218820531,13
2024-09-17 10:48:09.391000,415.5272405757208,11
2024-09-17 10:48:09.492000,415.59593917864026,13
2024-09-17 10:48:09.580000,415.55734077266766,12
2024-09-17 10:48:09.588000,415.5689231026695,13
2024-09-17 10:48:09.690000,415.5148113600942,103
2024-09-17 10:48:09.718000,415.6073481644935,999
2024-09-17 10:48:09.743000,415.5191993320439,997
2024-09-17 10:48:09.785000,415.5616865008444,15
2024-09-17 10:48:09.787000,415.5387878390374,9
2024-09-17 10:48:09.806000,415.5971333600369,100
2024-09-17 10:48:09.860000,415.5243708400874,11
2024-09-17 10:48:09.929000,415.5445973151266,995
2024-09-17 10:48:09.968000,415.5370927146314,7
2024-09-17 10:48:10.011000,415.5562807580891,998
2024-09-17 10:48:10.099000,415.61841128018193,10
2024-09-17 10:48:10.218000,415.6024171209226,7
2024-09-17 10:48:10.300000,415.6194850737787,101
2024-09-17 10:48:10.390000,415.5673311840656,15
2024-09-17 10:48:10.413000,415.57201960928194,9
2024-09-17 10:48:10.454000,415.6213049543291,7
2024-09-17 10:48:10.494000,415.5811243226773,1005
2024-09-17 10:48:10.709000,415.5749238133704,12
2024-09-17 10:48:10.727000,415.6040032339892,996
2024-09-17 10:48:10.751000,415.57679345601525,10
2024-09-17 10:48:10.845000,415.60544124476553,100
2024-09-17 10:48:11.027000,415.5688843045377,1001
2024-09-17 10:48:11.097000,415.5885415432576,1000
2024-09-17 10:48:11.314000,415.59500696348505,14
2024-09-17 10:48:11.389000,415.5803285633985,999
2024-09-17 10:48:12.348000,415.5949092196246,10
2024-09-17 10:48:12.367000,415.5914938913504,11
2024-09-17 10:48:12.396000,415.5859897524358,13
2024-09-17 10:48:12.434000,415.6015313986098,97
2024-09-17 10:48:12.454000,415.6074839532243,15
2024-09-17 10:48:12.686000,415.5810332831313,99
2024-09-17 10:48:12.922000,415.5867605860835,996
2024-09-17 10:48:13.013000,415.5693696542331,14
2024-09-17 10:48:13.025000,415.6092439292088,9
2024-09-17 10:48:13.123000,415.55441294364994,6
2024-09-17 10:48:13.238000,415.5582524201828,1002
2024-09-17 10:48:13.324000,415.60477601242616,9
2024-09-17 10:48:13.335000,415.56699033843927,8
2024-09-17 10:48:13.392000,415.56305774519967,995
2024-09-17 10:48:13.414000,415.61019974065175,998
2024-09-17 10:48:13.459000,415.56858803673975,7
2024-09-17 10:48:13.470000,415.5949600053012,104
2024-09-17 10:48:13.474000,415.631668297842,1004
2024-09-17 10:48:13.494000,415.5818396290992,102
2024-09-17 10:48:13.627000,415.5742863093391,15
2024-09-17 10:48:13.630000,415.5792518959856,999
2024-09-17 10:48:13.667000,415.5875757477183,1002
2024-09-17 10:48:13.717000,415.5738336452704,5
2024-09-17 10:48:13.746000,415.5767218301989,12
2024-09-17 10:48:13.905000,415.5818463675175,13
2024-09-17 10:48:14.026000,415.5666662237345,13
2024-09-17 10:48:14.104000,415.5799933559002,1002
2024-09-17 10:48:14.154000,415.5573102505517,997
2024-09-17 10:48:14.232000,415.5393728196317,1001
2024-09-17 10:48:14.298000,415.5463249587853,5
2024-09-17 10:48:14.375000,415.5342401720782,95
2024-09-17 10:48:14.394000,415.53766365872417,101
2024-09-17 10:48:14.480000,415.5544762906661,96
2024-09-17 10:48:14.514000,415.55657802931137,1000
2024-09-17 10:48:14.819000,415.5562197734309,997
2024-09-17 10:48:14.892000,415.5665617628632,995
2024-09-17 10:48:14.942000,415.5619154763807,103
2024-09-17 10:48:15.010000,415.5220490960434,97
2024-09-17 10:48:15.032000,415.545856224197,7
2024-09-17 10:48:15.128000,415.5275754126149,1002
2024-09-17 10:48:15.155000,415.5302237699561,104
2024-09-17 10:48:15.186000,415.4697663904524,999
2024-09-17 10:48:15.188000,415.5427801073715,1000
2024-09-17 10:48:15.261000,415.53257208725705,95
2024-09-17 10:48:15.268000,415.5220742511369,13
2024-09-17 10:48:15.318000,415.4828410099664,999
2024-09-17 10:48:15.377000,415.5295899801763,1004
2024-09-17 10:48:15.401000,415.531671645093,14
2024-09-17 10:48:15.421000,415.4659577878735,97
2024-09-17 10:48:15.447000,415.5105695234811,995
2024-09-17 10:48:15.485000,415.5335325475804,15
2024-09-17 10:48:15.593000,415.5212111278333,14
2024-09-17 10:48:15.615000,415.46342830597007,103
2024-09-17 10:48:15.618000,415.5507439540955,997
2024-09-17 10:48:15.664000,415.4858047336522,9
2024-09-17 10:48:15.697000,415.5181910017763,97
2024-09-17 10:48:15.769000,415.517518021144,7
2024-09-17 10:48:15.769000,415.529150280295,13
2024-09-17 10:48:15.902000,415.5400560051627,97
2024-09-17 10:48:15.907000,415.5383536346445,1003
2024-09-17 10:48:15.951000,415.54517070110535,997
2024-09-17 10:48:15.960000,415.467477859092,1004
2024-09-17 10:48:15.977000,415.5412601957376,1000
2024-09-17 10:48:15.980000,415.5277089773545,12
2024-09-17 10:48:16.083000,415.4724030328244,103
2024-09-17 10:48:16.218000,415.5294058060072,999
2024-09-17 10:48:16.262000,415.5194723148586,98
2024-09-17 10:48:16.273000,415.5178388176925,9
2024-09-17 10:48:16.400000,415.5100953573505,99
2024-09-17 10:48:16.465000,415.5475580817923,13
2024-09-17 10:48:16.493000,415.5096994641266,1000
2024-09-17 10:48:16.561000,415.5172018542388,1000
2024-09-17 10:48:16.645000,415.513389715581,9
2024-09-17 10:48:16.699000,415.5302762510252,101
2024-09-17 10:48:16.731000,415.5210389612782,6
2024-09-17 10:48:16.827000,415.5274021180596,1002
2024-09-17 10:48:16.895000,415.5200951612824,999
2024-09-17 10:48:16.924000,415.4766900932361,1001
2024-09-17 10:48:16.989000,415.5399846290506,15
2024-09-17 10:48:17.118000,415.5466602171806,12
2024-09-17 10:48:17.174000,415.54441765065707,97
2024-09-17 10:48:17.822000,415.5288934188946,103
2024-09-17 10:48:17.910000,415.55989988986994,105
2024-09-17 10:48:17.917000,415.5378563987283,999
2024-09-17 10:48:18.049000,415.5401098320628,997
2024-09-17 10:48:18.078000,415.53968952527777,999
2024-09-17 10:48:18.610000,415.5389895354991,98
2024-09-17 10:48:18.628000,415.5401114572129,5
2024-09-17 10:48:18.842000,415.54120742727,1000
2024-09-17 10:48:18.876000,415.53981434932047,12
2024-09-17 10:48:18.991000,415.5600535625488,100
2024-09-17 10:48:19.260000,415.5487006952671,104
2024-09-17 10:48:20.082000,415.5225877087087,995
2024-09-17 10:48:20.089000,415.5902064249164,996
2024-09-17 10:48:20.176000,415.5822123656918,13
2024-09-17 10:48:20.228000,415.5644103020945,99
2024-09-17 10:48:20.233000,415.5306285971994,1003
2024-09-17 10:48:20.319000,415.5720106756573,15
2024-09-17 10:48:20.394000,415.54106408252255,1004
2024-09-17 10:48:20.409000,415.5827478151612,101
2024-09-17 10:48:20.445000,415.548668359016,99
2024-09-17 10:48:20.488000,415.57397340310257,100
2024-09-17 10:48:20.498000,415.5895265231133,95
2024-09-17 10:48:20.564000,415.58131163905335,105
2024-09-17 10:48:20.581000,415.5894216369239,6
2024-09-17 10:48:20.601000,415.5780051237337,102
2024-09-17 10:48:20.761000,415.5639725731811,997
2024-09-17 10:48:20.871000,415.5797197010102,996
2024-09-17 10:48:20.984000,415.5812358715199,1001
2024-09-17 10:48:21.090000,415.64261576679775,95
2024-09-17 10:48:21.094000,415.6022944591645,13
2024-09-17 10:48:21.199000,415.5969707608819,5
2024-09-17 10:48:21.239000,415.64683684306016,997
2024-09-17 10:48:21.264000,415.6760303290238,97
2024-09-17 10:48:21.282000,415.6279253260947,102
2024-09-17 10:48:21.294000,415.6051099473872,99
2024-09-17 10:48:21.423000,415.6138598421286,997
2024-09-17 10:48:21.443000,415.67461721218734,999
2024-09-17 10:48:21.459000,415.6509292990448,97
2024-09-17 10:48:21.478000,415.6110502334451,10
2024-09-17 10:48:21.505000,415.6473849371822,1000
2024-09-17 10:48:21.523000,415.677927159676,102
2024-09-17 10:48:21.531000,415.6648055835163,10
2024-09-17 10:48:21.539000,415.6530458547617,96
2024-09-17 10:48:21.627000,415.6551137921607,10
2024-09-17 10:48:21.651000,415.6159411872301,998
2024-09-17 10:48:21.671000,415.68260868612754,1000
2024-09-17 10:48:21.681000,415.6240648338,102
2024-09-17 10:48:21.739000,415.6267985541435,9
2024-09-17 10:48:21.754000,415.6201619936364,13
2024-09-17 10:48:21.826000,415.59222209626427,11
2024-09-17 10:48:21.926000,415.6797921726648,996
2024-09-17 10:48:21.971000,415.6259181444035,1003
2024-09-17 10:48:21.983000,415.6874826763704,1000
2024-09-17 10:48:22.079000,415.6104895866439,11
2024-09-17 10:48:22.176000,415.6263344728219,11
2024-09-17 10:48:22.523000,415.6033188100587,100
2024-09-17 10:48:22.590000,415.60941691854384,1000
2024-09-17 10:48:22.635000,415.6124366148808,104
2024-09-17 10:48:22.647000,415.6104513980252,1003
2024-09-17 10:48:22.670000,415.6040856074077,999
2024-09-17 10:48:22.822000,415.6300232813144,5
2024-09-17 10:48:23.184000,415.6362879422564,1004
2024-09-17 10:48:23.297000,415.6593056905457,998
2024-09-17 10:48:23.342000,415.66079029694953,13
2024-09-17 10:48:23.738000,415.6327100657656,9
2024-09-17 10:48:24.176000,415.676600588442,99
2024-09-17 10:48:24.291000,415.66716110718914,999
2024-09-17 10:48:24.333000,415.6819079859952,1005
2024-09-17 10:48:24.570000,415.6786418498936,995
2024-09-17 10:48:25.024000,415.6504169164237,6
2024-09-17 10:48:25.154000,415.6231232840671,998
2024-09-17 10:48:25.166000,415.6418276927166,999
2024-09-17 10:48:25.193000,415.6474429747673,995
2024-09-17 10:48:25.239000,415.65545126918056,10
2024-09-17 10:48:25.256000,415.62520426263086,100
2024-09-17 10:48:25.297000,415.6283866698582,14
2024-09-17 10:48:25.340000,415.64355133729504,102
2024-09-17 10:48:25.473000,415.6414518909509,12
2024-09-17 10:48:25.482000,415.6204278101663,9
2024-09-17 10:48:25.487000,415.63297169945326,9
2024-09-17 10:48:25.513000,415.6371644423687,102
2024-09-17 10:48:25.557000,415.640628511666,1001
2024-09-17 10:48:25.604000,415.6112158174564,1002
2024-09-17 10:48:25.634000,415.6513199346634,14
2024-09-17 10:48:25.672000,415.6183307712452,14
2024-09-17 10:48:25.724000,415.6645981490635,1003
2024-09-17 10:48:25.747000,415.6535938233723,997
2024-09-17 10:48:25.789000,415.65846253243575,96
2024-09-17 10:48:25.807000,415.64189246518345,14
2024-09-17 10:48:25.872000,415.6687763001313,998
2024-09-17 10:48:25.902000,415.6288337859861,1004
2024-09-17 10:48:25.920000,415.642701812485,101
2024-09-17 10:48:25.944000,415.64868893156137,997
2024-09-17 10:48:26.009000,415.5061372429978,103
2024-09-17 10:48:26.026000,415.54332612524496,999
2024-09-17 10:48:26.033000,415.5585921695891,12
2024-09-17 10:48:26.119000,415.5277860857187,1004
2024-09-17 10:48:26.135000,415.6135672618661,1001
2024-09-17 10:48:26.142000,415.5625919882982,102
2024-09-17 10:48:26.313000,415.5271132968148,97
2024-09-17 10:48:26.356000,415.5376812033919,15
2024-09-17 10:48:26.450000,415.5044421174341,998
2024-09-17 10:48:26.506000,415.56425540978944,104
2024-09-17 10:48:26.516000,415.5525615968335,12
2024-09-17 10:48:26.527000,415.5586600741093,998
2024-09-17 10:48:26.542000,415.54457676531007,998
2024-09-17 10:48:26.549000,415.5438195955866,10
2024-09-17 10:48:26.575000,415.5378826416623,95
2024-09-17 10:48:26.576000,415.5500303702252,1000
2024-09-17 10:48:26.686000,415.5423429625271,9
2024-09-17 10:48:26.703000,415.543090095302,101
2024-09-17 10:48:26.737000,415.55480768687033,10
2024-09-17 10:48:26.784000,415.5497566301472,95
2024-09-17 10:48:26.808000,415.544451516007,14
2024-09-17 10:48:26.812000,415.5938050430712,1000
2024-09-17 10:48:26.822000,415.6274158414563,8
2024-09-17 10:48:26.870000,415.55419307917725,15
2024-09-17 10:48:27.152000,415.5097714607812,102
2024-09-17 10:48:27.226000,415.5336970355065,1003
2024-09-17 10:48:27.255000,415.5009547519959,13
2024-09-17 10:48:27.279000,415.5449764793136,12
2024-09-17 10:48:27.367000,415.4955784328733,996
2024-09-17 10:48:27.373000,415.5326458307725,103
2024-09-17 10:48:27.446000,415.545896136,7
2024-09-17 10:48:27.447000,415.5005463994112,999
2024-09-17 10:48:27.487000,415.51581610980287,5
2024-09-17 10:48:27.542000,415.5424231620317,11
2024-09-17 10:48:27.579000,415.5352329381541,102
2024-09-17 10:48:27.599000,415.5496838435106,8
2024-09-17 10:48:27.611000,415.4882459614685,12
2024-09-17 10:48:27.626000,415.5047803133751,10
2024-09-17 10:48:27.706000,415.5085584870132,8
2024-09-17 10:48:27.805000,415.5144989889385,105
2024-09-17 10:48:27.925000,415.51109282990296,999
2024-09-17 10:48:28.080000,415.5233929730131,1005
2024-09-17 10:48:28.106000,415.5701350318484,96
2024-09-17 10:48:28.114000,415.55005505000327,102
2024-09-17 10:48:28.117000,415.54421450223896,1001
2024-09-17 10:48:28.206000,415.547344972998,9
2024-09-17 10:48:28.206000,415.5381328334409,996
2024-09-17 10:48:28.230000,415.5551131690027,14
2024-09-17 10:48:28.281000,415.5666772783855,996
2024-09-17 10:48:28.383000,415.5388138053949,998
2024-09-17 10:48:28.444000,415.52797540874747,103
2024-09-17 10:48:28.445000,415.5575052747086,95
2024-09-17 10:48:28.456000,415.5454397551226,12
2024-09-17 10:48:28.512000,415.5294475422784,6
2024-09-17 10:48:28.532000,415.5653139135233,997
2024-09-17 10:48:28.544000,415.5678828718359,12
2024-09-17 10:48:28.552000,415.5577497432208,1004
2024-09-17 10:48:28.579000,415.5298799714696,997
2024-09-17 10:48:28.594000,415.54585432534986,997
2024-09-17 10:48:28.648000,415.5652843812155,8
2024-09-17 10:48:28.684000,415.56974071449,99
2024-09-17 10:48:28.686000,415.5608874715143,998
2024-09-17 10:48:28.716000,415.548931158429,1004
2024-09-17 10:48:28.728000,415.56511754704667,11
2024-09-17 10:48:28.781000,415.533797057348,1001
2024-09-17 10:48:28.806000,415.55402036179936,9
2024-09-17 10:48:28.846000,415.5608823244394,1003
2024-09-17 10:48:28.883000,415.5598250451012,1000
2024-09-17 10:48:28.944000,415.5559412381599,98
2024-09-17 10:48:28.994000,415.5483529495245,1000
2024-09-17 10:48:29.049000,415.544400942234,1000
2024-09-17 10:48:29.753000,415.5538671037747,999
2024-09-17 10:48:29.787000,415.5327232469626,11
2024-09-17 10:48:30.054000,415.53471138325415,12
2024-09-17 10:48:30.075000,415.54205100768894,95
2024-09-17 10:48:30.130000,415.55070363656233,6
2024-09-17 10:48:30.197000,415.5427260886572,999
2024-09-17 10:48:30.197000,415.5548736506548,9
2024-09-17 10:48:30.221000,415.5369520841463,1001
2024-09-17 10:48:30.240000,415.5503356071295,6
2024-09-17 10:48:30.309000,415.5448757029465,9
2024-09-17 10:48:30.320000,415.5470876331573,996
2024-09-17 10:48:30.332000,415.5449882537644,105
2024-09-17 10:48:30.478000,415.53643426751967,10
2024-09-17 10:48:30.758000,415.54379484515465,1005
2024-09-17 10:48:30.776000,415.5174160057052,998
2024-09-17 10:48:30.914000,415.5262486257798,995
2024-09-17 10:48:31.131000,415.5566056868763,997
2024-09-17 10:48:31.152000,415.5436028916854,995
2024-09-17 10:48:31.211000,415.563932528325,1000
2024-09-17 10:48:31.221000,415.58107766579457,1003
2024-09-17 10:48:31.314000,415.5688458521828,7
2024-09-17 10:48:31.317000,415.5576107850189,1002
2024-09-17 10:48:31.321000,415.5554428419408,1004
2024-09-17 10:48:31.332000,415.5544359570875,7
2024-09-17 10:48:31.515000,415.55868096841954,15
2024-09-17 10:48:31.629000,415.5639554262831,1005
2024-09-17 10:48:31.790000,415.5553614927247,99
2024-09-17 10:48:31.854000,415.556685581554,996
2024-09-17 10:48:31.880000,415.54766096310783,6
2024-09-17 10:48:31.887000,415.5603389630661,1001
2024-09-17 10:48:32.067000,415.51674396853423,7
2024-09-17 10:48:32.104000,415.558295203408,15
2024-09-17 10:48:32.117000,415.51088072219727,1005
2024-09-17 10:48:32.140000,415.53838362945487,1003
2024-09-17 10:48:32.193000,415.5560374325789,14
2024-09-17 10:48:32.234000,415.56964982271705,5
2024-09-17 10:48:32.453000,415.5475372468342,95
2024-09-17 10:48:32.462000,415.5270608181213,96
2024-09-17 10:48:32.479000,415.5692364814774,12
2024-09-17 10:48:32.489000,415.5719296961536,996
2024-09-17 10:48:32.561000,415.57894316089767,13
2024-09-17 10:48:32.584000,415.54534910368665,10
2024-09-17 10:48:32.704000,415.5374129521456,7
2024-09-17 10:48:32.732000,415.53243501847663,10
2024-09-17 10:48:32.761000,415.5243691666557,12
2024-09-17 10:48:33.048000,415.503525455067,105
2024-09-17 10:48:33.424000,415.48307044357966,997
2024-09-17 10:48:33.740000,415.4838208525095,10
2024-09-17 10:48:33.876000,415.4740079281558,1000
2024-09-17 10:48:33.913000,415.4951309627584,101
2024-09-17 10:48:33.966000,415.5065908340384,1002
2024-09-17 10:48:34.188000,415.4734782701861,96
2024-09-17 10:48:34.221000,415.5161531610327,95
2024-09-17 10:48:34.231000,415.4866857242413,104
2024-09-17 10:48:34.244000,415.50354939239753,10
2024-09-17 10:48:34.309000,415.48732371958096,1005
2024-09-17 10:48:34.337000,415.5067649953664,98
2024-09-17 10:48:34.343000,415.5449832604801,103
2024-09-17 10:48:34.352000,415.4858220408704,1005
2024-09-17 10:48:34.372000,415.50802651438175,6
2024-09-17 10:48:34.510000,415.52576625605184,997
2024-09-17 10:48:34.587000,415.4979095241439,103
2024-09-17 10:48:34.607000,415.5187830675174,1005
2024-09-17 10:48:34.697000,415.47007225588766,15
2024-09-17 10:48:34.703000,415.4802927764985,104
2024-09-17 10:48:34.801000,415.5225718778469,103
2024-09-17 10:48:34.993000,415.529694796673,998
2024-09-17 10:48:35.019000,415.5339599070172,96
2024-09-17 10:48:35.028000,415.5317904991644,998
2024-09-17 10:48:35.058000,415.5460468544536,99
2024-09-17 10:48:35.058000,415.5364479836516,5
2024-09-17 10:48:35.065000,415.5343596317384,95
2024-09-17 10:48:35.111000,415.54240971658703,1002
2024-09-17 10:48:35.138000,415.555280405905,7
2024-09-17 10:48:35.218000,415.53744371028233,999
2024-09-17 10:48:35.279000,415.5573834491466,5
2024-09-17 10:48:35.391000,415.530105500356,103
2024-09-17 10:48:35.452000,415.55544397195024,996
2024-09-17 10:48:35.463000,415.5442150111817,1004
2024-09-17 10:48:35.555000,415.5476863739669,1005
2024-09-17 10:48:35.569000,415.55288856253793,100
2024-09-17 10:48:35.583000,415.542284095323,13
2024-09-17 10:48:35.679000,415.5446082317703,8
2024-09-17 10:48:35.681000,415.5275430856213,999
2024-09-17 10:48:35.681000,415.52845626391206,999
2024-09-17 10:48:35.700000,415.5191835180108,6
2024-09-17 10:48:35.800000,415.5308937586104,101
2024-09-17 10:48:35.889000,415.532914775974,5
2024-09-17 10:48:35.993000,415.52737271266784,996
2024-09-17 10:48:36.044000,415.576451559632,96
2024-09-17 10:48:36.197000,415.5385214889125,101
2024-09-17 10:48:36.205000,415.5571941257143,12
2024-09-17 10:48:36.388000,415.53157026692486,995
2024-09-17 10:48:36.410000,415.5054753656042,1001
2024-09-17 10:48:36.426000,415.5203191411629,10
2024-09-17 10:48:36.520000,415.5224615236464,96
2024-09-17 10:48:36.557000,415.50620619100346,1003
2024-09-17 10:48:36.557000,415.5721930770736,98
2024-09-17 10:48:36.597000,415.5017784356596,7
2024-09-17 10:48:36.611000,415.54799108690577,1000
2024-09-17 10:48:36.706000,415.4736245586919,6
2024-09-17 10:48:36.723000,415.50313136119337,105
2024-09-17 10:48:36.723000,415.49897228124433,1002
2024-09-17 10:48:36.766000,415.5377515075459,96
2024-09-17 10:48:36.802000,415.554875705252,13
2024-09-17 10:48:36.806000,415.552855482633,1002
2024-09-17 10:48:36.887000,415.54539059729416,12
2024-09-17 10:48:36.937000,415.5074713823868,1005
2024-09-17 10:48:36.966000,415.5830238410986,100
2024-09-17 10:48:37.005000,415.6290836717939,999
2024-09-17 10:48:37.037000,415.6275750268665,12
2024-09-17 10:48:37.105000,415.5696411967753,11
2024-09-17 10:48:37.111000,415.610018689828,104
2024-09-17 10:48:37.188000,415.62198034479405,997
2024-09-17 10:48:37.244000,415.6522555084197,95
2024-09-17 10:48:37.250000,415.618766272435,96
2024-09-17 10:48:37.266000,415.6117103823771,98
2024-09-17 10:48:37.350000,415.63326457100686,1003
2024-09-17 10:48:37.360000,415.62879366724445,14
2024-09-17 10:48:37.385000,415.6582117459437,99
2024-09-17 10:48:37.413000,415.5789010274103,8
2024-09-17 10:48:37.513000,415.57983750355095,5
2024-09-17 10:48:37.531000,415.607264816589,1002
2024-09-17 10:48:37.551000,415.619412923064,7
2024-09-17 10:48:37.552000,415.5819619183161,101
2024-09-17 10:48:37.568000,415.6317897729393,995
2024-09-17 10:48:37.622000,415.6186039961868,102
2024-09-17 10:48:37.640000,415.6468741026163,13
2024-09-17 10:48:37.657000,415.6406283837408,95
2024-09-17 10:48:37.659000,415.574764006824,1002
2024-09-17 10:48:37.711000,415.6491684650823,998
2024-09-17 10:48:37.737000,415.63342573102096,995
2024-09-17 10:48:37.783000,415.6190925347725,96
2024-09-17 10:48:37.815000,415.60222684330125,996
2024-09-17 10:48:37.816000,415.57040687983056,1000
2024-09-17 10:48:37.881000,415.641010663891,7
2024-09-17 10:48:37.924000,415.6205726679744,105
2024-09-17 10:48:37.931000,415.64232385484576,1003
2024-09-17 10:48:37.951000,415.5586576212875,100
2024-09-17 10:48:39.914000,415.65898977621504,98
2024-09-17 10:48:40.008000,415.6636581380373,1000
2024-09-17 10:48:40.012000,415.65325952976485,102
2024-09-17 10:48:40.023000,415.64189773794254,1000
2024-09-17 10:48:40.031000,415.626420743354,98
2024-09-17 10:48:40.101000,415.6579088124178,1003
2024-09-17 10:48:40.102000,415.6524939452118,1001
2024-09-17 10:48:40.122000,415.6596582642279,10
2024-09-17 10:48:40.129000,415.6729282925718,1000
2024-09-17 10:48:40.130000,415.66757053208914,102
2024-09-17 10:48:40.156000,415.6151204170984,9
2024-09-17 10:48:40.189000,415.65987644533953,98
2024-09-17 10:48:40.272000,415.6209515169889,100
2024-09-17 10:48:40.281000,415.65690414081337,1000
2024-09-17 10:48:40.285000,415.6458255351487,995
2024-09-17 10:48:40.295000,415.6615501459021,14
2024-09-17 10:48:40.308000,415.6530216677425,103
2024-09-17 10:48:40.331000,415.64338526864174,8
2024-09-17 10:48:40.363000,415.6572140731874,95
2024-09-17 10:48:40.411000,415.6466730407437,1004
2024-09-17 10:48:40.420000,415.6547970468573,9
2024-09-17 10:48:40.429000,415.6451864245802,105
2024-09-17 10:48:40.521000,415.65244157193536,104
2024-09-17 10:48:40.537000,415.6645273675643,1003
2024-09-17 10:48:40.554000,415.6735195876133,995
2024-09-17 10:48:40.676000,415.6559285678815,15
2024-09-17 10:48:40.704000,415.65455963641375,11
2024-09-17 10:48:40.819000,415.6686909878764,997
2024-09-17 10:48:40.969000,415.6425916627263,101
2024-09-17 10:48:41.035000,415.5568913237972,1002
2024-09-17 10:48:41.052000,415.6078469010066,14
2024-09-17 10:48:41.086000,415.5962987982333,1002
2024-09-17 10:48:41.086000,415.5868230622062,100
2024-09-17 10:48:41.093000,415.5690395279917,95
2024-09-17 10:48:41.140000,415.577498901557,97
2024-09-17 10:48:41.151000,415.6119968876471,9
2024-09-17 10:48:41.192000,415.587457757588,7
2024-09-17 10:48:41.199000,415.60423442397655,14
2024-09-17 10:48:41.223000,415.5719215116077,998
2024-09-17 10:48:41.224000,415.5799020339553,96
2024-09-17 10:48:41.249000,415.5684970087314,1001
2024-09-17 10:48:41.252000,415.6109704176886,96
2024-09-17 10:48:41.314000,415.5979431235552,7
2024-09-17 10:48:41.375000,415.6010187417684,997
2024-09-17 10:48:41.561000,415.6084580516573,13
2024-09-17 10:48:41.657000,415.61399682257473,996
2024-09-17 10:48:41.706000,415.5949175362277,101
2024-09-17 10:48:41.742000,415.6111710312565,7
2024-09-17 10:48:41.756000,415.5745114830097,101
2024-09-17 10:48:41.787000,415.6187290840167,101
2024-09-17 10:48:41.883000,415.5881284123518,999
2024-09-17 10:48:41.890000,415.5877224557716,995
2024-09-17 10:48:41.992000,415.5942831536456,999
2024-09-17 10:48:42.005000,415.4832437495323,104
2024-09-17 10:48:42.007000,415.4808552545435,6
2024-09-17 10:48:42.060000,415.5820025525521,13
2024-09-17 10:48:42.090000,415.5726539567191,1003
2024-09-17 10:48:42.234000,415.56044737645016,1005
2024-09-17 10:48:42.275000,415.5842139884624,97
2024-09-17 10:48:42.293000,415.48734135128433,99
2024-09-17 10:48:42.293000,415.5605135437512,996
2024-09-17 10:48:42.301000,415.50875046217385,8
2024-09-17 10:48:42.304000,415.4995278334781,9
2024-09-17 10:48:42.395000,415.5549814649917,95
2024-09-17 10:48:42.555000,415.5044333096539,1003
2024-09-17 10:48:42.681000,415.4998308384294,8
2024-09-17 10:48:42.774000,415.45890646887824,1005
2024-09-17 10:48:42.809000,415.52861873820655,102
2024-09-17 10:48:42.862000,415.49419462172295,95
2024-09-17 10:48:42.967000,415.5467224199235,1004
2024-09-17 10:48:42.987000,415.5284335976106,1005
2024-09-17 10:48:43.031000,415.4696488255504,1001
2024-09-17 10:48:43.496000,415.4428913183978,995
2024-09-17 10:48:43.530000,415.4426905234592,995
2024-09-17 10:48:43.553000,415.4520250202804,10
2024-09-17 10:48:43.781000,415.4675524253607,1005
2024-09-17 10:48:43.795000,415.45556916610286,99
2024-09-17 10:48:43.889000,415.4645414907365,97
2024-09-17 10:48:45.099000,415.5506402500544,95
2024-09-17 10:48:45.141000,415.5560627763246,100
2024-09-17 10:48:45.153000,415.56152128536144,1005
2024-09-17 10:48:45.159000,415.47177619225823,1005
2024-09-17 10:48:45.162000,415.5327363468065,96
2024-09-17 10:48:45.271000,415.4839218501176,999
2024-09-17 10:48:45.273000,415.5336025303982,11
2024-09-17 10:48:45.291000,415.5326945502218,10
2024-09-17 10:48:45.326000,415.5561758812861,101
2024-09-17 10:48:45.339000,415.55089642239295,1005
2024-09-17 10:48:45.350000,415.5303652793692,13
2024-09-17 10:48:45.392000,415.471344116131,6
2024-09-17 10:48:45.461000,415.5355750742989,998
2024-09-17 10:48:45.476000,415.4699221117693,103
2024-09-17 10:48:45.604000,415.46140297955577,995
2024-09-17 10:48:45.641000,415.49901341164434,100
2024-09-17 10:48:45.644000,415.4820302724984,1003
2024-09-17 10:48:45.649000,415.4741317254104,105
2024-09-17 10:48:45.679000,415.54923306244,103
2024-09-17 10:48:45.710000,415.4590957785735,101
2024-09-17 10:48:45.729000,415.5208867298266,1004
2024-09-17 10:48:45.730000,415.4946658187772,97
2024-09-17 10:48:45.821000,415.4749757651378,6
2024-09-17 10:48:45.876000,415.5381767872561,5
2024-09-17 10:48:45.882000,415.4784259104864,100
2024-09-17 10:48:45.895000,415.55509380001945,998
2024-09-17 10:48:45.982000,415.5200031202177,998
2024-09-17 10:48:45.992000,415.54144369886507,997
2024-09-17 10:48:45.998000,415.477395970114,8
2024-09-17 10:48:46.039000,415.5604445290524,104
2024-09-17 10:48:46.158000,415.5525387654977,1003
2024-09-17 10:48:46.261000,415.5589656886232,95
2024-09-17 10:48:46.285000,415.5526834472907,15
2024-09-17 10:48:46.504000,415.5627874761768,10
2024-09-17 10:48:46.798000,415.5522644712462,1001
2024-09-17 10:48:47.102000,415.54522503901046,1005
2024-09-17 10:48:47.238000,415.5847395732079,5
2024-09-17 10:48:47.398000,415.5703314775255,1001
2024-09-17 10:48:47.504000,415.561834222618,997
2024-09-17 10:48:47.600000,415.5462434920378,11
2024-09-17 10:48:47.704000,415.56026714792574,105
2024-09-17 10:48:48.114000,415.51186363460727,14
2024-09-17 10:48:48.125000,415.5122421902729,103
2024-09-17 10:48:48.313000,415.5254973663752,10
2024-09-17 10:48:48.715000,415.5173032546665,1004
2024-09-17 10:48:48.814000,415.5264477601522,104
2024-09-17 10:48:48.850000,415.51955383039456,7
2024-09-17 10:48:48.864000,415.5459994192472,104
2024-09-17 10:48:49.110000,415.5632315553927,7
2024-09-17 10:48:49.173000,415.5435728108661,1002
2024-09-17 10:48:49.186000,415.5599243709362,12
2024-09-17 10:48:49.253000,415.54695236118704,103
2024-09-17 10:48:49.283000,415.5497428571238,10
2024-09-17 10:48:49.292000,415.5256764623256,98
2024-09-17 10:48:49.548000,415.5448312665913,95
2024-09-17 10:48:49.585000,415.54770560484,14
2024-09-17 10:48:49.613000,415.5322027681346,1004
2024-09-17 10:48:49.652000,415.5234098772162,10
2024-09-17 10:48:49.669000,415.55258732555,7
2024-09-17 10:48:49.705000,415.53624047848433,10
2024-09-17 10:48:49.713000,415.5412277290904,7
2024-09-17 10:48:49.803000,415.571642943752,98
2024-09-17 10:48:49.813000,415.5452536939878,996
2024-09-17 10:48:49.871000,415.5398168224811,1001
2024-09-17 10:48:49.873000,415.54808115990943,1005
2024-09-17 10:48:49.999000,415.5509606576889,8
2024-09-17 10:48:50.013000,415.57014741680297,6
2024-09-17 10:48:50.027000,415.54022001218914,10
2024-09-17 10:48:50.120000,415.5454480591117,5
2024-09-17 10:48:50.294000,415.5896895806704,96
2024-09-17 10:48:50.310000,415.5373542338287,98
2024-09-17 10:48:50.356000,415.5267968770752,1003
2024-09-17 10:48:50.361000,415.52823894739936,995
2024-09-17 10:48:50.375000,415.5844708151576,11
2024-09-17 10:48:50.417000,415.5872379120159,12
2024-09-17 10:48:50.488000,415.5197332142495,95
2024-09-17 10:48:50.671000,415.54288384748793,1001
2024-09-17 10:48:50.694000,415.5277586416742,100
2024-09-17 10:48:50.752000,415.5237733683725,999
2024-09-17 10:48:50.919000,415.5245771139565,1005
2024-09-17 10:48:50.979000,415.562043339421,6
2024-09-17 10:48:51.041000,415.54196763114464,10
2024-09-17 10:48:51.068000,415.5492304571717,5
2024-09-17 10:48:51.091000,415.548210132469,9
2024-09-17 10:48:51.140000,415.52425923173047,12
2024-09-17 10:48:51.474000,415.5410127079568,98
2024-09-17 10:48:51.740000,415.5462632298377,100
2024-09-17 10:48:51.785000,415.5453706683367,11
2024-09-17 10:48:51.907000,415.5651756280455,97
2024-09-17 10:48:51.976000,415.5139325054661,999
2024-09-17 10:48:52.157000,415.5656982126527,7
2024-09-17 10:48:52.188000,415.5751263859191,1005
2024-09-17 10:48:52.297000,415.5791102633014,13
2024-09-17 10:48:52.321000,415.5472692975553,13
2024-09-17 10:48:52.477000,415.5789055306348,997
2024-09-17 10:48:52.617000,415.5540967417609,97
2024-09-17 10:48:52.777000,415.5865600960136,95
2024-09-17 10:48:52.793000,415.5972786272184,101
2024-09-17 10:48:52.821000,415.58730395483377,95
2024-09-17 10:48:52.845000,415.6073474773863,13
2024-09-17 10:48:52.888000,415.606391072492,999
2024-09-17 10:48:52.969000,415.552479904713,13
2024-09-17 10:48:52.986000,415.58042605535,15
2024-09-17 10:48:53.234000,415.5669177002173,13
2024-09-17 10:48:53.292000,415.5572202632848,99
2024-09-17 10:48:53.336000,415.5910661978109,13
2024-09-17 10:48:53.417000,415.5577139158712,96
2024-09-17 10:48:53.482000,415.5682863481178,15
2024-09-17 10:48:53.551000,415.5738500227236,105
2024-09-17 10:48:53.574000,415.5721011926735,101
2024-09-17 10:48:53.650000,415.5708340715882,98
2024-09-17 10:48:54.017000,415.53875350400057,96
2024-09-17 10:48:54.077000,415.5509252151961,1001
2024-09-17 10:48:54.088000,415.5422558893212,998
2024-09-17 10:48:54.103000,415.5387160277957,97
2024-09-17 10:48:54.116000,415.54845196897065,101
2024-09-17 10:48:54.162000,415.55076214300993,1004
2024-09-17 10:48:54.249000,415.51948346274713,15
2024-09-17 10:48:54.254000,415.515147107434,14
2024-09-17 10:48:54.328000,415.5566576289214,1004
2024-09-17 10:48:54.380000,415.5190927149488,101
2024-09-17 10:48:54.442000,415.5655869696674,96
2024-09-17 10:48:54.535000,415.5490565637231,996
2024-09-17 10:48:54.809000,415.53207383617314,99
2024-09-17 10:48:54.932000,415.53625644002346,7
2024-09-17 10:48:54.960000,415.5506487587056,6
2024-09-17 10:48:54.995000,415.5383829127681,1005
2024-09-17 10:48:55.046000,415.5088930604663,101
2024-09-17 10:48:55.200000,415.5353200619841,14
2024-09-17 10:48:55.292000,415.5171000790857,9
2024-09-17 10:48:55.305000,415.5111974478984,998
2024-09-17 10:48:55.369000,415.5366130032281,999
2024-09-17 10:48:55.508000,415.5157806099329,8
2024-09-17 10:48:55.957000,415.53887164675854,5
2024-09-17 10:48:55.957000,415.523153448765,999
2024-09-17 10:48:55.967000,415.5230623056004,999
2024-09-17 10:48:56.014000,415.532909578558,8
2024-09-17 10:48:56.333000,415.52468169103054,97
2024-09-17 10:48:56.393000,415.5412578111451,995
2024-09-17 10:48:56.510000,415.5189370275991,9
2024-09-17 10:48:56.929000,415.5315202094179,1001
2024-09-17 10:48:57.014000,415.53457550209646,14
2024-09-17 10:48:57.100000,415.5576757730065,99
2024-09-17 10:48:57.154000,415.5542535827133,102
2024-09-17 10:48:57.316000,415.53020804000255,10
2024-09-17 10:48:57.359000,415.5394638639582,102
2024-09-17 10:48:57.373000,415.5279117606953,5
2024-09-17 10:48:57.501000,415.5429043936957,1003
2024-09-17 10:48:57.511000,415.55360503595176,998
2024-09-17 10:48:58.019000,415.49480174780206,997
2024-09-17 10:48:58.031000,415.4941687915809,13
2024-09-17 10:48:58.067000,415.4830078473199,1003
2024-09-17 10:48:58.104000,415.5517936942371,996
2024-09-17 10:48:58.125000,415.5509854574804,15
2024-09-17 10:48:58.153000,415.5593330512269,1001
2024-09-17 10:48:58.169000,415.5373456727368,996
2024-09-17 10:48:58.202000,415.4787377175373,101
2024-09-17 10:48:58.210000,415.5348022121738,101
2024-09-17 10:48:58.236000,415.5545077512672,105
2024-09-17 10:48:58.250000,415.49309891716615,5
2024-09-17 10:48:58.505000,415.5548321477272,101
2024-09-17 10:48:58.530000,415.55046197323645,1001
2024-09-17 10:48:58.565000,415.5460251865234,102
2024-09-17 10:48:58.613000,415.5092425437063,995
2024-09-17 10:48:58.623000,415.49096130037753,96
2024-09-17 10:48:58.645000,415.4843107340912,96
2024-09-17 10:48:58.674000,415.5371302061434,105
2024-09-17 10:48:58.708000,415.47884012337295,9
2024-09-17 10:48:58.750000,415.5466937367588,1005
2024-09-17 10:48:58.754000,415.56065771461766,996
2024-09-17 10:48:58.799000,415.5343041404543,12
2024-09-17 10:48:58.804000,415.5536566961823,12
2024-09-17 10:48:58.837000,415.5455086164059,97
2024-09-17 10:48:58.845000,415.4898325008909,105
2024-09-17 10:48:58.888000,415.4977340676799,1000
2024-09-17 10:48:58.961000,415.559699938529,995
2024-09-17 10:48:58.991000,415.4919816817913,105
2024-09-17 10:48:59.064000,415.4544005078688,7
2024-09-17 10:48:59.110000,415.4673120773425,104
2024-09-17 10:48:59.186000,415.4617649854465,8
2024-09-17 10:48:59.186000,415.5261653099213,1002
2024-09-17 10:48:59.196000,415.5022269350997,997
2024-09-17 10:48:59.270000,415.45610598800727,105
2024-09-17 10:48:59.363000,415.4959837989039,1000
2024-09-17 10:48:59.368000,415.5287918640347,998
2024-09-17 10:48:59.395000,415.51376435122165,997
2024-09-17 10:48:59.499000,415.5387867859537,10
2024-09-17 10:48:59.505000,415.4733649771815,98
2024-09-17 10:48:59.766000,415.5219367003082,103
2024-09-17 10:48:59.794000,415.5294622020691,10
2024-09-17 10:48:59.812000,415.5105703315597,105
2024-09-17 10:48:59.820000,415.49445637905205,104
2024-09-17 10:48:59.825000,415.5038432553609,14
2024-09-17 10:48:59.979000,415.49428945001193,13
