Timestamp,Price,Size
2024-09-20 14:57:00.086000,431.07678411433255,8
2024-09-20 14:57:00.148000,431.0789741086709,12
2024-09-20 14:57:00.208000,431.06527296987485,1001
2024-09-20 14:57:00.224000,431.06880351879823,99
2024-09-20 14:57:00.733000,431.09351526880727,99
2024-09-20 14:57:00.809000,431.0552578112143,6
2024-09-20 14:57:01.081000,431.197212200576,98
2024-09-20 14:57:01.109000,431.1541086544688,995
2024-09-20 14:57:01.191000,431.2168131300654,1000
2024-09-20 14:57:01.254000,431.2256584320994,998
2024-09-20 14:57:01.272000,431.1092935749701,103
2024-09-20 14:57:01.280000,431.0889770899704,8
2024-09-20 14:57:01.287000,431.10337071881,6
2024-09-20 14:57:01.342000,431.1313286303394,999
2024-09-20 14:57:01.398000,431.14428545659183,104
2024-09-20 14:57:01.517000,431.0829120844555,95
2024-09-20 14:57:01.543000,431.158736372105,95
2024-09-20 14:57:01.552000,431.0661392528056,1000
2024-09-20 14:57:01.596000,431.1943711204582,14
2024-09-20 14:57:01.713000,431.1553788601444,6
2024-09-20 14:57:01.763000,431.1981267641825,997
2024-09-20 14:57:01.767000,431.0894683605674,15
2024-09-20 14:57:01.787000,431.1767527510247,101
2024-09-20 14:57:01.870000,431.2179414366397,1005
2024-09-20 14:57:01.876000,431.169590598402,101
2024-09-20 14:57:01.911000,431.1759941752797,96
2024-09-20 14:57:01.972000,431.1506048787021,7
2024-09-20 14:57:01.975000,431.1992404850624,999
2024-09-20 14:57:01.989000,431.1776344940391,100
2024-09-20 14:57:02.013000,431.1958996726468,1004
2024-09-20 14:57:02.039000,431.25214558734575,1005
2024-09-20 14:57:02.073000,431.264689929559,1005
2024-09-20 14:57:02.111000,431.204078422652,95
2024-09-20 14:57:02.207000,431.1988332758055,997
2024-09-20 14:57:02.259000,431.21397757617086,1003
2024-09-20 14:57:02.264000,431.2038164203926,1002
2024-09-20 14:57:02.295000,431.2163286492273,101
2024-09-20 14:57:02.297000,431.2099576394195,8
2024-09-20 14:57:02.302000,431.19829671133743,12
2024-09-20 14:57:02.309000,431.2026290251296,999
2024-09-20 14:57:02.314000,431.1815612185403,12
2024-09-20 14:57:02.345000,431.2082735216842,1000
2024-09-20 14:57:02.366000,431.2004910062191,97
2024-09-20 14:57:02.376000,431.2497001862593,97
2024-09-20 14:57:02.396000,431.22400058214464,1001
2024-09-20 14:57:02.416000,431.2053085469329,99
2024-09-20 14:57:02.473000,431.1916612662964,12
2024-09-20 14:57:02.484000,431.18767712198064,9
2024-09-20 14:57:02.526000,431.1871879930803,101
2024-09-20 14:57:02.565000,431.2030928850784,8
2024-09-20 14:57:02.591000,431.201430027746,1003
2024-09-20 14:57:02.596000,431.2073700908079,9
2024-09-20 14:57:02.654000,431.20173562560046,6
2024-09-20 14:57:02.744000,431.2352688796996,1001
2024-09-20 14:57:02.848000,431.2163419000905,100
2024-09-20 14:57:02.957000,431.19877923269655,10
2024-09-20 14:57:02.974000,431.2104877288317,997
2024-09-20 14:57:02.976000,431.2386480884432,12
2024-09-20 14:57:03.063000,431.1285076141604,10
2024-09-20 14:57:03.185000,431.1111936688716,13
2024-09-20 14:57:03.203000,431.1155004755119,1005
2024-09-20 14:57:03.216000,431.1093811767957,10
2024-09-20 14:57:03.241000,431.1455009090485,997
2024-09-20 14:57:03.285000,431.1834568482429,100
2024-09-20 14:57:03.377000,431.1584369188635,101
2024-09-20 14:57:03.399000,431.13526705991393,998
2024-09-20 14:57:03.416000,431.2094895763324,1005
2024-09-20 14:57:03.441000,431.13641897196817,11
2024-09-20 14:57:03.537000,431.16692884892666,103
2024-09-20 14:57:03.544000,431.1405584630438,103
2024-09-20 14:57:03.593000,431.1416956977227,1000
2024-09-20 14:57:03.666000,431.1280223845391,14
2024-09-20 14:57:03.709000,431.21828712818274,100
2024-09-20 14:57:03.799000,431.1495272326024,998
2024-09-20 14:57:03.820000,431.1117134726573,102
2024-09-20 14:57:03.838000,431.1653570426661,998
2024-09-20 14:57:03.841000,431.209099606232,7
2024-09-20 14:57:03.924000,431.11671943448425,998
2024-09-20 14:57:04.013000,431.1497003660653,105
2024-09-20 14:57:04.031000,431.156914013872,11
2024-09-20 14:57:04.037000,431.2072558003483,6
2024-09-20 14:57:04.158000,431.1595265021267,995
2024-09-20 14:57:04.255000,431.1489412605033,102
2024-09-20 14:57:04.258000,431.1691513496455,99
2024-09-20 14:57:04.282000,431.1924780378432,9
2024-09-20 14:57:04.358000,431.1826936755734,14
2024-09-20 14:57:04.376000,431.1437552772169,102
2024-09-20 14:57:04.380000,431.21531188901207,98
2024-09-20 14:57:04.391000,431.1386614088033,999
2024-09-20 14:57:04.478000,431.1378900379965,1001
2024-09-20 14:57:04.533000,431.1601404304908,14
2024-09-20 14:57:04.541000,431.17573300472833,999
2024-09-20 14:57:04.547000,431.1462123179318,97
2024-09-20 14:57:04.551000,431.1865234225527,98
2024-09-20 14:57:04.596000,431.1613323376321,1000
2024-09-20 14:57:04.625000,431.14935927915457,96
2024-09-20 14:57:04.670000,431.1828943029254,7
2024-09-20 14:57:04.674000,431.1473664046376,6
2024-09-20 14:57:04.785000,431.1562530527195,9
2024-09-20 14:57:04.788000,431.1548687365516,98
2024-09-20 14:57:04.819000,431.15636186452,102
2024-09-20 14:57:04.862000,431.1593783914613,5
2024-09-20 14:57:04.881000,431.20135836571166,1005
2024-09-20 14:57:04.882000,431.1594926039625,11
2024-09-20 14:57:04.890000,431.194613649819,98
2024-09-20 14:57:04.894000,431.155165108852,1005
2024-09-20 14:57:04.964000,431.1370439770607,101
2024-09-20 14:57:05.023000,431.1770286205023,11
2024-09-20 14:57:05.136000,431.18727888440975,105
2024-09-20 14:57:05.166000,431.1836964203185,14
2024-09-20 14:57:05.177000,431.1915711714218,104
2024-09-20 14:57:05.206000,431.1841584983115,103
2024-09-20 14:57:05.284000,431.1519975707821,998
2024-09-20 14:57:05.331000,431.1707868435135,95
2024-09-20 14:57:05.356000,431.1795585182343,1005
2024-09-20 14:57:05.379000,431.1749231169367,8
2024-09-20 14:57:05.419000,431.1792854790648,95
2024-09-20 14:57:05.495000,431.1717777995269,997
2024-09-20 14:57:05.524000,431.1558754962595,10
2024-09-20 14:57:05.642000,431.18189017584007,100
2024-09-20 14:57:05.742000,431.1698979724442,98
2024-09-20 14:57:05.752000,431.17115617679417,105
2024-09-20 14:57:05.787000,431.166781234485,12
2024-09-20 14:57:05.857000,431.1595302645649,102
2024-09-20 14:57:05.899000,431.1528191378185,1002
2024-09-20 14:57:05.901000,431.1780266645512,1000
2024-09-20 14:57:05.921000,431.1753735390199,7
2024-09-20 14:57:05.988000,431.1730769769171,105
2024-09-20 14:57:05.992000,431.1718387319679,996
2024-09-20 14:57:06.168000,431.1773398206034,1000
2024-09-20 14:57:06.348000,431.1914439945611,101
2024-09-20 14:57:06.490000,431.20993320549655,9
2024-09-20 14:57:06.543000,431.1824616321363,10
2024-09-20 14:57:06.546000,431.2000901122607,12
2024-09-20 14:57:06.553000,431.18982070492007,1004
2024-09-20 14:57:06.583000,431.1917813880733,104
2024-09-20 14:57:06.722000,431.1878090929182,14
2024-09-20 14:57:06.736000,431.19392987830565,96
2024-09-20 14:57:06.821000,431.2077566096559,996
2024-09-20 14:57:06.822000,431.197478606613,996
2024-09-20 14:57:06.918000,431.1979731441705,103
2024-09-20 14:57:07.025000,431.209787705548,12
2024-09-20 14:57:07.129000,431.2313324511726,97
2024-09-20 14:57:07.186000,431.21736692108175,1004
2024-09-20 14:57:07.267000,431.2390046302664,6
2024-09-20 14:57:07.312000,431.2013803073547,105
2024-09-20 14:57:07.511000,431.2351475031862,105
2024-09-20 14:57:07.536000,431.2349119465884,15
2024-09-20 14:57:07.636000,431.2019353161363,1002
2024-09-20 14:57:07.694000,431.2093031094566,11
2024-09-20 14:57:07.780000,431.24226853987216,100
2024-09-20 14:57:07.958000,431.2430270454213,8
2024-09-20 14:57:07.998000,431.2335569974999,5
2024-09-20 14:57:08.669000,431.2171136958332,96
2024-09-20 14:57:08.821000,431.228794994635,7
2024-09-20 14:57:08.939000,431.2203995336828,997
2024-09-20 14:57:09.927000,431.22132053557385,99
2024-09-20 14:57:10.973000,431.2153833451485,97
2024-09-20 14:57:11.440000,431.24604125278256,11
2024-09-20 14:57:11.693000,431.2608009309039,997
2024-09-20 14:57:11.697000,431.2563132557633,1003
2024-09-20 14:57:11.862000,431.2129872203112,6
2024-09-20 14:57:12.025000,431.2414971614867,997
2024-09-20 14:57:13.012000,431.2790139223299,103
2024-09-20 14:57:13.060000,431.2461731650089,9
2024-09-20 14:57:13.095000,431.28777643714,995
2024-09-20 14:57:13.104000,431.2475658500904,995
2024-09-20 14:57:13.209000,431.27628372031455,6
2024-09-20 14:57:13.302000,431.2554548230582,100
2024-09-20 14:57:13.318000,431.2539667608498,997
2024-09-20 14:57:13.328000,431.26850251172914,98
2024-09-20 14:57:13.444000,431.2300336589215,1000
2024-09-20 14:57:13.455000,431.2961967644975,7
2024-09-20 14:57:13.477000,431.28415913091294,15
2024-09-20 14:57:13.500000,431.2719235084497,1001
2024-09-20 14:57:13.526000,431.2835945156809,6
2024-09-20 14:57:13.555000,431.2354809309534,995
2024-09-20 14:57:13.579000,431.2437935752481,1004
2024-09-20 14:57:13.597000,431.28925137351047,6
2024-09-20 14:57:13.677000,431.2955843144736,1005
2024-09-20 14:57:13.687000,431.22863849962425,9
2024-09-20 14:57:13.697000,431.2911902784864,14
2024-09-20 14:57:13.729000,431.2699215841528,102
2024-09-20 14:57:13.730000,431.2684903339477,9
2024-09-20 14:57:13.761000,431.2784146187392,998
2024-09-20 14:57:13.832000,431.24022866493607,15
2024-09-20 14:57:13.835000,431.2831871540217,11
2024-09-20 14:57:13.866000,431.2753948116958,1001
2024-09-20 14:57:13.937000,431.27468699408297,101
2024-09-20 14:57:13.938000,431.2343389254501,15
2024-09-20 14:57:13.952000,431.24861614523616,1005
2024-09-20 14:57:13.962000,431.26599801851336,7
2024-09-20 14:57:14.029000,431.2318543227516,15
2024-09-20 14:57:14.053000,431.2608789223276,1003
2024-09-20 14:57:14.229000,431.2276356735304,105
2024-09-20 14:57:14.325000,431.2285252726625,103
2024-09-20 14:57:14.441000,431.26265053284015,9
2024-09-20 14:57:14.479000,431.2637802950831,104
2024-09-20 14:57:14.530000,431.27040427576185,6
2024-09-20 14:57:14.631000,431.26651464323095,12
2024-09-20 14:57:14.692000,431.2435384936288,100
2024-09-20 14:57:14.739000,431.30018093404976,104
2024-09-20 14:57:14.783000,431.1941056094081,5
2024-09-20 14:57:14.788000,431.2692582225719,12
2024-09-20 14:57:14.983000,431.200788126394,1005
2024-09-20 14:57:14.990000,431.2831635465747,8
2024-09-20 14:57:15.227000,431.1899669836381,96
2024-09-20 14:57:16.667000,431.2148583262185,998
2024-09-20 14:57:17.088000,431.19625238945787,12
2024-09-20 14:57:17.152000,431.19841748732375,10
2024-09-20 14:57:17.159000,431.1938641660251,104
2024-09-20 14:57:17.172000,431.1932401644665,104
2024-09-20 14:57:17.249000,431.1942313328765,1000
2024-09-20 14:57:17.375000,431.2144860115258,101
2024-09-20 14:57:17.385000,431.18323075249685,1001
2024-09-20 14:57:17.392000,431.1824065507935,997
2024-09-20 14:57:17.409000,431.1604590190833,9
2024-09-20 14:57:17.451000,431.1563375360817,12
2024-09-20 14:57:17.601000,431.1962531081172,14
2024-09-20 14:57:17.696000,431.19818277129457,15
2024-09-20 14:57:17.702000,431.2063417472572,95
2024-09-20 14:57:17.764000,431.1960842407019,100
2024-09-20 14:57:17.786000,431.1961033175036,95
2024-09-20 14:57:17.815000,431.1966211463853,999
2024-09-20 14:57:17.899000,431.2121381617729,1004
2024-09-20 14:57:17.978000,431.1659997658524,97
2024-09-20 14:57:17.994000,431.201516997728,96
2024-09-20 14:57:18.096000,431.229022952293,101
2024-09-20 14:57:18.142000,431.23706113008177,104
2024-09-20 14:57:18.196000,431.1604005741686,100
2024-09-20 14:57:18.267000,431.20668645682775,98
2024-09-20 14:57:18.639000,431.1644452537085,100
2024-09-20 14:57:18.874000,431.1721853115047,998
2024-09-20 14:57:18.961000,431.1881414667208,8
2024-09-20 14:57:19.053000,431.1694811206488,996
2024-09-20 14:57:19.059000,431.1377865218665,101
2024-09-20 14:57:19.065000,431.1227392394314,10
2024-09-20 14:57:19.151000,431.1393510404462,98
2024-09-20 14:57:19.155000,431.13441519076986,6
2024-09-20 14:57:19.296000,431.1878466838694,999
2024-09-20 14:57:19.451000,431.1660742061487,104
2024-09-20 14:57:19.503000,431.1920193801228,9
2024-09-20 14:57:19.544000,431.2222133574361,103
2024-09-20 14:57:19.592000,431.1430502376623,5
2024-09-20 14:57:19.611000,431.1898854107247,95
2024-09-20 14:57:19.619000,431.2392703148543,6
2024-09-20 14:57:19.670000,431.20850545933706,104
2024-09-20 14:57:19.690000,431.219664161508,14
2024-09-20 14:57:19.722000,431.1628949005549,95
2024-09-20 14:57:19.725000,431.1765664127961,101
2024-09-20 14:57:19.760000,431.1164709024433,1000
2024-09-20 14:57:19.806000,431.1167633378752,996
2024-09-20 14:57:19.888000,431.1764677580432,101
2024-09-20 14:57:19.954000,431.1552537459436,1003
2024-09-20 14:57:19.986000,431.1737352265724,12
2024-09-20 14:57:20.280000,431.1233576428732,100
2024-09-20 14:57:20.356000,431.1399819461143,104
2024-09-20 14:57:20.410000,431.134035668285,105
2024-09-20 14:57:20.717000,431.1269410936423,99
2024-09-20 14:57:21.010000,431.0994809482082,101
2024-09-20 14:57:21.050000,431.1161260950119,6
2024-09-20 14:57:21.078000,431.15453018189663,999
2024-09-20 14:57:21.150000,431.1598328420922,14
2024-09-20 14:57:21.176000,431.1147605132068,1005
2024-09-20 14:57:21.196000,431.1165680690182,10
2024-09-20 14:57:21.282000,431.1207797364515,95
2024-09-20 14:57:21.309000,431.16357055013634,13
2024-09-20 14:57:21.389000,431.1687132890063,98
2024-09-20 14:57:21.441000,431.1193923070655,997
2024-09-20 14:57:21.688000,431.1077141906508,1004
2024-09-20 14:57:21.691000,431.153195918346,9
2024-09-20 14:57:21.758000,431.1071638694507,9
2024-09-20 14:57:21.796000,431.1356191044255,1005
2024-09-20 14:57:21.890000,431.1534012636894,98
2024-09-20 14:57:22.038000,431.1865709610608,15
2024-09-20 14:57:22.103000,431.1358399034712,95
2024-09-20 14:57:22.161000,431.1334832019639,102
2024-09-20 14:57:22.163000,431.1407741167938,1005
2024-09-20 14:57:22.396000,431.12340584243896,96
2024-09-20 14:57:22.403000,431.1166969560786,997
2024-09-20 14:57:22.472000,431.1547875228201,997
2024-09-20 14:57:22.530000,431.1240430664357,11
2024-09-20 14:57:22.542000,431.10829377365457,103
2024-09-20 14:57:22.550000,431.1409551038477,1000
2024-09-20 14:57:22.557000,431.13043076330985,102
2024-09-20 14:57:22.572000,431.1635918787594,15
2024-09-20 14:57:22.603000,431.1764313483408,15
2024-09-20 14:57:22.660000,431.147636296224,8
2024-09-20 14:57:22.684000,431.19150565310974,100
2024-09-20 14:57:22.709000,431.1594233101926,95
2024-09-20 14:57:22.759000,431.129324411986,96
2024-09-20 14:57:22.813000,431.1801214531189,105
2024-09-20 14:57:22.849000,431.1494716858606,105
2024-09-20 14:57:22.906000,431.203677374558,999
2024-09-20 14:57:22.954000,431.14433257145095,996
2024-09-20 14:57:23.111000,431.2426177954057,13
2024-09-20 14:57:23.141000,431.2096167101764,105
2024-09-20 14:57:23.246000,431.2206565360044,100
2024-09-20 14:57:23.246000,423.2366711228256,1002
2024-09-20 14:57:23.269000,431.21188721303577,1000
2024-09-20 14:57:23.358000,431.2186177473977,999
2024-09-20 14:57:23.365000,431.20096481328017,97
2024-09-20 14:57:23.405000,431.21092768231495,7
2024-09-20 14:57:23.485000,431.213155300605,1000
2024-09-20 14:57:23.532000,431.20025871252267,97
2024-09-20 14:57:23.545000,431.21983410208486,101
2024-09-20 14:57:23.572000,431.2257390519063,104
2024-09-20 14:57:23.584000,431.2480995321624,96
2024-09-20 14:57:23.612000,431.1918082671712,96
2024-09-20 14:57:23.623000,431.1898231113133,15
2024-09-20 14:57:23.646000,431.2196367412005,10
2024-09-20 14:57:23.765000,431.213620592553,9
2024-09-20 14:57:23.879000,431.202481671006,95
2024-09-20 14:57:23.889000,431.2048236148905,101
2024-09-20 14:57:23.895000,431.2583808779439,98
2024-09-20 14:57:23.942000,431.2116189592522,96
2024-09-20 14:57:23.958000,431.2047112398169,100
2024-09-20 14:57:24.009000,431.1861999424173,105
2024-09-20 14:57:24.020000,431.15480474276336,101
2024-09-20 14:57:24.065000,431.20416336958056,996
2024-09-20 14:57:24.081000,431.1788026264857,1003
2024-09-20 14:57:24.137000,431.167560423691,8
2024-09-20 14:57:24.256000,431.1979334693296,1003
2024-09-20 14:57:24.303000,431.1743364458572,101
2024-09-20 14:57:24.375000,431.1965475246196,998
2024-09-20 14:57:24.466000,431.21138557556816,15
2024-09-20 14:57:24.477000,431.2035637075091,97
2024-09-20 14:57:24.547000,431.2078505439784,1002
2024-09-20 14:57:24.561000,431.1353534044732,1000
2024-09-20 14:57:24.566000,431.1608775125362,995
2024-09-20 14:57:24.569000,431.1992832442181,96
2024-09-20 14:57:24.643000,431.2087164028159,1000
2024-09-20 14:57:24.695000,431.1696986971749,998
2024-09-20 14:57:24.702000,431.1930747094681,998
2024-09-20 14:57:24.731000,431.2114194638466,1002
2024-09-20 14:57:24.739000,431.181545555174,996
2024-09-20 14:57:24.743000,431.1859132144749,1003
2024-09-20 14:57:24.764000,431.198468299586,1003
2024-09-20 14:57:24.788000,431.2134564069632,13
2024-09-20 14:57:24.799000,431.1709375747565,98
2024-09-20 14:57:24.821000,431.1502312593062,13
2024-09-20 14:57:24.857000,431.1778450558378,7
2024-09-20 14:57:24.900000,431.1528731207976,996
2024-09-20 14:57:24.902000,431.2223304874363,9
2024-09-20 14:57:24.960000,431.1683453547862,5
2024-09-20 14:57:24.994000,431.1672283168767,996
2024-09-20 14:57:25.033000,431.2040997090117,104
2024-09-20 14:57:25.038000,431.192967775432,1005
2024-09-20 14:57:25.173000,431.2403581380154,1003
2024-09-20 14:57:25.184000,431.1765802376761,100
2024-09-20 14:57:25.251000,431.24673464051045,999
2024-09-20 14:57:25.254000,431.220859453856,103
2024-09-20 14:57:25.273000,431.2184463566446,997
2024-09-20 14:57:25.322000,431.20590617985215,13
2024-09-20 14:57:25.340000,431.21569705827073,1003
2024-09-20 14:57:25.473000,431.2324207829933,99
2024-09-20 14:57:25.490000,431.24075027288586,6
2024-09-20 14:57:25.537000,431.2016008931004,1003
2024-09-20 14:57:25.554000,431.1784407495845,8
2024-09-20 14:57:25.652000,431.2042495459867,97
2024-09-20 14:57:25.730000,431.1951770441849,996
2024-09-20 14:57:25.769000,431.1606326464179,1000
2024-09-20 14:57:25.825000,431.2006258726084,12
2024-09-20 14:57:25.837000,431.2254286711764,1002
2024-09-20 14:57:25.849000,431.2215118447695,12
2024-09-20 14:57:25.852000,431.1902244936122,998
2024-09-20 14:57:25.963000,431.20622637267473,15
2024-09-20 14:57:26.086000,431.22952240725,102
2024-09-20 14:57:26.137000,431.2219981100644,98
2024-09-20 14:57:26.215000,431.2278478037736,1000
2024-09-20 14:57:26.409000,431.2707145468437,95
2024-09-20 14:57:26.454000,431.2382446079438,9
2024-09-20 14:57:26.457000,431.2451762557985,8
2024-09-20 14:57:26.661000,431.2383474691371,96
2024-09-20 14:57:26.685000,431.2191541175251,98
2024-09-20 14:57:26.770000,431.2321433562935,5
2024-09-20 14:57:26.847000,431.2527389550552,95
2024-09-20 14:57:26.862000,431.2337492139171,999
2024-09-20 14:57:26.894000,431.2249331026653,14
2024-09-20 14:57:26.907000,431.2199388110021,998
2024-09-20 14:57:27.069000,431.2717019336541,1001
2024-09-20 14:57:27.136000,431.22743887655656,1005
2024-09-20 14:57:27.206000,431.2389893055147,996
2024-09-20 14:57:27.226000,431.2459450376713,12
2024-09-20 14:57:27.228000,431.2561515039383,1000
2024-09-20 14:57:27.255000,431.2736009156909,12
2024-09-20 14:57:27.279000,431.2428887471956,13
2024-09-20 14:57:27.283000,431.25160319012593,1005
2024-09-20 14:57:27.286000,431.2841766826811,101
2024-09-20 14:57:27.302000,431.2479233379223,1003
2024-09-20 14:57:27.333000,431.3042097549741,13
2024-09-20 14:57:27.335000,431.2889489446444,15
2024-09-20 14:57:27.398000,431.2847299798863,99
2024-09-20 14:57:27.399000,431.28011847299416,101
2024-09-20 14:57:27.402000,431.2533074876932,101
2024-09-20 14:57:27.424000,431.3016883829495,997
2024-09-20 14:57:27.440000,431.2427272719207,13
2024-09-20 14:57:27.494000,431.3059921722343,104
2024-09-20 14:57:27.655000,431.2434348760101,999
2024-09-20 14:57:27.721000,431.2576848651135,7
2024-09-20 14:57:27.767000,431.2911242605629,96
2024-09-20 14:57:27.868000,431.32120346882834,100
2024-09-20 14:57:27.924000,431.2458773694357,98
2024-09-20 14:57:27.939000,431.2707737358648,6
2024-09-20 14:57:27.968000,431.247744515773,100
2024-09-20 14:57:27.971000,431.2568561904287,1003
2024-09-20 14:57:27.983000,431.2620790673695,1004
2024-09-20 14:57:27.991000,431.2475121013016,13
2024-09-20 14:57:28.032000,431.2967903288179,95
2024-09-20 14:57:28.053000,431.2800618569743,1004
2024-09-20 14:57:28.064000,431.2712846559931,1001
2024-09-20 14:57:28.143000,431.2692864415725,95
2024-09-20 14:57:28.819000,431.2697859749393,102
2024-09-20 14:57:28.868000,431.26987449260673,105
2024-09-20 14:57:28.930000,431.27021794807393,997
2024-09-20 14:57:29.034000,431.2782661431147,97
2024-09-20 14:57:29.330000,431.3012628989579,95
2024-09-20 14:57:29.341000,431.2823842811238,13
2024-09-20 14:57:29.359000,431.2855524949025,995
2024-09-20 14:57:29.360000,431.3343099215072,99
2024-09-20 14:57:29.379000,431.30316576973496,99
2024-09-20 14:57:29.435000,431.3165053418402,14
2024-09-20 14:57:29.509000,431.29359819397473,6
2024-09-20 14:57:29.558000,431.3381264506132,11
2024-09-20 14:57:29.573000,431.30429956328544,996
2024-09-20 14:57:29.577000,431.31920018456606,996
2024-09-20 14:57:29.612000,431.31720186045,1000
2024-09-20 14:57:29.667000,431.3157236604357,996
2024-09-20 14:57:29.672000,431.2666959302575,97
2024-09-20 14:57:29.731000,431.3494180204622,1000
2024-09-20 14:57:29.731000,431.33019913053926,997
2024-09-20 14:57:29.758000,431.2813665230782,100
2024-09-20 14:57:29.832000,431.2658339243419,1003
2024-09-20 14:57:29.877000,431.30946259438224,98
2024-09-20 14:57:29.889000,431.2874667483672,1004
2024-09-20 14:57:29.935000,431.355148742931,101
2024-09-20 14:57:29.950000,431.33449258112,10
2024-09-20 14:57:30.089000,431.2735185547879,12
2024-09-20 14:57:30.120000,431.2605734506208,10
2024-09-20 14:57:30.181000,431.2703418906726,1002
2024-09-20 14:57:30.244000,431.2761000695305,8
2024-09-20 14:57:30.354000,431.2691407273493,105
2024-09-20 14:57:30.383000,431.27725907494136,14
2024-09-20 14:57:30.401000,423.3050511309282,105
2024-09-20 14:57:30.403000,431.278309877964,105
2024-09-20 14:57:30.404000,431.2536722977156,6
2024-09-20 14:57:30.413000,431.28403692208497,1002
2024-09-20 14:57:30.435000,431.2627904792492,995
2024-09-20 14:57:30.632000,431.2786921302782,105
2024-09-20 14:57:30.673000,431.2546901645163,1004
2024-09-20 14:57:30.798000,431.2969254212841,10
2024-09-20 14:57:30.803000,431.2942701685691,9
2024-09-20 14:57:30.850000,431.29640216474246,1002
2024-09-20 14:57:30.870000,431.27983116805,95
2024-09-20 14:57:30.875000,431.2946480091196,97
2024-09-20 14:57:30.882000,431.2598942825778,95
2024-09-20 14:57:30.968000,431.2644633347039,98
2024-09-20 14:57:30.983000,431.2769357774961,1003
2024-09-20 14:57:31.052000,431.2827596861644,14
2024-09-20 14:57:31.080000,431.2795681362646,996
2024-09-20 14:57:31.094000,431.2895036526365,11
2024-09-20 14:57:31.110000,431.1548496781265,1003
2024-09-20 14:57:31.223000,431.1703467584486,99
2024-09-20 14:57:31.232000,431.19806515452245,100
2024-09-20 14:57:31.251000,431.1855939392371,103
2024-09-20 14:57:31.269000,431.2819527474682,96
2024-09-20 14:57:31.299000,431.1713396652812,14
2024-09-20 14:57:31.345000,431.2881467895104,10
2024-09-20 14:57:31.375000,431.2888187369082,105
2024-09-20 14:57:31.441000,431.287194044387,105
2024-09-20 14:57:31.557000,431.28877337438496,10
2024-09-20 14:57:31.590000,431.2399337683135,99
2024-09-20 14:57:31.613000,431.2104938970559,995
2024-09-20 14:57:31.620000,431.1880961958549,1003
2024-09-20 14:57:31.682000,431.1849571609503,996
2024-09-20 14:57:31.727000,431.2730503018317,13
2024-09-20 14:57:31.797000,431.2686830309734,11
2024-09-20 14:57:31.804000,431.2870539358559,101
2024-09-20 14:57:31.922000,431.1672942033583,101
2024-09-20 14:57:32.261000,431.1752261715253,6
2024-09-20 14:57:32.451000,431.1552889446146,13
2024-09-20 14:57:32.656000,431.1779960355696,1004
2024-09-20 14:57:32.661000,431.17550653848906,996
2024-09-20 14:57:32.746000,431.172450840696,95
2024-09-20 14:57:32.748000,431.158872270864,103
2024-09-20 14:57:32.777000,431.1828652786087,1002
2024-09-20 14:57:32.801000,431.1661746637114,1005
2024-09-20 14:57:32.861000,431.1777519269515,98
2024-09-20 14:57:32.927000,431.1714556417601,1001
2024-09-20 14:57:33.021000,431.1458716138536,15
2024-09-20 14:57:33.045000,431.15606578356216,996
2024-09-20 14:57:33.097000,431.1722977577135,999
2024-09-20 14:57:33.161000,431.1604758332193,997
2024-09-20 14:57:33.359000,431.1755041860075,95
2024-09-20 14:57:33.418000,431.1804940258586,103
2024-09-20 14:57:33.428000,431.1231888988198,1003
2024-09-20 14:57:33.597000,431.1451025701356,6
2024-09-20 14:57:33.636000,431.1476565793256,997
2024-09-20 14:57:33.818000,431.1153495215484,97
2024-09-20 14:57:34.062000,431.2528769577104,101
2024-09-20 14:57:34.104000,431.26476431737694,1005
2024-09-20 14:57:34.108000,431.221117776241,103
2024-09-20 14:57:34.208000,431.1485267457899,101
2024-09-20 14:57:34.251000,431.2492084738601,996
2024-09-20 14:57:34.251000,431.1124363649534,98
2024-09-20 14:57:34.267000,431.12046674192845,105
2024-09-20 14:57:34.330000,431.1144200695165,99
2024-09-20 14:57:34.348000,431.130380226552,999
2024-09-20 14:57:34.390000,431.13202122011126,104
2024-09-20 14:57:34.395000,431.1071890364345,996
2024-09-20 14:57:34.425000,431.1260954838059,97
2024-09-20 14:57:34.526000,431.1701660889903,98
2024-09-20 14:57:34.571000,431.1093970969895,1004
2024-09-20 14:57:34.610000,431.0893193759569,7
2024-09-20 14:57:34.638000,431.1094921939947,1000
2024-09-20 14:57:34.717000,431.18393706534414,7
2024-09-20 14:57:34.765000,431.2489895386185,100
2024-09-20 14:57:34.801000,431.2121084259599,99
2024-09-20 14:57:34.824000,431.1363827579554,1005
2024-09-20 14:57:34.832000,431.24476647493896,1001
2024-09-20 14:57:34.918000,431.10901869858486,101
2024-09-20 14:57:34.958000,431.11661813305057,1002
2024-09-20 14:57:34.973000,431.16173158060457,1003
2024-09-20 14:57:35.079000,431.2379639844163,1001
2024-09-20 14:57:35.273000,431.25355946899583,105
2024-09-20 14:57:35.340000,431.2331973666089,103
2024-09-20 14:57:35.351000,431.2567828126005,1002
2024-09-20 14:57:35.569000,431.2371266868051,105
2024-09-20 14:57:35.698000,431.2518205604396,99
2024-09-20 14:57:35.929000,431.2218868971028,6
2024-09-20 14:57:36.006000,431.2523513479208,10
2024-09-20 14:57:36.025000,431.2649476514156,104
2024-09-20 14:57:36.079000,431.2697551561415,12
2024-09-20 14:57:36.108000,431.2875045198784,1001
2024-09-20 14:57:36.188000,431.2816477370972,103
2024-09-20 14:57:36.358000,431.2732145656352,105
2024-09-20 14:57:36.387000,431.2554924863268,1004
2024-09-20 14:57:36.497000,431.2663667575455,14
2024-09-20 14:57:36.498000,431.2673217903791,10
2024-09-20 14:57:36.599000,431.2642217438098,1000
2024-09-20 14:57:36.620000,431.25734216253767,1001
2024-09-20 14:57:36.621000,431.2501462896118,995
2024-09-20 14:57:36.632000,431.27858569323695,6
2024-09-20 14:57:36.704000,431.2900376719878,97
2024-09-20 14:57:36.717000,431.28422975525086,1004
2024-09-20 14:57:36.746000,431.2659649352083,996
2024-09-20 14:57:36.832000,431.2608952979701,14
2024-09-20 14:57:36.834000,431.2655543521666,999
2024-09-20 14:57:36.871000,431.2971835483187,104
2024-09-20 14:57:36.907000,431.2681575557801,13
2024-09-20 14:57:36.937000,431.2660635535327,9
2024-09-20 14:57:36.969000,431.27342971434695,105
2024-09-20 14:57:37.113000,431.2699353424438,1004
2024-09-20 14:57:37.161000,431.2939093237744,996
2024-09-20 14:57:37.342000,431.25789157869,996
2024-09-20 14:57:37.457000,431.2843962731427,95
2024-09-20 14:57:37.509000,423.5080953029113,1005
2024-09-20 14:57:37.510000,431.268096609825,999
2024-09-20 14:57:37.511000,431.27425988704783,9
2024-09-20 14:57:37.539000,431.2772209549195,997
2024-09-20 14:57:37.546000,431.2785089310688,95
2024-09-20 14:57:37.577000,431.2442185829323,100
2024-09-20 14:57:37.630000,431.27216466614107,7
2024-09-20 14:57:37.678000,431.2696389240835,95
2024-09-20 14:57:37.681000,431.27439464697767,1001
2024-09-20 14:57:37.816000,431.25993239309327,15
2024-09-20 14:57:37.968000,431.2884135980567,98
2024-09-20 14:57:37.992000,431.23906111035615,95
2024-09-20 14:57:38.066000,431.28898814878266,996
2024-09-20 14:57:38.106000,431.2938310369967,98
2024-09-20 14:57:38.151000,431.2710253182759,997
2024-09-20 14:57:38.197000,431.2919395030528,97
2024-09-20 14:57:38.208000,431.26933498911694,1004
2024-09-20 14:57:38.247000,431.29572379448007,105
2024-09-20 14:57:38.253000,431.2885470568969,998
2024-09-20 14:57:38.313000,431.2866806886967,14
2024-09-20 14:57:38.336000,431.25699470087073,14
2024-09-20 14:57:38.339000,431.2760720935866,10
2024-09-20 14:57:38.357000,431.2764741799581,104
2024-09-20 14:57:38.391000,431.2778630857979,102
2024-09-20 14:57:38.483000,431.2835762346911,98
2024-09-20 14:57:38.484000,431.2916128827313,103
2024-09-20 14:57:38.543000,431.2904802983351,97
2024-09-20 14:57:38.671000,431.2760377314639,1000
2024-09-20 14:57:38.696000,431.2736731655685,1003
2024-09-20 14:57:38.819000,431.2752201456051,99
2024-09-20 14:57:38.898000,431.2681711833599,996
2024-09-20 14:57:38.923000,431.27677463936215,104
2024-09-20 14:57:39.001000,431.35907008402296,102
2024-09-20 14:57:39.028000,431.28902836438095,11
2024-09-20 14:57:39.076000,431.292839107351,97
2024-09-20 14:57:39.083000,431.3092157458447,9
2024-09-20 14:57:39.145000,431.3650799712318,13
2024-09-20 14:57:39.153000,431.3167945360465,6
2024-09-20 14:57:39.182000,431.3138387990704,998
2024-09-20 14:57:39.245000,431.33543287489823,1000
2024-09-20 14:57:39.274000,431.342950651132,104
2024-09-20 14:57:39.351000,431.32083756713575,96
2024-09-20 14:57:39.410000,431.3061297005671,1004
2024-09-20 14:57:39.516000,431.3028245752286,13
2024-09-20 14:57:39.517000,431.3547216033653,15
2024-09-20 14:57:39.518000,431.3146098815938,101
2024-09-20 14:57:39.556000,431.3420064545449,999
2024-09-20 14:57:39.605000,431.3035483419205,999
2024-09-20 14:57:39.668000,431.2793249215554,97
2024-09-20 14:57:39.673000,431.3065755903982,14
2024-09-20 14:57:39.700000,431.3294778012816,11
2024-09-20 14:57:39.816000,431.3523464726371,102
2024-09-20 14:57:39.860000,431.3517138558876,1001
2024-09-20 14:57:39.872000,431.3090947534607,96
2024-09-20 14:57:39.910000,431.3111918647711,1005
2024-09-20 14:57:39.981000,431.3519918577425,101
2024-09-20 14:57:39.981000,431.2940525130806,13
2024-09-20 14:57:40.012000,431.34876509695226,996
2024-09-20 14:57:40.041000,431.3659936070263,14
2024-09-20 14:57:40.128000,431.34049524592086,6
2024-09-20 14:57:40.511000,431.35420309208206,103
2024-09-20 14:57:40.622000,431.33665987844006,103
2024-09-20 14:57:40.873000,431.3352768072911,1005
2024-09-20 14:57:41.024000,431.30480598375743,1001
2024-09-20 14:57:41.043000,431.3001598488093,104
2024-09-20 14:57:41.117000,431.2834168048046,998
2024-09-20 14:57:41.150000,431.2972204893909,999
2024-09-20 14:57:41.223000,431.3282029490829,1004
2024-09-20 14:57:41.283000,431.36118442724586,12
2024-09-20 14:57:41.324000,431.2881379910915,7
2024-09-20 14:57:41.429000,431.2925332172291,996
2024-09-20 14:57:41.449000,431.35106457995846,996
2024-09-20 14:57:41.663000,431.31488749264105,6
2024-09-20 14:57:41.735000,431.296450948284,1002
2024-09-20 14:57:41.755000,431.28398975021526,8
2024-09-20 14:57:41.790000,431.2891997262579,12
2024-09-20 14:57:41.790000,431.3275827975064,10
2024-09-20 14:57:41.796000,431.3505725764114,98
2024-09-20 14:57:41.798000,431.33327849051847,14
2024-09-20 14:57:41.865000,431.3157865118008,97
2024-09-20 14:57:41.922000,431.3163249329394,1003
2024-09-20 14:57:41.950000,431.309257234665,104
2024-09-20 14:57:42.005000,431.1901971787016,998
2024-09-20 14:57:42.131000,431.21946012200686,97
2024-09-20 14:57:42.179000,431.2144184142284,997
2024-09-20 14:57:42.228000,431.1993881617543,98
2024-09-20 14:57:42.231000,431.2235968048134,996
2024-09-20 14:57:42.244000,431.1547371902079,10
2024-09-20 14:57:42.306000,431.2079225377461,1001
2024-09-20 14:57:42.336000,431.2047285485765,8
2024-09-20 14:57:42.392000,431.2696902603098,15
2024-09-20 14:57:42.397000,431.2108352995597,14
2024-09-20 14:57:42.427000,431.2408033857823,96
2024-09-20 14:57:42.504000,431.2254796439003,998
2024-09-20 14:57:42.562000,431.19649095940815,102
2024-09-20 14:57:42.576000,431.2183437584764,101
2024-09-20 14:57:42.604000,431.2919288595777,10
2024-09-20 14:57:42.665000,431.2166733672174,13
2024-09-20 14:57:42.688000,431.1856872375645,11
2024-09-20 14:57:42.692000,431.2172664617588,97
2024-09-20 14:57:42.715000,431.1883580956164,101
2024-09-20 14:57:42.748000,431.21702297700375,6
2024-09-20 14:57:42.755000,431.3025287800577,5
2024-09-20 14:57:42.781000,431.1670310740896,104
2024-09-20 14:57:42.911000,431.1673279649805,1003
2024-09-20 14:57:42.935000,431.1866719746191,1001
2024-09-20 14:57:42.951000,431.2987062940459,95
2024-09-20 14:57:43.021000,431.24771120194777,6
2024-09-20 14:57:43.036000,431.295380359233,996
2024-09-20 14:57:43.072000,431.2258709089952,996
2024-09-20 14:57:43.173000,431.27603069338153,5
2024-09-20 14:57:43.276000,431.28790253862365,995
2024-09-20 14:57:43.397000,431.21694322713546,995
2024-09-20 14:57:43.452000,431.2162940568785,7
2024-09-20 14:57:43.456000,431.23551179893855,1004
2024-09-20 14:57:43.494000,431.21982824169095,7
2024-09-20 14:57:43.495000,431.3116452451988,1001
2024-09-20 14:57:43.577000,431.2792288272762,998
2024-09-20 14:57:43.588000,431.2859425935878,95
2024-09-20 14:57:43.610000,431.27944019435785,103
2024-09-20 14:57:43.663000,431.2730476661487,5
2024-09-20 14:57:43.742000,431.2229131383684,99
2024-09-20 14:57:43.765000,431.2080398821754,995
2024-09-20 14:57:43.833000,431.2155288244824,12
2024-09-20 14:57:43.885000,431.2304615524894,10
2024-09-20 14:57:43.917000,431.2331195645159,100
2024-09-20 14:57:44.031000,431.3472723511409,1003
2024-09-20 14:57:44.105000,431.34808162567305,100
2024-09-20 14:57:44.127000,431.3222210378801,6
2024-09-20 14:57:44.266000,431.3424037397856,9
2024-09-20 14:57:44.268000,431.3491221109138,96
2024-09-20 14:57:44.513000,431.3248279904034,15
2024-09-20 14:57:44.607000,431.3471334847119,99
2024-09-20 14:57:44.618000,431.35489437146975,1005
2024-09-20 14:57:44.633000,431.3266188297194,12
2024-09-20 14:57:44.703000,431.3279766131938,1001
2024-09-20 14:57:44.736000,431.3314150435765,6
2024-09-20 14:57:44.780000,431.3245952233535,95
2024-09-20 14:57:44.798000,431.3585496383941,105
2024-09-20 14:57:44.904000,431.3222389487175,96
2024-09-20 14:57:44.908000,431.3433936301788,97
2024-09-20 14:57:44.978000,431.3415119780414,1000
2024-09-20 14:57:44.988000,431.3430707663596,1003
2024-09-20 14:57:45.028000,431.32089518378814,12
2024-09-20 14:57:45.062000,431.3258567497538,15
2024-09-20 14:57:45.127000,431.3453311651711,7
2024-09-20 14:57:45.202000,431.3349863252442,5
2024-09-20 14:57:45.350000,431.3717506344709,99
2024-09-20 14:57:45.426000,431.31937595853,996
2024-09-20 14:57:45.676000,431.35809040274125,95
2024-09-20 14:57:45.754000,431.37833698536775,96
2024-09-20 14:57:45.957000,431.3597476763979,7
2024-09-20 14:57:45.961000,431.3364259056864,995
2024-09-20 14:57:46.052000,431.3670297658798,998
2024-09-20 14:57:46.068000,431.3667152077818,1002
2024-09-20 14:57:46.289000,431.35857922609546,104
2024-09-20 14:57:46.931000,431.3422239564016,99
2024-09-20 14:57:47.029000,431.4083217952842,10
2024-09-20 14:57:47.040000,431.51015039049423,12
2024-09-20 14:57:47.068000,431.4973203722107,1004
2024-09-20 14:57:47.100000,431.4423725122677,103
2024-09-20 14:57:47.112000,431.41926268531125,104
2024-09-20 14:57:47.131000,431.3788026690212,103
2024-09-20 14:57:47.173000,431.402540798074,5
2024-09-20 14:57:47.202000,431.5138757814185,14
2024-09-20 14:57:47.235000,431.4609554885889,99
2024-09-20 14:57:47.258000,431.5021337565052,100
2024-09-20 14:57:47.309000,431.51292014774106,14
2024-09-20 14:57:47.408000,431.36811187094247,97
2024-09-20 14:57:47.454000,431.49192625320296,1005
2024-09-20 14:57:47.467000,431.4461200519849,15
2024-09-20 14:57:47.523000,431.3941569962824,999
2024-09-20 14:57:47.525000,431.4440736152133,12
2024-09-20 14:57:47.560000,431.4734317827215,11
2024-09-20 14:57:47.582000,431.40458133067966,11
2024-09-20 14:57:47.613000,431.45020486277366,101
2024-09-20 14:57:47.624000,431.4555230690911,1002
2024-09-20 14:57:47.659000,431.39046197565176,99
2024-09-20 14:57:47.696000,431.37055244931673,7
2024-09-20 14:57:47.806000,431.405815525215,1002
2024-09-20 14:57:47.938000,431.3994314326068,1005
2024-09-20 14:57:48.547000,423.49370764295776,1002
2024-09-20 14:57:48.847000,431.48129655750114,13
2024-09-20 14:57:48.871000,431.4834666348032,105
2024-09-20 14:57:49.144000,431.4672271384677,103
2024-09-20 14:57:49.194000,431.4703875760456,96
2024-09-20 14:57:49.224000,431.4597394110231,14
2024-09-20 14:57:49.390000,423.5603042980999,1005
2024-09-20 14:57:49.429000,431.4693579525476,97
2024-09-20 14:57:49.449000,431.4662255428125,102
2024-09-20 14:57:49.458000,431.4704445515072,104
2024-09-20 14:57:49.458000,431.4727605323972,1004
2024-09-20 14:57:49.461000,431.4723763631696,1001
2024-09-20 14:57:49.470000,431.4676865254344,1005
2024-09-20 14:57:49.503000,431.470370114661,97
2024-09-20 14:57:49.580000,431.4687950018186,99
2024-09-20 14:57:49.582000,431.4728830652479,99
2024-09-20 14:57:49.605000,431.466915368025,101
2024-09-20 14:57:49.620000,431.4597283689381,104
2024-09-20 14:57:49.638000,431.4612352011192,9
2024-09-20 14:57:49.647000,431.4618359386,1005
2024-09-20 14:57:49.844000,431.4655359362299,6
2024-09-20 14:57:50.026000,431.43120686022576,96
2024-09-20 14:57:50.041000,431.44686786641495,95
2024-09-20 14:57:50.109000,431.44428244540086,999
2024-09-20 14:57:50.171000,431.4731051989337,12
2024-09-20 14:57:50.187000,431.45625082848574,6
2024-09-20 14:57:50.212000,431.4498511146585,1001
2024-09-20 14:57:50.267000,431.43664005795154,5
2024-09-20 14:57:50.272000,431.4451323717264,1005
2024-09-20 14:57:50.280000,431.4567881187361,999
2024-09-20 14:57:50.292000,431.4617738899088,1005
2024-09-20 14:57:50.404000,431.46006415429264,1003
2024-09-20 14:57:50.488000,431.4319197520159,1005
2024-09-20 14:57:50.531000,431.44326594047385,1005
2024-09-20 14:57:50.532000,431.4520033012154,102
2024-09-20 14:57:50.537000,431.44610961529344,7
2024-09-20 14:57:50.593000,431.4721084909026,103
2024-09-20 14:57:50.615000,431.4756959507024,7
2024-09-20 14:57:50.659000,431.45996429641167,5
2024-09-20 14:57:50.669000,431.4469542200855,102
2024-09-20 14:57:50.702000,431.45936439994,5
2024-09-20 14:57:50.798000,431.45850795098863,6
2024-09-20 14:57:50.807000,431.46100528486863,105
2024-09-20 14:57:50.860000,431.4578844904671,995
2024-09-20 14:57:50.950000,431.4790528983192,5
2024-09-20 14:57:50.957000,431.4584573186592,13
2024-09-20 14:57:52.046000,431.4154608124966,6
2024-09-20 14:57:52.053000,431.4324520416757,12
2024-09-20 14:57:52.242000,431.400272321408,10
2024-09-20 14:57:52.250000,431.4535944271246,1002
2024-09-20 14:57:52.371000,431.4127601730384,997
2024-09-20 14:57:52.453000,431.456001901242,10
2024-09-20 14:57:52.534000,431.4647245060818,1004
2024-09-20 14:57:52.536000,431.4109820432916,12
2024-09-20 14:57:52.538000,431.4512514322534,996
2024-09-20 14:57:52.575000,431.4496920544445,1001
2024-09-20 14:57:52.654000,431.4472988200598,1000
2024-09-20 14:57:52.671000,431.4571485170978,1003
2024-09-20 14:57:52.696000,431.45055016157625,8
2024-09-20 14:57:52.751000,431.4353606556979,998
2024-09-20 14:57:52.809000,431.4391718792156,13
2024-09-20 14:57:52.833000,431.4557860887512,1002
2024-09-20 14:57:52.876000,431.43712082550206,1002
2024-09-20 14:57:52.958000,431.45404291784416,10
2024-09-20 14:57:53.059000,431.45475581166176,7
2024-09-20 14:57:53.129000,431.4575586303943,999
2024-09-20 14:57:53.476000,431.444387867256,995
2024-09-20 14:57:53.487000,431.4543770042214,1003
2024-09-20 14:57:53.544000,431.4834147897245,1005
2024-09-20 14:57:53.576000,431.4668539840715,999
2024-09-20 14:57:53.582000,431.44894947753176,97
2024-09-20 14:57:53.623000,431.4832358289768,996
2024-09-20 14:57:53.760000,431.4805524416104,98
2024-09-20 14:57:53.772000,431.4435172445032,100
2024-09-20 14:57:53.952000,431.4574918497302,6
2024-09-20 14:57:53.975000,431.4649777155573,995
2024-09-20 14:57:54.025000,431.46802510111945,100
2024-09-20 14:57:54.182000,431.4662153314738,1003
2024-09-20 14:57:54.304000,431.4715453823128,97
2024-09-20 14:57:54.431000,431.4639658164406,15
2024-09-20 14:57:54.559000,431.4424573207373,11
2024-09-20 14:57:54.719000,431.44826949198807,95
2024-09-20 14:57:54.777000,431.4682998148398,105
2024-09-20 14:57:54.788000,431.468482609537,1001
2024-09-20 14:57:54.954000,431.4629167616173,8
2024-09-20 14:57:56.010000,431.4649727767919,1001
2024-09-20 14:57:56.032000,431.4340315845407,1003
2024-09-20 14:57:56.134000,431.50112477581087,96
2024-09-20 14:57:56.175000,431.4852632839266,101
2024-09-20 14:57:56.246000,431.4478333954714,12
2024-09-20 14:57:56.263000,431.4343202705169,12
2024-09-20 14:57:56.265000,431.4487957161484,9
2024-09-20 14:57:56.299000,431.4478039411964,14
2024-09-20 14:57:56.318000,431.4497354765443,13
2024-09-20 14:57:56.400000,431.453695709936,97
2024-09-20 14:57:56.413000,431.48341354606697,1005
2024-09-20 14:57:56.494000,431.4194248554216,101
2024-09-20 14:57:56.497000,431.4518465088586,100
2024-09-20 14:57:56.532000,431.451608607578,99
2024-09-20 14:57:56.546000,431.4458257032333,102
2024-09-20 14:57:56.575000,431.44355435094513,9
2024-09-20 14:57:56.599000,431.4575678196051,14
2024-09-20 14:57:56.618000,431.5142855929001,1004
2024-09-20 14:57:56.618000,431.470376663377,96
2024-09-20 14:57:56.636000,431.5129044880384,1003
2024-09-20 14:57:56.637000,431.4383581525761,998
2024-09-20 14:57:56.669000,431.449999472224,95
2024-09-20 14:57:56.673000,431.4513778549096,5
2024-09-20 14:57:56.770000,431.4809907648681,999
2024-09-20 14:57:56.857000,431.4424297600208,96
2024-09-20 14:57:56.864000,423.57119846355386,1002
2024-09-20 14:57:56.941000,431.4506075564689,1004
2024-09-20 14:57:56.941000,431.4632641878203,98
2024-09-20 14:57:56.988000,431.45958430268735,999
2024-09-20 14:57:57.080000,431.522374439044,11
2024-09-20 14:57:57.101000,431.49788998869104,1005
2024-09-20 14:57:57.122000,431.5243184601642,9
2024-09-20 14:57:57.146000,431.5275086479682,7
2024-09-20 14:57:57.148000,431.5311641641856,5
2024-09-20 14:57:57.153000,431.4957639787843,12
2024-09-20 14:57:57.185000,431.5297123744836,995
2024-09-20 14:57:57.226000,431.54026804263566,105
2024-09-20 14:57:57.292000,431.5575046762398,7
2024-09-20 14:57:57.358000,431.5605697519222,13
2024-09-20 14:57:57.460000,431.5347722311295,13
2024-09-20 14:57:57.630000,431.5081952979689,98
2024-09-20 14:57:57.665000,431.52502290751175,15
2024-09-20 14:57:57.733000,431.5997529897192,104
2024-09-20 14:57:57.744000,431.5425219703905,12
2024-09-20 14:57:57.779000,431.5213595532758,12
2024-09-20 14:57:57.833000,431.5863986898409,1004
2024-09-20 14:57:57.856000,431.5278258040507,1001
2024-09-20 14:57:57.878000,431.5836751105167,101
2024-09-20 14:57:57.924000,431.49863669551706,100
2024-09-20 14:57:58.001000,431.4269123159602,997
2024-09-20 14:57:58.020000,431.4872684271928,995
2024-09-20 14:57:58.023000,431.4354012935683,6
2024-09-20 14:57:58.030000,431.4502680227976,104
2024-09-20 14:57:58.033000,431.4357048688666,96
2024-09-20 14:57:58.034000,431.41034959126137,100
2024-09-20 14:57:58.047000,431.4307832551968,995
2024-09-20 14:57:58.098000,431.4325397823313,105
2024-09-20 14:57:58.111000,431.4301904349093,97
2024-09-20 14:57:58.126000,431.46383812855686,96
2024-09-20 14:57:58.146000,431.4301148652156,5
2024-09-20 14:57:58.342000,431.4235727632701,1005
2024-09-20 14:57:58.369000,431.4257439228391,14
2024-09-20 14:57:58.441000,431.44202719048417,103
2024-09-20 14:57:58.533000,431.42314176412657,15
2024-09-20 14:57:58.585000,431.4917061629624,99
2024-09-20 14:57:58.620000,431.4445008700037,95
2024-09-20 14:57:58.664000,431.4042366124183,8
2024-09-20 14:57:58.682000,431.4028129207736,13
2024-09-20 14:57:58.769000,431.43123253515705,1002
2024-09-20 14:57:58.887000,431.4372306629946,7
2024-09-20 14:57:58.897000,431.4184897111133,102
2024-09-20 14:57:58.900000,431.4516760703286,9
2024-09-20 14:57:58.907000,431.4283011253083,13
2024-09-20 14:57:58.951000,431.42559682582646,97
2024-09-20 14:57:59.094000,431.417851817386,102
2024-09-20 14:57:59.109000,431.44263274535865,14
2024-09-20 14:57:59.163000,431.41458738153136,11
2024-09-20 14:57:59.210000,431.43733611745824,997
2024-09-20 14:57:59.249000,431.41822856566654,104
2024-09-20 14:57:59.250000,431.4197361407575,95
2024-09-20 14:57:59.294000,431.42168903147694,1002
2024-09-20 14:57:59.315000,431.4468269315849,96
2024-09-20 14:57:59.356000,431.43363703208246,1000
2024-09-20 14:57:59.439000,431.4115441503682,9
2024-09-20 14:57:59.528000,431.44695648330304,12
2024-09-20 14:57:59.593000,431.4146607810721,996
2024-09-20 14:57:59.626000,431.4111520462695,5
2024-09-20 14:57:59.725000,431.41738804460994,1000
2024-09-20 14:57:59.899000,431.4132443895901,12
2024-09-20 14:57:59.918000,431.4042884565342,103
2024-09-20 14:57:59.923000,431.41239244504254,104
