Timestamp,Price,Size
2024-09-16 11:27:00.060000,417.36808988351913,99
2024-09-16 11:27:00.086000,417.3765257242496,8
2024-09-16 11:27:00.266000,417.3795565685281,103
2024-09-16 11:27:00.349000,417.3821501438223,100
2024-09-16 11:27:00.365000,417.3525451493743,6
2024-09-16 11:27:00.392000,417.3622634490117,97
2024-09-16 11:27:00.477000,417.3583872854298,102
2024-09-16 11:27:00.497000,417.3907081282645,95
2024-09-16 11:27:00.594000,417.3887142472121,1003
2024-09-16 11:27:00.665000,417.3751591637971,1002
2024-09-16 11:27:00.708000,417.3999677899556,101
2024-09-16 11:27:00.720000,417.3913347337002,99
2024-09-16 11:27:00.725000,417.3739142712767,7
2024-09-16 11:27:00.844000,417.38608394152783,97
2024-09-16 11:27:00.918000,417.4010421869633,10
2024-09-16 11:27:01.036000,417.385299915703,99
2024-09-16 11:27:01.057000,417.37916616152495,996
2024-09-16 11:27:01.063000,417.3944935823464,101
2024-09-16 11:27:01.078000,417.3814321637464,999
2024-09-16 11:27:01.153000,417.3780721642675,97
2024-09-16 11:27:01.158000,417.3632702930309,1002
2024-09-16 11:27:01.250000,417.37998510327486,11
2024-09-16 11:27:01.421000,417.38039676301776,995
2024-09-16 11:27:01.506000,417.4063454321769,1003
2024-09-16 11:27:01.512000,417.3884624525813,1003
2024-09-16 11:27:01.520000,417.3950279210607,105
2024-09-16 11:27:01.595000,417.3769406181683,7
2024-09-16 11:27:01.731000,417.3866120849099,102
2024-09-16 11:27:01.763000,417.3910111475878,102
2024-09-16 11:27:01.821000,417.3969852359264,1001
2024-09-16 11:27:01.842000,417.3833386728075,10
2024-09-16 11:27:01.864000,417.39060807713264,995
2024-09-16 11:27:01.916000,417.3619466927325,104
2024-09-16 11:27:01.922000,417.3693720372305,995
2024-09-16 11:27:01.959000,417.3685941956919,998
2024-09-16 11:27:02.552000,417.3602264699308,100
2024-09-16 11:27:02.560000,417.3630090644468,9
2024-09-16 11:27:05.018000,417.3810274536261,14
2024-09-16 11:27:05.055000,417.39322421992347,6
2024-09-16 11:27:05.091000,417.401032712215,13
2024-09-16 11:27:05.195000,417.3757053850172,100
2024-09-16 11:27:05.219000,417.41175678846827,1004
2024-09-16 11:27:05.424000,417.3928861624886,996
2024-09-16 11:27:05.485000,417.3801419069064,105
2024-09-16 11:27:05.539000,417.4044941718103,995
2024-09-16 11:27:05.554000,417.3923365951609,8
2024-09-16 11:27:05.569000,417.39658801574575,95
2024-09-16 11:27:05.573000,417.3764014557272,1001
2024-09-16 11:27:05.702000,417.3949146158147,10
2024-09-16 11:27:05.767000,417.37554780483714,13
2024-09-16 11:27:05.792000,417.3858040531893,10
2024-09-16 11:27:06.014000,417.40906334836166,98
2024-09-16 11:27:06.018000,417.4129746651217,104
2024-09-16 11:27:06.274000,417.4037249212582,11
2024-09-16 11:27:06.345000,417.4046443632999,11
2024-09-16 11:27:06.379000,417.401168304476,7
2024-09-16 11:27:06.778000,417.40282926430353,13
2024-09-16 11:27:06.850000,417.3968349756696,1002
2024-09-16 11:27:06.965000,417.39914619804097,6
2024-09-16 11:27:06.995000,417.4077202877873,13
2024-09-16 11:27:06.998000,417.394809225596,97
2024-09-16 11:27:07.010000,417.3781913803488,998
2024-09-16 11:27:07.178000,417.3371224358072,103
2024-09-16 11:27:07.241000,417.33642435688586,995
2024-09-16 11:27:07.257000,417.3270931938303,1005
2024-09-16 11:27:07.317000,417.3416939302163,97
2024-09-16 11:27:07.351000,417.3424196895865,1000
2024-09-16 11:27:07.570000,417.3339667838677,99
2024-09-16 11:27:07.741000,417.3597733028277,12
2024-09-16 11:27:07.746000,417.33921060551967,103
2024-09-16 11:27:07.839000,417.343537064328,11
2024-09-16 11:27:07.843000,417.31566257122535,11
2024-09-16 11:27:07.878000,417.28569312950646,5
2024-09-16 11:27:07.942000,417.3041875342801,96
2024-09-16 11:27:07.959000,417.3489727354465,996
2024-09-16 11:27:07.996000,417.3065632523909,10
2024-09-16 11:27:08.014000,417.2606416865016,12
2024-09-16 11:27:08.022000,417.27124931162393,103
2024-09-16 11:27:08.032000,417.2695180636448,999
2024-09-16 11:27:08.048000,417.28794380635503,103
2024-09-16 11:27:08.092000,417.2739076240741,13
2024-09-16 11:27:08.210000,417.2903317227264,9
2024-09-16 11:27:08.261000,417.2752721176556,12
2024-09-16 11:27:08.280000,417.3170925657924,12
2024-09-16 11:27:08.284000,417.28545102108086,99
2024-09-16 11:27:08.298000,417.3098548397709,95
2024-09-16 11:27:08.315000,417.2678012782172,997
2024-09-16 11:27:08.475000,417.2919298743847,8
2024-09-16 11:27:08.509000,417.3073915127346,7
2024-09-16 11:27:08.525000,417.272954877692,15
2024-09-16 11:27:08.563000,417.267680826448,98
2024-09-16 11:27:08.566000,417.3111471057093,12
2024-09-16 11:27:08.590000,417.2665161546363,13
2024-09-16 11:27:08.602000,417.3063562224056,10
2024-09-16 11:27:08.628000,417.2938186913137,1001
2024-09-16 11:27:08.651000,417.3329938256692,14
2024-09-16 11:27:08.672000,417.27597981032767,95
2024-09-16 11:27:08.680000,417.2991113398223,98
2024-09-16 11:27:08.794000,417.3234498430904,103
2024-09-16 11:27:09.011000,417.3853526601597,5
2024-09-16 11:27:09.063000,417.3446320617133,102
2024-09-16 11:27:09.064000,417.3005775773764,14
2024-09-16 11:27:09.076000,417.36333391489416,995
2024-09-16 11:27:09.084000,417.3503958608308,995
2024-09-16 11:27:09.201000,417.3087698097409,1003
2024-09-16 11:27:09.204000,417.34030782531465,999
2024-09-16 11:27:09.216000,417.3442975345953,1003
2024-09-16 11:27:09.236000,417.3115758264364,5
2024-09-16 11:27:09.264000,417.33026614726265,97
2024-09-16 11:27:09.276000,417.3549111250907,1000
2024-09-16 11:27:09.300000,417.3092438702343,100
2024-09-16 11:27:09.348000,417.33322846268896,96
2024-09-16 11:27:09.396000,417.3458669232231,98
2024-09-16 11:27:09.432000,417.33327167839735,99
2024-09-16 11:27:09.605000,417.3055082100102,13
2024-09-16 11:27:09.616000,417.3580483983688,101
2024-09-16 11:27:09.622000,417.3277144066393,14
2024-09-16 11:27:09.649000,417.3254190047359,98
2024-09-16 11:27:09.765000,417.3182445281605,105
2024-09-16 11:27:09.775000,417.3016614061588,1001
2024-09-16 11:27:09.851000,417.3169928236279,11
2024-09-16 11:27:09.851000,417.3240251865881,97
2024-09-16 11:27:09.908000,417.3522970879087,95
2024-09-16 11:27:09.987000,417.3416070854798,105
2024-09-16 11:27:10.098000,417.33606821436905,999
2024-09-16 11:27:10.319000,417.3742287109218,101
2024-09-16 11:27:10.399000,417.3627393088166,999
2024-09-16 11:27:10.508000,417.3413071831616,14
2024-09-16 11:27:10.676000,417.344721226316,1001
2024-09-16 11:27:10.846000,417.35360217047565,997
2024-09-16 11:27:10.852000,417.3397203163509,996
2024-09-16 11:27:11.027000,417.30771898205455,103
2024-09-16 11:27:11.045000,417.3146023069442,1001
2024-09-16 11:27:11.067000,417.2880727769032,105
2024-09-16 11:27:11.218000,417.3306152993212,102
2024-09-16 11:27:11.251000,417.331524242497,1000
2024-09-16 11:27:11.349000,417.3462430895271,1003
2024-09-16 11:27:11.378000,417.31572420158193,1001
2024-09-16 11:27:11.419000,417.32673498250097,1000
2024-09-16 11:27:11.456000,417.36017910366223,5
2024-09-16 11:27:11.574000,417.30722530105953,13
2024-09-16 11:27:11.586000,417.3157759093787,7
2024-09-16 11:27:11.758000,417.3024720242283,104
2024-09-16 11:27:11.827000,417.31765914260194,15
2024-09-16 11:27:11.848000,417.30799024645785,9
2024-09-16 11:27:11.883000,417.3254999779821,14
2024-09-16 11:27:11.935000,417.3045714392578,95
2024-09-16 11:27:11.958000,417.352664143634,95
2024-09-16 11:27:12.121000,417.1639489947133,12
2024-09-16 11:27:12.193000,417.2191562114925,102
2024-09-16 11:27:12.239000,417.2600144531927,1003
2024-09-16 11:27:12.371000,417.2870785599233,1000
2024-09-16 11:27:12.373000,417.2502302976919,1000
2024-09-16 11:27:12.378000,417.1709018080402,103
2024-09-16 11:27:12.388000,417.1696896440272,1001
2024-09-16 11:27:12.394000,417.3450952840199,104
2024-09-16 11:27:12.463000,417.1760106303445,102
2024-09-16 11:27:12.483000,417.3118494803571,97
2024-09-16 11:27:12.544000,417.3484534331177,999
2024-09-16 11:27:12.559000,417.1885410350945,7
2024-09-16 11:27:12.574000,417.1979053716662,11
2024-09-16 11:27:12.586000,417.214330741526,15
2024-09-16 11:27:12.615000,417.2159772639232,12
2024-09-16 11:27:12.663000,417.2951425394519,12
2024-09-16 11:27:12.671000,417.2618092857032,100
2024-09-16 11:27:12.684000,417.1865252863745,1003
2024-09-16 11:27:12.696000,417.26341995448473,104
2024-09-16 11:27:12.722000,417.2585834443261,8
2024-09-16 11:27:12.723000,417.1608654465506,1005
2024-09-16 11:27:12.724000,417.20120317585526,10
2024-09-16 11:27:12.782000,417.1630677391851,104
2024-09-16 11:27:12.858000,417.164278490647,104
2024-09-16 11:27:12.892000,417.3459646631601,1002
2024-09-16 11:27:12.958000,417.172365827727,999
2024-09-16 11:27:13.104000,417.1955264298175,99
2024-09-16 11:27:13.229000,417.17619617046864,7
2024-09-16 11:27:13.318000,417.1795982850388,1000
2024-09-16 11:27:13.348000,417.1909513543072,7
2024-09-16 11:27:13.423000,417.1909910045631,1001
2024-09-16 11:27:13.542000,417.1839650401057,15
2024-09-16 11:27:13.563000,417.2250469235751,105
2024-09-16 11:27:13.633000,417.2017832644444,101
2024-09-16 11:27:13.701000,417.1861954672432,15
2024-09-16 11:27:13.835000,417.1764632415917,1005
2024-09-16 11:27:13.964000,417.1932662678505,11
2024-09-16 11:27:14.027000,417.1073163310829,6
2024-09-16 11:27:14.059000,417.18180241274575,97
2024-09-16 11:27:14.113000,417.22266401628224,102
2024-09-16 11:27:14.118000,417.2138978690866,5
2024-09-16 11:27:14.142000,417.11477347375,999
2024-09-16 11:27:14.152000,417.1719329084845,7
2024-09-16 11:27:14.167000,417.1678444556832,104
2024-09-16 11:27:14.186000,417.1387821783475,99
2024-09-16 11:27:14.205000,417.1812349807898,95
2024-09-16 11:27:14.226000,417.1297225061631,995
2024-09-16 11:27:14.239000,417.213694602629,14
2024-09-16 11:27:14.454000,417.17622393471055,97
2024-09-16 11:27:14.526000,417.1244161016869,995
2024-09-16 11:27:14.547000,417.1364440336745,96
2024-09-16 11:27:14.572000,417.1126637932787,105
2024-09-16 11:27:14.650000,417.1235136891602,6
2024-09-16 11:27:14.680000,417.146634171315,97
2024-09-16 11:27:14.835000,417.1845358131509,996
2024-09-16 11:27:14.977000,417.10817879505015,5
2024-09-16 11:27:14.988000,417.1535707822413,96
2024-09-16 11:27:14.989000,417.2332824522136,10
2024-09-16 11:27:15.157000,417.1210703071678,10
2024-09-16 11:27:15.200000,417.1284527700312,15
2024-09-16 11:27:15.255000,417.1305169850253,98
2024-09-16 11:27:15.261000,417.1315862400496,95
2024-09-16 11:27:15.292000,417.1473651637068,995
2024-09-16 11:27:15.356000,417.1616190878215,98
2024-09-16 11:27:15.356000,417.1381260934044,13
2024-09-16 11:27:15.443000,417.15491792939406,96
2024-09-16 11:27:15.503000,417.1234517831359,5
2024-09-16 11:27:15.653000,417.120626951653,104
2024-09-16 11:27:15.755000,417.1309244928229,9
2024-09-16 11:27:15.897000,417.1184224853605,12
2024-09-16 11:27:15.922000,417.1102134632589,10
2024-09-16 11:27:16.092000,417.17883634906616,97
2024-09-16 11:27:16.387000,417.1734398675166,1003
2024-09-16 11:27:16.457000,417.1828944753262,105
2024-09-16 11:27:16.513000,417.18559673407617,1003
2024-09-16 11:27:16.608000,417.1846357068181,101
2024-09-16 11:27:16.671000,417.1734716458248,11
2024-09-16 11:27:16.846000,417.1853180275702,12
2024-09-16 11:27:17.273000,417.14059262815175,96
2024-09-16 11:27:17.389000,417.1781563473359,1002
2024-09-16 11:27:17.536000,417.15814707572304,997
2024-09-16 11:27:17.576000,417.1499455556034,9
2024-09-16 11:27:17.714000,417.16489923012807,997
2024-09-16 11:27:17.877000,417.1742266315183,9
2024-09-16 11:27:17.941000,417.1745123144367,12
2024-09-16 11:27:18.004000,417.08238814785176,9
2024-09-16 11:27:18.058000,417.0940402640273,102
2024-09-16 11:27:18.128000,417.1018178843832,12
2024-09-16 11:27:18.131000,417.0921376621856,103
2024-09-16 11:27:18.139000,417.1027439526525,14
2024-09-16 11:27:18.180000,417.0813501375207,102
2024-09-16 11:27:18.264000,417.1147943851408,7
2024-09-16 11:27:18.265000,417.07649395493286,999
2024-09-16 11:27:18.322000,417.1412112435458,996
2024-09-16 11:27:18.458000,417.0987581189003,96
2024-09-16 11:27:18.460000,417.1136650834499,96
2024-09-16 11:27:18.504000,417.1247018302081,999
2024-09-16 11:27:18.516000,417.0860717537693,1004
2024-09-16 11:27:18.601000,417.1241237531689,8
2024-09-16 11:27:18.618000,417.0706409876918,105
2024-09-16 11:27:18.622000,417.0818616288777,13
2024-09-16 11:27:18.744000,417.0761923025368,15
2024-09-16 11:27:18.795000,417.08375414388223,1000
2024-09-16 11:27:18.830000,417.0714263800656,1002
2024-09-16 11:27:18.844000,417.0809496738193,1003
2024-09-16 11:27:18.870000,417.0822571886339,13
2024-09-16 11:27:18.901000,417.1062487346974,9
2024-09-16 11:27:18.910000,417.0801015588948,96
2024-09-16 11:27:18.931000,417.0725851358545,15
2024-09-16 11:27:18.964000,417.08827729890623,103
2024-09-16 11:27:18.978000,417.0774017824312,100
2024-09-16 11:27:19.032000,417.08637078949147,997
2024-09-16 11:27:19.034000,417.0755100521396,998
2024-09-16 11:27:19.056000,417.1073331140906,11
2024-09-16 11:27:19.090000,417.1131206759837,996
2024-09-16 11:27:19.109000,417.1028094861165,96
2024-09-16 11:27:19.116000,417.1039470785791,98
2024-09-16 11:27:19.120000,417.0976478738072,97
2024-09-16 11:27:19.250000,417.0982919996716,1002
2024-09-16 11:27:19.263000,417.0711142900028,14
2024-09-16 11:27:19.299000,417.0914038233532,998
2024-09-16 11:27:19.323000,417.0908091691696,13
2024-09-16 11:27:19.347000,417.0953476308151,105
2024-09-16 11:27:19.380000,417.08944336426975,1001
2024-09-16 11:27:19.415000,417.09201100603,1003
2024-09-16 11:27:19.490000,417.0988588531539,8
2024-09-16 11:27:19.491000,417.0910894512775,100
2024-09-16 11:27:19.491000,417.0913491283548,999
2024-09-16 11:27:19.565000,417.0835143509453,105
2024-09-16 11:27:19.647000,417.0971977581136,7
2024-09-16 11:27:19.760000,417.094927066673,8
2024-09-16 11:27:19.778000,417.1042603526821,1002
2024-09-16 11:27:19.869000,417.0984749020576,13
2024-09-16 11:27:19.885000,417.10832133053606,95
2024-09-16 11:27:19.917000,417.09627744211934,996
2024-09-16 11:27:20.037000,417.0179592380241,8
2024-09-16 11:27:20.048000,417.0710520891494,10
2024-09-16 11:27:20.128000,417.0561855117176,98
2024-09-16 11:27:20.317000,416.9794898997271,103
2024-09-16 11:27:20.338000,417.01905297646766,997
2024-09-16 11:27:20.378000,417.0234859453735,995
2024-09-16 11:27:20.453000,416.9709440077813,101
2024-09-16 11:27:20.469000,417.0814116469213,101
2024-09-16 11:27:20.660000,417.0155240416869,15
2024-09-16 11:27:20.701000,417.0738021566462,10
2024-09-16 11:27:20.825000,416.9885425076338,102
2024-09-16 11:27:20.930000,416.9918178437121,97
2024-09-16 11:27:20.992000,417.039361058626,6
2024-09-16 11:27:21.038000,416.9958639521012,104
2024-09-16 11:27:21.073000,416.96621789342754,6
2024-09-16 11:27:21.078000,417.0050830248322,100
2024-09-16 11:27:21.168000,417.0130126372407,1004
2024-09-16 11:27:21.177000,416.9575860958332,1003
2024-09-16 11:27:21.190000,416.9869723048954,97
2024-09-16 11:27:21.201000,416.9969739140608,997
2024-09-16 11:27:21.268000,416.9642050606881,6
2024-09-16 11:27:21.363000,417.0053837094863,1003
2024-09-16 11:27:21.377000,417.0037009014398,8
2024-09-16 11:27:21.384000,416.98532075896975,7
2024-09-16 11:27:21.483000,417.0058680444068,103
2024-09-16 11:27:21.548000,417.0026666640131,10
2024-09-16 11:27:21.552000,416.97257140706506,999
2024-09-16 11:27:21.582000,416.9931563601288,98
2024-09-16 11:27:21.600000,416.9718350327966,13
2024-09-16 11:27:21.635000,416.97774829773806,1002
2024-09-16 11:27:21.752000,416.96548802584994,995
2024-09-16 11:27:21.860000,416.9673168165567,11
2024-09-16 11:27:21.865000,417.0060785361444,1003
2024-09-16 11:27:21.919000,417.0182313173967,1005
2024-09-16 11:27:21.922000,416.9643809391732,997
2024-09-16 11:27:21.959000,416.9715451885321,8
2024-09-16 11:27:21.975000,416.9911855366073,8
2024-09-16 11:27:21.978000,416.9765484692842,7
2024-09-16 11:27:22.003000,417.0053649323431,10
2024-09-16 11:27:22.008000,417.0191287780783,98
2024-09-16 11:27:22.136000,417.0093116550864,1000
2024-09-16 11:27:22.329000,417.0104183762702,1004
2024-09-16 11:27:22.423000,416.9909943612765,998
2024-09-16 11:27:22.453000,417.0026822174109,1004
2024-09-16 11:27:22.483000,417.00724142785725,999
2024-09-16 11:27:22.548000,416.9997308834776,102
2024-09-16 11:27:22.819000,417.0317790475136,1001
2024-09-16 11:27:22.821000,417.022487810951,1001
2024-09-16 11:27:22.968000,417.0005962038624,104
2024-09-16 11:27:22.989000,417.0190308253152,5
2024-09-16 11:27:23.482000,416.9645549769189,1005
2024-09-16 11:27:23.508000,416.96698364995257,9
2024-09-16 11:27:23.601000,416.9707876985431,1003
2024-09-16 11:27:23.782000,416.9746204147203,104
2024-09-16 11:27:23.832000,416.9764917631986,15
2024-09-16 11:27:23.994000,416.9807122526981,95
2024-09-16 11:27:24.370000,416.9572144069339,1004
2024-09-16 11:27:24.514000,416.9808882393284,14
2024-09-16 11:27:24.818000,416.9555883795607,97
2024-09-16 11:27:24.875000,416.9688116325752,995
2024-09-16 11:27:25.062000,416.982763202821,11
2024-09-16 11:27:25.078000,416.9942457057902,14
2024-09-16 11:27:25.108000,417.0253580039147,103
2024-09-16 11:27:25.118000,416.9973837819294,103
2024-09-16 11:27:25.303000,416.9792136766193,98
2024-09-16 11:27:25.342000,416.9932237436546,95
2024-09-16 11:27:25.384000,417.003749965205,96
2024-09-16 11:27:25.516000,417.0021262314132,104
2024-09-16 11:27:25.539000,416.9598819957275,100
2024-09-16 11:27:25.579000,417.0202086584016,5
2024-09-16 11:27:25.633000,416.9911861522922,99
2024-09-16 11:27:25.729000,417.0170337779743,97
2024-09-16 11:27:25.817000,416.9917258870343,99
2024-09-16 11:27:25.825000,416.9993769726197,999
2024-09-16 11:27:25.960000,417.0062561679017,1001
2024-09-16 11:27:26.048000,416.9933115042202,997
2024-09-16 11:27:26.070000,416.98564369808014,6
2024-09-16 11:27:26.244000,417.0028022156954,100
2024-09-16 11:27:26.266000,417.0035025257672,101
2024-09-16 11:27:26.306000,417.0154706222171,10
2024-09-16 11:27:26.331000,417.001588794666,995
2024-09-16 11:27:26.362000,416.9835157140191,102
2024-09-16 11:27:26.385000,417.0264272510216,99
2024-09-16 11:27:26.388000,416.9797788979987,98
2024-09-16 11:27:26.423000,416.9684944649312,999
2024-09-16 11:27:26.432000,416.9807376452471,101
2024-09-16 11:27:26.433000,417.00799492106165,12
2024-09-16 11:27:26.454000,417.00506291735576,1004
2024-09-16 11:27:26.468000,417.0396710606906,96
2024-09-16 11:27:26.501000,416.99538778678254,98
2024-09-16 11:27:26.501000,417.0250222379133,100
2024-09-16 11:27:26.533000,416.9879806764324,996
2024-09-16 11:27:26.559000,416.9784713836361,99
2024-09-16 11:27:26.609000,416.9815736817358,98
2024-09-16 11:27:26.615000,416.9882630139028,101
2024-09-16 11:27:26.678000,416.99508861333845,102
2024-09-16 11:27:26.778000,417.0006088572385,996
2024-09-16 11:27:26.864000,416.99554420297017,102
2024-09-16 11:27:26.924000,417.0089389926667,96
2024-09-16 11:27:26.993000,416.9876124232705,998
2024-09-16 11:27:27.002000,417.0062308874605,998
2024-09-16 11:27:27.090000,417.0217710389339,1005
2024-09-16 11:27:27.110000,417.0054512519648,103
2024-09-16 11:27:27.175000,417.0458172549322,99
2024-09-16 11:27:27.193000,417.0407171645021,100
2024-09-16 11:27:27.228000,416.9983141632226,99
2024-09-16 11:27:27.238000,417.0255965010816,1001
2024-09-16 11:27:27.247000,417.04039755488617,97
2024-09-16 11:27:27.322000,417.0221337443174,995
2024-09-16 11:27:27.354000,417.0055420051836,13
2024-09-16 11:27:27.422000,417.0452880513396,96
2024-09-16 11:27:27.484000,416.99519405876407,95
2024-09-16 11:27:27.497000,417.0044850362952,14
2024-09-16 11:27:27.586000,417.0146929540171,996
2024-09-16 11:27:27.665000,417.0117219904676,7
2024-09-16 11:27:27.718000,417.0055452149178,103
2024-09-16 11:27:27.787000,416.9888919588481,999
2024-09-16 11:27:27.821000,417.0372981028319,14
2024-09-16 11:27:27.865000,417.0340828958806,1005
2024-09-16 11:27:27.895000,416.9897134875219,1002
2024-09-16 11:27:27.904000,417.0327232379355,103
2024-09-16 11:27:27.982000,417.0270387215628,13
2024-09-16 11:27:27.985000,417.0145416339205,103
2024-09-16 11:27:27.995000,417.0074902307287,1005
2024-09-16 11:27:28.112000,417.0806744615567,95
2024-09-16 11:27:28.142000,417.1467894753804,1000
2024-09-16 11:27:28.149000,417.1807985647305,97
2024-09-16 11:27:28.192000,417.1072735350165,15
2024-09-16 11:27:28.236000,417.06313564966047,102
2024-09-16 11:27:28.243000,417.1460584284294,996
2024-09-16 11:27:28.264000,417.17494384823226,8
2024-09-16 11:27:28.281000,417.02500936734,96
2024-09-16 11:27:28.305000,417.11576727407765,997
2024-09-16 11:27:28.319000,417.1440993930173,95
2024-09-16 11:27:28.335000,417.1228655633428,1003
2024-09-16 11:27:28.387000,417.1544718952813,101
2024-09-16 11:27:28.442000,417.0653532050357,9
2024-09-16 11:27:28.478000,417.0398862220429,99
2024-09-16 11:27:28.545000,417.1911597492907,103
2024-09-16 11:27:28.551000,417.0338986665293,9
2024-09-16 11:27:28.562000,417.02833859697387,15
2024-09-16 11:27:28.625000,417.1065563946897,996
2024-09-16 11:27:28.699000,417.1900538357658,14
2024-09-16 11:27:28.729000,417.1129362637304,100
2024-09-16 11:27:28.747000,417.0129959770648,10
2024-09-16 11:27:28.792000,417.0130730578606,13
2024-09-16 11:27:28.798000,417.1539185930202,8
2024-09-16 11:27:28.899000,417.1032378315536,104
2024-09-16 11:27:28.940000,417.157387319306,104
2024-09-16 11:27:29.009000,417.20342405562855,1004
2024-09-16 11:27:29.012000,417.1646424898816,11
2024-09-16 11:27:29.047000,417.1980689446591,100
2024-09-16 11:27:29.088000,417.2183674371129,97
2024-09-16 11:27:29.150000,417.1652197268188,7
2024-09-16 11:27:29.153000,417.2090436532218,995
2024-09-16 11:27:29.441000,417.16762084887046,1005
2024-09-16 11:27:29.634000,417.1632478350986,15
2024-09-16 11:27:29.677000,417.19732484764137,1005
2024-09-16 11:27:29.751000,417.1920794468468,1001
2024-09-16 11:27:29.793000,417.15379798973856,998
2024-09-16 11:27:29.837000,417.22513402731056,98
2024-09-16 11:27:29.857000,417.1951833914744,9
2024-09-16 11:27:29.918000,417.18744456306337,9
2024-09-16 11:27:29.979000,417.2200147295548,7
2024-09-16 11:27:30.101000,417.19452801621713,103
2024-09-16 11:27:30.136000,417.2119699933945,7
2024-09-16 11:27:30.160000,417.16212863864433,995
2024-09-16 11:27:30.167000,417.1896497117142,99
2024-09-16 11:27:30.177000,417.1679489560502,98
2024-09-16 11:27:30.193000,417.16335638397095,102
2024-09-16 11:27:30.338000,417.168782340327,97
2024-09-16 11:27:30.463000,417.21958832459376,996
2024-09-16 11:27:30.467000,417.1878630127985,8
2024-09-16 11:27:30.471000,417.22736873252,14
2024-09-16 11:27:30.539000,417.1780491649994,105
2024-09-16 11:27:30.636000,417.1722364481641,103
2024-09-16 11:27:30.668000,417.21706743931,995
2024-09-16 11:27:30.686000,417.2014998262893,101
2024-09-16 11:27:30.848000,417.2486457169916,105
2024-09-16 11:27:30.862000,417.1718115063868,999
2024-09-16 11:27:30.881000,417.1712817821089,1001
2024-09-16 11:27:30.894000,417.2339419466146,13
2024-09-16 11:27:30.919000,417.18281987545134,1004
2024-09-16 11:27:30.922000,417.18513522586926,97
2024-09-16 11:27:30.940000,417.1535190693552,1003
2024-09-16 11:27:30.994000,417.1787927622544,996
2024-09-16 11:27:31.226000,417.1553052990331,103
2024-09-16 11:27:32.055000,417.1610480907645,10
2024-09-16 11:27:32.156000,417.1632583356808,15
2024-09-16 11:27:32.266000,417.1510727494024,10
2024-09-16 11:27:32.290000,417.1612905683192,1004
2024-09-16 11:27:32.304000,417.1087853430934,101
2024-09-16 11:27:32.390000,417.15121594978586,6
2024-09-16 11:27:32.522000,417.14144639641233,996
2024-09-16 11:27:32.537000,417.14908236752814,997
2024-09-16 11:27:32.579000,417.14299921155913,103
2024-09-16 11:27:32.583000,417.12697206598807,8
2024-09-16 11:27:32.641000,417.1751919959505,1003
2024-09-16 11:27:32.736000,417.1179590924449,14
2024-09-16 11:27:32.772000,417.1512760151893,95
2024-09-16 11:27:32.780000,417.160916587084,5
2024-09-16 11:27:32.786000,417.1613083497566,995
2024-09-16 11:27:32.824000,417.1255043769317,1003
2024-09-16 11:27:32.858000,417.1479025364333,999
2024-09-16 11:27:32.881000,417.14940370865287,1001
2024-09-16 11:27:32.955000,417.1318731877515,996
2024-09-16 11:27:32.976000,417.152394098151,104
2024-09-16 11:27:33.033000,417.155694958914,104
2024-09-16 11:27:33.139000,417.1549391098381,103
2024-09-16 11:27:33.178000,417.1760969218542,1001
2024-09-16 11:27:33.252000,417.15952133460354,997
2024-09-16 11:27:33.270000,417.1462315864373,1000
2024-09-16 11:27:33.406000,417.1376986982655,13
2024-09-16 11:27:33.411000,417.1520380682334,11
2024-09-16 11:27:33.441000,417.142749663272,7
2024-09-16 11:27:33.449000,417.1743652695505,98
2024-09-16 11:27:33.469000,417.1294077875619,1005
2024-09-16 11:27:33.500000,417.1337859098527,1004
2024-09-16 11:27:33.520000,417.1631980037933,100
2024-09-16 11:27:33.719000,417.1416509222145,13
2024-09-16 11:27:33.886000,417.1439848579181,6
2024-09-16 11:27:33.887000,417.1218105559285,1001
2024-09-16 11:27:33.973000,417.12084786786977,996
2024-09-16 11:27:34.002000,417.1557224461261,997
2024-09-16 11:27:34.025000,417.2011799622173,995
2024-09-16 11:27:34.073000,417.17662368358094,105
2024-09-16 11:27:34.160000,417.1595820585917,104
2024-09-16 11:27:34.175000,417.1790980000138,97
2024-09-16 11:27:34.195000,417.1602860742579,1002
2024-09-16 11:27:34.221000,417.17963650691024,9
2024-09-16 11:27:34.262000,417.1717894261471,95
2024-09-16 11:27:34.306000,417.2068874389546,96
2024-09-16 11:27:34.316000,417.1779446446867,11
2024-09-16 11:27:34.364000,417.1766332933239,15
2024-09-16 11:27:34.387000,417.1890098552467,102
2024-09-16 11:27:34.434000,417.1772978907529,997
2024-09-16 11:27:34.459000,417.1619850069003,1005
2024-09-16 11:27:34.558000,417.1766477238756,97
2024-09-16 11:27:34.574000,417.20639406261256,995
2024-09-16 11:27:34.575000,417.1934958737384,11
2024-09-16 11:27:34.601000,417.2025262036408,1000
2024-09-16 11:27:34.603000,417.1557764574686,105
2024-09-16 11:27:34.618000,417.19052873256953,103
2024-09-16 11:27:34.624000,417.1845264841122,103
2024-09-16 11:27:34.710000,417.1761102550613,9
2024-09-16 11:27:34.743000,417.1861135974159,10
2024-09-16 11:27:34.774000,417.1930099608019,10
2024-09-16 11:27:34.784000,417.2028684745769,1005
2024-09-16 11:27:34.855000,417.1606393191909,1000
2024-09-16 11:27:34.871000,417.20547777798726,101
2024-09-16 11:27:34.887000,417.1795374367568,13
2024-09-16 11:27:34.938000,417.2052973844474,103
2024-09-16 11:27:35.131000,417.161357429718,1003
2024-09-16 11:27:35.139000,417.1245515596013,96
2024-09-16 11:27:35.140000,417.11666233066,6
2024-09-16 11:27:35.149000,417.1178871868079,1005
2024-09-16 11:27:35.160000,417.1416094524424,105
2024-09-16 11:27:35.185000,417.1533251065429,7
2024-09-16 11:27:35.302000,417.139967768105,103
2024-09-16 11:27:35.430000,417.1571031487261,10
2024-09-16 11:27:35.555000,417.1333041154905,12
2024-09-16 11:27:35.641000,417.14114510728496,1001
2024-09-16 11:27:35.707000,417.1592637221483,8
2024-09-16 11:27:35.740000,417.12430629497607,996
2024-09-16 11:27:35.901000,417.1305406939392,998
2024-09-16 11:27:35.988000,417.1525339207703,998
2024-09-16 11:27:35.994000,417.1298108272211,13
2024-09-16 11:27:36,417.1760920583234,5
2024-09-16 11:27:36.016000,417.15157212152747,997
2024-09-16 11:27:36.055000,417.15567847277765,1003
2024-09-16 11:27:36.091000,417.1675363828215,105
2024-09-16 11:27:36.115000,417.15517529890445,9
2024-09-16 11:27:36.191000,417.1723253178335,1004
2024-09-16 11:27:36.210000,417.1886461311466,1004
2024-09-16 11:27:36.224000,417.1591940079017,1005
2024-09-16 11:27:36.274000,417.1732073307721,104
2024-09-16 11:27:36.312000,417.2056485360091,102
2024-09-16 11:27:36.371000,417.2284548933461,14
2024-09-16 11:27:36.439000,417.1730605379201,100
2024-09-16 11:27:36.494000,417.164089750238,102
2024-09-16 11:27:36.503000,417.1733011481575,100
2024-09-16 11:27:36.585000,417.1786090199308,103
2024-09-16 11:27:36.590000,417.1988883982037,1005
2024-09-16 11:27:36.724000,417.160006624053,11
2024-09-16 11:27:36.732000,417.1847689550806,10
2024-09-16 11:27:36.790000,417.1992489505179,12
2024-09-16 11:27:36.811000,417.1699948367293,96
2024-09-16 11:27:36.819000,417.1574474944824,7
2024-09-16 11:27:36.832000,417.21679694913735,103
2024-09-16 11:27:36.834000,417.1666013338137,10
2024-09-16 11:27:36.847000,417.160467255375,9
2024-09-16 11:27:36.857000,417.1755249276161,997
2024-09-16 11:27:36.935000,417.1858453481488,1001
2024-09-16 11:27:36.949000,417.1569403435692,1000
2024-09-16 11:27:36.996000,417.1332634762317,99
2024-09-16 11:27:37.147000,417.2617077418933,99
2024-09-16 11:27:37.339000,417.240491604058,12
2024-09-16 11:27:37.370000,417.2507931632094,998
2024-09-16 11:27:37.421000,417.25511040812376,11
2024-09-16 11:27:37.434000,417.245464800701,11
2024-09-16 11:27:37.621000,417.2308744048559,14
2024-09-16 11:27:38.101000,417.2323243003402,995
2024-09-16 11:27:38.260000,417.20316235187016,5
2024-09-16 11:27:38.306000,417.2214479634509,10
2024-09-16 11:27:38.350000,417.2388462345248,104
2024-09-16 11:27:38.419000,417.2083810495391,14
2024-09-16 11:27:38.496000,417.23540615768,999
2024-09-16 11:27:38.555000,417.1901969314482,7
2024-09-16 11:27:38.592000,417.2345507831258,13
2024-09-16 11:27:38.730000,417.2220902766996,1004
2024-09-16 11:27:38.813000,417.1894895551847,102
2024-09-16 11:27:39.073000,417.1628632677508,6
2024-09-16 11:27:39.086000,417.2139945597616,12
2024-09-16 11:27:39.113000,417.2043924947628,6
2024-09-16 11:27:39.202000,417.1752619490546,5
2024-09-16 11:27:39.240000,417.1724168007991,9
2024-09-16 11:27:39.393000,417.1497039503151,95
2024-09-16 11:27:39.415000,417.2268819117927,102
2024-09-16 11:27:39.562000,417.1697021009701,998
2024-09-16 11:27:39.602000,417.19297633258486,98
2024-09-16 11:27:39.661000,417.2000115431947,5
2024-09-16 11:27:39.717000,417.17151702798816,1001
2024-09-16 11:27:39.745000,417.1440404657895,97
2024-09-16 11:27:39.868000,417.16583247521856,13
2024-09-16 11:27:39.883000,417.21578280093047,996
2024-09-16 11:27:39.931000,417.1782152061343,995
2024-09-16 11:27:39.972000,417.1788892721629,996
2024-09-16 11:27:39.998000,417.1686454743029,95
2024-09-16 11:27:40.048000,417.1011204127477,995
2024-09-16 11:27:40.055000,417.06976478551655,100
2024-09-16 11:27:40.074000,417.1193120058315,7
2024-09-16 11:27:40.098000,417.0595583054205,98
2024-09-16 11:27:40.105000,417.1032552116093,1001
2024-09-16 11:27:40.158000,417.0988763571814,998
2024-09-16 11:27:40.176000,417.10311299392185,1001
2024-09-16 11:27:40.187000,417.092842459352,999
2024-09-16 11:27:40.205000,417.094185896986,1005
2024-09-16 11:27:40.229000,417.1075227736149,8
2024-09-16 11:27:40.233000,417.0900877181329,100
2024-09-16 11:27:40.244000,417.1127931195373,98
2024-09-16 11:27:40.413000,417.10112471263926,105
2024-09-16 11:27:40.465000,417.0818906100452,997
2024-09-16 11:27:40.471000,417.0573752300324,103
2024-09-16 11:27:40.512000,417.0831663993988,1000
2024-09-16 11:27:40.566000,417.0785484029746,10
2024-09-16 11:27:40.593000,417.1164092317041,14
2024-09-16 11:27:40.614000,417.0819301125788,98
2024-09-16 11:27:40.628000,417.08444102108143,1002
2024-09-16 11:27:40.634000,417.0964365942412,9
2024-09-16 11:27:40.672000,417.0559983298897,10
2024-09-16 11:27:40.711000,417.0720389177296,99
2024-09-16 11:27:40.713000,417.1095287290776,98
2024-09-16 11:27:40.736000,417.0840924700909,95
2024-09-16 11:27:40.780000,417.0787220328915,1003
2024-09-16 11:27:40.894000,417.0747412906223,6
2024-09-16 11:27:40.899000,417.1524325018279,97
2024-09-16 11:27:41.047000,417.06965097424415,999
2024-09-16 11:27:41.086000,417.0841634716999,999
2024-09-16 11:27:41.195000,417.078386072251,10
2024-09-16 11:27:41.411000,417.07419821565503,998
2024-09-16 11:27:41.487000,417.07897608590304,15
2024-09-16 11:27:41.487000,417.0839038767178,100
2024-09-16 11:27:41.708000,417.075736554061,1005
2024-09-16 11:27:41.712000,417.0639303722454,7
2024-09-16 11:27:41.721000,417.0792260036126,14
2024-09-16 11:27:41.893000,417.09154887765646,102
2024-09-16 11:27:41.908000,417.0716051335635,996
2024-09-16 11:27:41.995000,417.0623207851215,995
2024-09-16 11:27:41.996000,417.060442196596,14
2024-09-16 11:27:42.012000,417.121765312822,102
2024-09-16 11:27:42.022000,417.1574861931344,102
2024-09-16 11:27:42.056000,417.176733542226,99
2024-09-16 11:27:42.109000,417.0817558846495,10
2024-09-16 11:27:42.191000,417.10323498808685,998
2024-09-16 11:27:42.211000,417.1221060272972,997
2024-09-16 11:27:42.239000,417.072246793736,1004
2024-09-16 11:27:42.247000,417.1839918929583,5
2024-09-16 11:27:42.268000,417.08781101405214,995
2024-09-16 11:27:42.298000,417.126785598468,103
2024-09-16 11:27:42.298000,417.1343274516924,11
2024-09-16 11:27:42.313000,417.19375461318674,100
2024-09-16 11:27:42.346000,417.169972265988,104
2024-09-16 11:27:42.386000,417.1571253899632,998
2024-09-16 11:27:42.439000,417.1780674044985,15
2024-09-16 11:27:42.451000,417.0900654705595,5
2024-09-16 11:27:42.471000,417.0918925487883,103
2024-09-16 11:27:42.513000,417.07986401413,999
2024-09-16 11:27:42.553000,417.10458867157087,10
2024-09-16 11:27:42.713000,417.09260038073927,1002
2024-09-16 11:27:42.722000,417.0915103767072,997
2024-09-16 11:27:42.781000,417.0820097591673,101
2024-09-16 11:27:42.808000,417.0962972264389,998
2024-09-16 11:27:42.844000,417.1003585624247,1003
2024-09-16 11:27:42.860000,417.1134370814896,97
2024-09-16 11:27:42.866000,417.1848695061117,95
2024-09-16 11:27:42.887000,417.1626099080787,6
2024-09-16 11:27:42.913000,417.1091955216887,7
2024-09-16 11:27:42.973000,417.1484819923486,13
2024-09-16 11:27:43.048000,417.1361679606926,1004
2024-09-16 11:27:43.064000,417.1557847195202,7
2024-09-16 11:27:43.086000,417.1404386296125,1004
2024-09-16 11:27:43.088000,417.1407212481739,999
2024-09-16 11:27:43.112000,417.1314932757915,7
2024-09-16 11:27:43.354000,417.1372574728898,7
2024-09-16 11:27:43.436000,417.1553172004876,96
2024-09-16 11:27:43.458000,417.1717771105223,8
2024-09-16 11:27:43.618000,417.13497761692287,96
2024-09-16 11:27:43.619000,417.14937171229656,995
2024-09-16 11:27:43.771000,417.1261762658637,15
2024-09-16 11:27:43.783000,417.12670122720033,104
2024-09-16 11:27:43.809000,417.12710299076434,999
2024-09-16 11:27:43.845000,417.1270764084666,1000
2024-09-16 11:27:43.867000,417.14229672990433,13
2024-09-16 11:27:43.869000,417.1291607866374,97
2024-09-16 11:27:43.905000,417.1342826867392,99
2024-09-16 11:27:44.030000,417.1737442456103,1005
2024-09-16 11:27:44.475000,417.1527043978373,10
2024-09-16 11:27:44.631000,417.13095718423335,1004
2024-09-16 11:27:44.678000,417.164305853368,1003
2024-09-16 11:27:44.688000,417.15452024635727,103
2024-09-16 11:27:44.728000,417.1711319515738,12
2024-09-16 11:27:44.802000,417.1676668758493,1005
2024-09-16 11:27:44.824000,417.1347076554413,97
2024-09-16 11:27:44.913000,417.1685597369699,102
2024-09-16 11:27:44.923000,417.1534888376028,1000
2024-09-16 11:27:44.953000,417.1513932933569,1004
2024-09-16 11:27:45.150000,417.1442282989342,105
2024-09-16 11:27:45.310000,417.1312467841713,996
2024-09-16 11:27:45.318000,417.12645917433287,101
2024-09-16 11:27:45.362000,417.1448232523417,102
2024-09-16 11:27:45.385000,417.125125282754,103
2024-09-16 11:27:45.673000,417.13523979932046,5
2024-09-16 11:27:45.799000,417.12022448073526,8
2024-09-16 11:27:45.859000,417.14802808904574,102
2024-09-16 11:27:45.871000,417.13602931877193,96
2024-09-16 11:27:45.882000,417.10983124947046,1003
2024-09-16 11:27:46.139000,417.0991134694192,98
2024-09-16 11:27:46.165000,417.1053692998857,99
2024-09-16 11:27:46.188000,417.0728035482067,998
2024-09-16 11:27:46.298000,417.0936226419626,96
2024-09-16 11:27:46.306000,417.1098577389244,99
2024-09-16 11:27:46.422000,417.051212481831,95
2024-09-16 11:27:46.527000,417.09600682873554,10
2024-09-16 11:27:46.550000,417.0717191426479,11
2024-09-16 11:27:46.634000,417.0934657660108,5
2024-09-16 11:27:46.656000,417.0690753295728,1000
2024-09-16 11:27:46.721000,417.0572950622591,101
2024-09-16 11:27:46.754000,417.068808895657,1005
2024-09-16 11:27:46.812000,417.06547301096657,14
2024-09-16 11:27:46.818000,417.07097751603584,996
2024-09-16 11:27:46.826000,417.0861859419907,9
2024-09-16 11:27:46.900000,417.0939773426014,996
2024-09-16 11:27:46.905000,417.0790461100971,998
2024-09-16 11:27:46.949000,417.1044370932071,102
2024-09-16 11:27:46.960000,417.0835169063351,1004
2024-09-16 11:27:46.997000,417.075345040093,997
2024-09-16 11:27:47.081000,417.0768514144741,996
2024-09-16 11:27:47.091000,417.0627390787928,95
2024-09-16 11:27:47.127000,417.10783281566,100
2024-09-16 11:27:47.220000,417.1124181143636,95
2024-09-16 11:27:47.221000,417.09539405598406,8
2024-09-16 11:27:47.222000,417.1084827417013,1002
2024-09-16 11:27:47.284000,417.07207523245927,9
2024-09-16 11:27:47.284000,417.1062590750764,13
2024-09-16 11:27:47.314000,417.0640100518368,5
2024-09-16 11:27:47.352000,417.077316405448,105
2024-09-16 11:27:47.357000,417.05233438821847,98
2024-09-16 11:27:47.361000,417.0818046895626,1001
2024-09-16 11:27:47.382000,417.0799590956554,7
2024-09-16 11:27:47.407000,417.08958398432645,996
2024-09-16 11:27:47.433000,417.0661511246001,1005
2024-09-16 11:27:47.448000,417.1007473023441,997
2024-09-16 11:27:47.595000,417.06882070232245,102
2024-09-16 11:27:47.625000,417.08610065785854,105
2024-09-16 11:27:47.628000,417.0970905722416,999
2024-09-16 11:27:47.647000,417.0740302726029,10
2024-09-16 11:27:47.670000,417.1088521651727,10
2024-09-16 11:27:47.711000,417.107820889339,9
2024-09-16 11:27:47.713000,417.0766518536757,104
2024-09-16 11:27:47.829000,417.1134805541631,102
2024-09-16 11:27:47.830000,417.11723664083104,1005
2024-09-16 11:27:47.871000,417.1172010279956,95
2024-09-16 11:27:47.890000,417.08724450947216,6
2024-09-16 11:27:47.899000,417.0521090556118,5
2024-09-16 11:27:47.908000,417.0617386801768,997
2024-09-16 11:27:48.009000,417.1939651863793,13
2024-09-16 11:27:48.177000,417.1990667425256,995
2024-09-16 11:27:48.234000,417.1947128072374,1000
2024-09-16 11:27:48.336000,417.13735999037806,6
2024-09-16 11:27:48.338000,417.194308965316,98
2024-09-16 11:27:48.440000,417.1178525496237,101
2024-09-16 11:27:48.464000,417.1000925028442,98
2024-09-16 11:27:48.501000,417.1347861431289,1001
2024-09-16 11:27:48.502000,417.139700389958,8
2024-09-16 11:27:48.608000,417.185215512356,1001
2024-09-16 11:27:48.646000,417.1709360086688,1003
2024-09-16 11:27:48.691000,417.1102010236492,96
2024-09-16 11:27:48.711000,417.2017038055226,97
2024-09-16 11:27:48.767000,417.122137649165,96
2024-09-16 11:27:48.777000,417.2001935877401,9
2024-09-16 11:27:48.789000,417.11025606511714,1002
2024-09-16 11:27:48.839000,417.2125935529771,8
2024-09-16 11:27:48.887000,417.1115523180353,99
2024-09-16 11:27:48.901000,417.1179408040876,15
2024-09-16 11:27:48.984000,417.1548551102958,100
2024-09-16 11:27:49.013000,417.24051667983656,104
2024-09-16 11:27:49.056000,417.2149606379459,96
2024-09-16 11:27:49.095000,417.2301992376003,998
2024-09-16 11:27:49.104000,417.2002707432204,7
2024-09-16 11:27:49.186000,417.2026618643984,101
2024-09-16 11:27:49.228000,417.1914699665914,101
2024-09-16 11:27:49.274000,417.1776252875786,1004
2024-09-16 11:27:49.305000,417.1815832401428,102
2024-09-16 11:27:49.352000,417.1930788040474,101
2024-09-16 11:27:49.527000,417.2374175404894,11
2024-09-16 11:27:49.562000,417.20132687668064,13
2024-09-16 11:27:49.614000,417.1920040094868,5
2024-09-16 11:27:49.616000,417.1801489794557,1001
2024-09-16 11:27:49.705000,417.2261239256853,97
2024-09-16 11:27:49.906000,417.2239288679694,101
2024-09-16 11:27:50.037000,417.2242792585921,1002
2024-09-16 11:27:50.056000,417.27479563529965,97
2024-09-16 11:27:50.067000,417.22389770779375,96
2024-09-16 11:27:50.097000,417.2230719302975,105
2024-09-16 11:27:50.189000,417.21958254334345,9
2024-09-16 11:27:50.231000,417.2652661454992,1005
2024-09-16 11:27:50.239000,417.2139568538724,12
2024-09-16 11:27:50.243000,417.2246444086039,11
2024-09-16 11:27:50.279000,417.25854851415176,104
2024-09-16 11:27:50.321000,417.2585619715253,7
2024-09-16 11:27:50.356000,417.28196222617385,6
2024-09-16 11:27:50.494000,417.28114700165065,12
2024-09-16 11:27:50.520000,417.2611321156635,6
2024-09-16 11:27:50.521000,417.2639775246932,13
2024-09-16 11:27:50.591000,417.2753702260136,998
2024-09-16 11:27:50.635000,417.2068532741557,1000
2024-09-16 11:27:50.705000,417.2247891485287,103
2024-09-16 11:27:50.800000,417.2526378945128,10
2024-09-16 11:27:50.822000,417.2634549921034,14
2024-09-16 11:27:50.834000,417.2297999215717,12
2024-09-16 11:27:50.936000,417.2608766276646,7
2024-09-16 11:27:50.983000,417.2114838718166,96
2024-09-16 11:27:51.001000,417.2427547619456,999
2024-09-16 11:27:51.022000,417.229236476422,99
2024-09-16 11:27:51.028000,417.2028678891364,13
2024-09-16 11:27:51.148000,417.2052226721046,96
2024-09-16 11:27:51.200000,417.2298087942784,1005
2024-09-16 11:27:51.342000,417.2120222791968,6
2024-09-16 11:27:51.455000,417.2312408399525,1000
2024-09-16 11:27:51.652000,417.21554697187287,5
2024-09-16 11:27:51.726000,417.2479550911376,102
2024-09-16 11:27:51.851000,417.2323288099046,99
2024-09-16 11:27:51.861000,417.25170869529927,98
2024-09-16 11:27:51.942000,417.2215663177988,10
2024-09-16 11:27:51.947000,417.2308828701504,103
2024-09-16 11:27:51.949000,417.2468994844106,11
2024-09-16 11:27:51.991000,417.2044408261913,999
2024-09-16 11:27:52.008000,417.2049861792034,997
2024-09-16 11:27:52.030000,417.2117420366104,996
2024-09-16 11:27:52.244000,417.2633302706333,995
2024-09-16 11:27:52.407000,417.2708156091341,999
2024-09-16 11:27:52.581000,417.20181181214167,102
2024-09-16 11:27:52.588000,417.23669149041433,995
2024-09-16 11:27:52.644000,417.227440844781,103
2024-09-16 11:27:53.061000,417.2987603503012,9
2024-09-16 11:27:53.122000,417.29031604883806,7
2024-09-16 11:27:53.141000,417.3004227766682,1002
2024-09-16 11:27:53.235000,417.3188548197327,8
2024-09-16 11:27:53.314000,417.3256734365034,97
2024-09-16 11:27:53.419000,417.3076779660271,99
2024-09-16 11:27:53.420000,417.3083794298044,102
2024-09-16 11:27:53.493000,417.28898461628,97
2024-09-16 11:27:53.525000,417.32221443245135,95
2024-09-16 11:27:53.554000,417.3081667087859,1000
2024-09-16 11:27:53.568000,417.32086817628056,102
2024-09-16 11:27:53.591000,417.288855752143,1000
2024-09-16 11:27:53.663000,417.3161867259429,15
2024-09-16 11:27:53.720000,417.3021577233311,1002
2024-09-16 11:27:53.760000,417.3163422535604,15
2024-09-16 11:27:53.816000,417.3089289609284,103
2024-09-16 11:27:53.860000,417.31821743834,96
2024-09-16 11:27:53.918000,417.2714941706778,10
2024-09-16 11:27:54.019000,417.3263274825829,99
2024-09-16 11:27:54.026000,417.2927870695536,105
2024-09-16 11:27:54.061000,417.32040424912685,1002
2024-09-16 11:27:54.098000,417.32826647928,15
2024-09-16 11:27:54.112000,417.3328352088888,11
2024-09-16 11:27:54.192000,417.3058977418893,104
2024-09-16 11:27:54.198000,417.33337073206087,14
2024-09-16 11:27:54.251000,417.3055967887088,95
2024-09-16 11:27:54.329000,417.33580817115165,96
2024-09-16 11:27:54.330000,417.3471455087641,1001
2024-09-16 11:27:54.399000,417.3354249333704,13
2024-09-16 11:27:54.439000,417.3105778831631,996
2024-09-16 11:27:54.643000,417.3218475234573,13
2024-09-16 11:27:54.645000,417.3051960293498,99
2024-09-16 11:27:54.728000,417.29386769040286,1000
2024-09-16 11:27:54.800000,417.3417585948646,999
2024-09-16 11:27:54.818000,417.3124153257235,997
2024-09-16 11:27:54.909000,417.2982414123536,101
2024-09-16 11:27:54.945000,417.30324782352346,8
2024-09-16 11:27:55.063000,417.3279921747691,7
2024-09-16 11:27:55.094000,417.3204972338565,1004
2024-09-16 11:27:55.112000,417.324838385024,12
2024-09-16 11:27:55.263000,417.3163603937752,95
2024-09-16 11:27:55.322000,417.3518232758701,13
2024-09-16 11:27:55.466000,417.3171161347752,1000
2024-09-16 11:27:55.563000,417.3058716300412,1001
2024-09-16 11:27:55.688000,417.34463475571454,100
2024-09-16 11:27:55.722000,417.3124816656253,999
2024-09-16 11:27:55.750000,417.3529600879957,1004
2024-09-16 11:27:55.841000,417.3373912994736,104
2024-09-16 11:27:55.898000,417.3258266921729,10
2024-09-16 11:27:55.955000,417.32118129459474,100
2024-09-16 11:27:55.995000,417.3286389054704,7
2024-09-16 11:27:56.084000,417.3328490643032,99
2024-09-16 11:27:56.194000,417.3581772405621,15
2024-09-16 11:27:56.212000,417.3343852938535,95
2024-09-16 11:27:56.224000,417.3162394841685,9
2024-09-16 11:27:56.283000,417.3383923990139,6
2024-09-16 11:27:56.608000,417.3512333467762,1003
2024-09-16 11:27:56.625000,417.3071226261743,99
2024-09-16 11:27:56.928000,417.3405406467743,6
2024-09-16 11:27:57.036000,417.35627057066864,98
2024-09-16 11:27:57.039000,417.3252233477188,103
2024-09-16 11:27:57.110000,417.3016402442782,98
2024-09-16 11:27:57.157000,417.3077112957237,98
2024-09-16 11:27:57.192000,417.311538323564,8
2024-09-16 11:27:57.204000,417.3158771428577,6
2024-09-16 11:27:57.207000,417.31072926242905,995
2024-09-16 11:27:57.239000,417.3565040609687,99
2024-09-16 11:27:57.287000,417.3037246152648,14
2024-09-16 11:27:57.300000,417.3057497611212,995
2024-09-16 11:27:57.312000,417.3365218738159,1003
2024-09-16 11:27:57.380000,417.336915179846,11
2024-09-16 11:27:57.543000,417.3989439172348,6
2024-09-16 11:27:57.638000,417.3526263266052,98
2024-09-16 11:27:57.641000,417.3728978132326,1003
2024-09-16 11:27:57.831000,417.331196598096,1004
2024-09-16 11:27:57.972000,417.3662658121338,1004
2024-09-16 11:27:57.999000,417.36329279647,8
2024-09-16 11:27:58.453000,417.360444429948,9
2024-09-16 11:27:58.456000,417.3582891146512,13
2024-09-16 11:27:58.552000,417.3466808668592,995
2024-09-16 11:27:58.620000,417.35200813836207,1003
2024-09-16 11:27:58.656000,417.3368103912306,98
2024-09-16 11:27:58.722000,417.3439876048666,6
2024-09-16 11:27:58.850000,417.3496299730832,5
2024-09-16 11:27:58.882000,417.3538888328382,5
2024-09-16 11:27:58.901000,417.378578103886,995
2024-09-16 11:27:59.055000,417.36211432399256,104
2024-09-16 11:27:59.154000,417.38055311165954,105
2024-09-16 11:27:59.158000,417.39121457138833,11
2024-09-16 11:27:59.189000,417.3785352559473,98
2024-09-16 11:27:59.306000,417.3638197198902,97
2024-09-16 11:27:59.512000,417.3961340579076,1001
2024-09-16 11:27:59.544000,417.3880264372791,96
2024-09-16 11:27:59.553000,417.3708634132094,1005
2024-09-16 11:27:59.701000,417.3972795452683,103
2024-09-16 11:27:59.949000,417.3984610857021,7
2024-09-16 11:27:59.987000,417.38899992043264,100
