Timestamp,Price,Size
2024-09-20 14:18:00.042000,430.9874912141704,101
2024-09-20 14:18:00.137000,430.9729608470588,103
2024-09-20 14:18:00.147000,430.9900425315655,99
2024-09-20 14:18:00.217000,431.0038953710129,1004
2024-09-20 14:18:00.218000,430.94161551882337,1001
2024-09-20 14:18:00.239000,430.9608144958903,1005
2024-09-20 14:18:00.241000,430.9998751099709,103
2024-09-20 14:18:00.294000,430.9533084536064,995
2024-09-20 14:18:00.565000,431.0020714271318,13
2024-09-20 14:18:00.567000,430.9717514518503,99
2024-09-20 14:18:00.579000,430.9799017439619,1003
2024-09-20 14:18:00.608000,430.9625491844001,996
2024-09-20 14:18:00.641000,431.0131102478053,999
2024-09-20 14:18:00.671000,431.00538566560704,99
2024-09-20 14:18:00.743000,430.95332739981535,5
2024-09-20 14:18:00.800000,430.9724592446887,8
2024-09-20 14:18:00.874000,430.968489740671,8
2024-09-20 14:18:00.880000,430.9767821479648,101
2024-09-20 14:18:00.959000,430.9996600582994,13
2024-09-20 14:18:01.092000,430.9542248165402,996
2024-09-20 14:18:01.095000,431.00044123886033,103
2024-09-20 14:18:01.142000,431.0268809679674,996
2024-09-20 14:18:01.145000,430.96341398912455,12
2024-09-20 14:18:01.154000,430.9605786498336,1004
2024-09-20 14:18:01.237000,431.0181244070376,15
2024-09-20 14:18:01.278000,431.028771904218,103
2024-09-20 14:18:01.337000,430.9535120680261,1001
2024-09-20 14:18:01.529000,430.9522789670651,14
2024-09-20 14:18:01.545000,430.96265914379535,998
2024-09-20 14:18:01.546000,430.9858847789799,103
2024-09-20 14:18:01.598000,431.03052317382907,13
2024-09-20 14:18:01.601000,431.0147579830683,999
2024-09-20 14:18:01.725000,430.9696615483247,1003
2024-09-20 14:18:01.817000,431.01375066961816,5
2024-09-20 14:18:01.859000,431.021755010481,997
2024-09-20 14:18:01.869000,430.9848632397926,99
2024-09-20 14:18:02.008000,431.0069921012936,1003
2024-09-20 14:18:02.022000,431.01468382048495,13
2024-09-20 14:18:02.043000,431.0026187707624,95
2024-09-20 14:18:02.073000,430.9974498722608,104
2024-09-20 14:18:02.108000,431.0122197846914,1005
2024-09-20 14:18:02.151000,431.0283580802614,5
2024-09-20 14:18:02.161000,431.0655922900615,11
2024-09-20 14:18:02.272000,431.0042115989365,99
2024-09-20 14:18:02.285000,431.0080700652957,7
2024-09-20 14:18:02.386000,430.99868881089446,5
2024-09-20 14:18:02.393000,431.0603873562765,98
2024-09-20 14:18:02.401000,431.0210323594765,13
2024-09-20 14:18:02.415000,431.00912430206375,1005
2024-09-20 14:18:02.485000,430.9972336018674,1002
2024-09-20 14:18:02.530000,431.02590278612473,999
2024-09-20 14:18:02.582000,431.0714639626872,95
2024-09-20 14:18:02.627000,431.0282801622051,995
2024-09-20 14:18:02.636000,431.0195768126722,8
2024-09-20 14:18:02.735000,431.0509382424842,1004
2024-09-20 14:18:02.811000,431.01039528568697,95
2024-09-20 14:18:02.811000,431.0231755062004,12
2024-09-20 14:18:02.961000,430.9960952762005,98
2024-09-20 14:18:03.172000,431.0482620250354,1000
2024-09-20 14:18:03.675000,431.0541336370652,1000
2024-09-20 14:18:04.089000,431.08241556069294,104
2024-09-20 14:18:04.144000,431.0202112980725,996
2024-09-20 14:18:04.179000,431.02817147516,14
2024-09-20 14:18:04.181000,431.1055008683546,6
2024-09-20 14:18:04.233000,431.0865106053208,998
2024-09-20 14:18:04.255000,431.068374201382,8
2024-09-20 14:18:04.368000,431.0574682493879,15
2024-09-20 14:18:04.400000,431.07942760713456,1000
2024-09-20 14:18:04.401000,431.0488505717169,99
2024-09-20 14:18:04.490000,431.075791810296,1005
2024-09-20 14:18:04.513000,431.043972089788,96
2024-09-20 14:18:04.551000,431.0408312694513,8
2024-09-20 14:18:04.585000,431.0420836019072,104
2024-09-20 14:18:04.619000,431.0521763412716,102
2024-09-20 14:18:04.770000,431.0268470610293,1004
2024-09-20 14:18:04.790000,431.0440587059374,998
2024-09-20 14:18:04.805000,431.0632390142914,1003
2024-09-20 14:18:04.833000,431.1026157814356,995
2024-09-20 14:18:04.857000,431.0880559920739,95
2024-09-20 14:18:04.869000,431.0740767766744,997
2024-09-20 14:18:04.891000,431.0652105556722,996
2024-09-20 14:18:04.909000,431.0538226031131,1004
2024-09-20 14:18:04.950000,431.0318262089392,1001
2024-09-20 14:18:04.957000,431.0443076398975,996
2024-09-20 14:18:04.995000,431.0504702179759,7
2024-09-20 14:18:05,431.05263714430646,95
2024-09-20 14:18:05.077000,431.0034268681923,96
2024-09-20 14:18:05.088000,431.0355451469187,6
2024-09-20 14:18:05.218000,431.0088867874981,996
2024-09-20 14:18:05.256000,431.0396351938336,105
2024-09-20 14:18:05.284000,431.0339350590485,97
2024-09-20 14:18:05.356000,431.0031978029331,98
2024-09-20 14:18:05.371000,431.00167499106783,95
2024-09-20 14:18:05.379000,431.0125400928357,998
2024-09-20 14:18:05.442000,431.02810115108383,97
2024-09-20 14:18:05.483000,431.039229399857,998
2024-09-20 14:18:05.500000,431.0114899108312,1002
2024-09-20 14:18:05.676000,431.0149352919151,104
2024-09-20 14:18:05.692000,430.9974468124095,96
2024-09-20 14:18:05.781000,431.0273556140875,5
2024-09-20 14:18:05.891000,431.0189287332847,11
2024-09-20 14:18:06.034000,431.0291790630964,98
2024-09-20 14:18:06.084000,430.9796832067479,10
2024-09-20 14:18:06.139000,430.9693677455768,105
2024-09-20 14:18:06.142000,430.9804216160341,100
2024-09-20 14:18:06.181000,430.9830321571698,7
2024-09-20 14:18:06.253000,430.9738169655248,8
2024-09-20 14:18:06.321000,430.9665639094292,14
2024-09-20 14:18:06.453000,430.984437290356,1003
2024-09-20 14:18:06.567000,430.9785362039353,1000
2024-09-20 14:18:06.587000,430.9963500253808,1004
2024-09-20 14:18:06.721000,430.9865987733608,997
2024-09-20 14:18:06.757000,430.9710070485288,997
2024-09-20 14:18:06.760000,431.0057241042661,10
2024-09-20 14:18:06.834000,430.9765177780963,1002
2024-09-20 14:18:06.839000,430.9840431542891,7
2024-09-20 14:18:06.873000,430.9883427011864,7
2024-09-20 14:18:06.919000,430.9862708351306,996
2024-09-20 14:18:06.932000,430.9809343329264,1002
2024-09-20 14:18:07.117000,430.94341780438685,1005
2024-09-20 14:18:07.579000,430.93151694243016,8
2024-09-20 14:18:07.988000,430.9372385468049,10
2024-09-20 14:18:08.087000,430.910239103587,5
2024-09-20 14:18:08.191000,430.860119690839,100
2024-09-20 14:18:08.265000,430.9020337535141,1003
2024-09-20 14:18:08.328000,430.9179165370104,998
2024-09-20 14:18:08.335000,430.8893323231423,97
2024-09-20 14:18:08.377000,430.9181956929416,1004
2024-09-20 14:18:08.441000,430.9180736836988,1002
2024-09-20 14:18:08.456000,430.880940394971,999
2024-09-20 14:18:08.492000,430.9040010329458,1002
2024-09-20 14:18:08.514000,430.9251463697579,103
2024-09-20 14:18:08.887000,430.9241007648328,105
2024-09-20 14:18:08.889000,430.9165935205071,8
2024-09-20 14:18:08.955000,430.9217842209084,11
2024-09-20 14:18:08.983000,430.8562591510114,14
2024-09-20 14:18:09.075000,430.87390443631455,6
2024-09-20 14:18:09.148000,430.860548322062,104
2024-09-20 14:18:09.621000,430.87150209069057,13
2024-09-20 14:18:09.670000,430.87040255195046,97
2024-09-20 14:18:09.687000,430.9034034142152,10
2024-09-20 14:18:09.743000,430.8614206652554,995
2024-09-20 14:18:09.771000,430.8687194850789,12
2024-09-20 14:18:09.833000,430.8584281339144,103
2024-09-20 14:18:09.941000,430.869574345844,105
2024-09-20 14:18:09.997000,430.85992044001296,9
2024-09-20 14:18:10.346000,430.8869230924752,9
2024-09-20 14:18:10.845000,430.8920991834576,103
2024-09-20 14:18:11.001000,430.9501587913626,98
2024-09-20 14:18:11.002000,430.9536285181471,97
2024-09-20 14:18:11.030000,430.9396706539523,9
2024-09-20 14:18:11.049000,430.9594541179696,10
2024-09-20 14:18:11.081000,430.96490582591065,104
2024-09-20 14:18:11.093000,430.9255304028442,95
2024-09-20 14:18:11.101000,430.8980655519613,995
2024-09-20 14:18:11.122000,430.9660897493596,105
2024-09-20 14:18:11.139000,430.9348321437264,105
2024-09-20 14:18:11.187000,430.9497013646762,100
2024-09-20 14:18:11.200000,430.9121884212886,5
2024-09-20 14:18:11.423000,430.9606086811652,999
2024-09-20 14:18:11.483000,430.9378258253285,14
2024-09-20 14:18:11.518000,430.9244389732938,101
2024-09-20 14:18:11.518000,430.9384855817349,1003
2024-09-20 14:18:11.562000,430.9479146184989,12
2024-09-20 14:18:11.569000,430.9300266855389,998
2024-09-20 14:18:11.576000,430.95463141653215,105
2024-09-20 14:18:11.616000,430.965207001386,1003
2024-09-20 14:18:11.686000,430.9401510002427,101
2024-09-20 14:18:11.737000,430.9000322020878,105
2024-09-20 14:18:11.798000,430.9405497346976,9
2024-09-20 14:18:11.926000,430.9553305507616,101
2024-09-20 14:18:12.163000,430.9707535098556,99
2024-09-20 14:18:12.268000,430.9782852510044,12
2024-09-20 14:18:12.352000,430.981337718142,11
2024-09-20 14:18:12.539000,430.9845589992208,97
2024-09-20 14:18:12.572000,430.9919703352801,1001
2024-09-20 14:18:13.057000,430.9951727252709,995
2024-09-20 14:18:13.314000,431.01501854439823,10
2024-09-20 14:18:13.454000,431.01252809917975,1003
2024-09-20 14:18:13.675000,430.9881515052281,11
2024-09-20 14:18:13.712000,431.0007780313769,1001
2024-09-20 14:18:13.935000,430.9870020635568,100
2024-09-20 14:18:13.941000,431.0022849635873,999
2024-09-20 14:18:13.946000,431.00111411243824,10
2024-09-20 14:18:14.070000,431.0188364156949,999
2024-09-20 14:18:14.106000,431.0262161441902,6
2024-09-20 14:18:14.115000,430.939329525461,5
2024-09-20 14:18:14.124000,430.90054078693527,8
2024-09-20 14:18:14.154000,430.9804518309557,96
2024-09-20 14:18:14.184000,431.00669198282696,102
2024-09-20 14:18:14.212000,430.9894653453535,6
2024-09-20 14:18:14.227000,430.9756746691705,9
2024-09-20 14:18:14.319000,430.9767386550094,97
2024-09-20 14:18:14.454000,430.9989177360263,11
2024-09-20 14:18:14.509000,430.9283207624425,14
2024-09-20 14:18:14.514000,430.906063251675,12
2024-09-20 14:18:14.544000,431.01188593084487,995
2024-09-20 14:18:14.592000,430.97973421394505,13
2024-09-20 14:18:14.610000,430.9902458711068,999
2024-09-20 14:18:14.612000,430.9357805543444,15
2024-09-20 14:18:14.635000,430.9805720818271,998
2024-09-20 14:18:14.699000,431.0094227946576,103
2024-09-20 14:18:14.720000,430.90367360905896,99
2024-09-20 14:18:14.752000,430.97862687369263,5
2024-09-20 14:18:14.854000,431.0219185940062,1002
2024-09-20 14:18:14.878000,430.9717518461986,10
2024-09-20 14:18:14.935000,431.0067567425839,8
2024-09-20 14:18:14.949000,430.9016881219232,7
2024-09-20 14:18:14.997000,430.97043133912734,102
2024-09-20 14:18:15.024000,430.84586853382007,105
2024-09-20 14:18:15.106000,430.8830317703569,12
2024-09-20 14:18:15.108000,430.8631298526871,100
2024-09-20 14:18:15.180000,430.89342827605606,1005
2024-09-20 14:18:15.272000,430.879019910132,998
2024-09-20 14:18:15.282000,430.8527040846396,11
2024-09-20 14:18:15.285000,430.8449675512264,1000
2024-09-20 14:18:15.290000,430.82630849871566,101
2024-09-20 14:18:15.479000,430.9173167861151,995
2024-09-20 14:18:15.582000,430.8426627988759,101
2024-09-20 14:18:15.641000,430.7949697960221,998
2024-09-20 14:18:15.657000,430.8142819890334,102
2024-09-20 14:18:15.693000,430.8443041188786,1000
2024-09-20 14:18:15.737000,430.8848706342561,1001
2024-09-20 14:18:15.768000,430.8477094906148,102
2024-09-20 14:18:15.876000,430.8409842437716,1005
2024-09-20 14:18:15.894000,430.8469326000392,6
2024-09-20 14:18:16.064000,430.76160725447073,1005
2024-09-20 14:18:16.111000,430.7097573932387,12
2024-09-20 14:18:16.141000,430.7575652263049,1000
2024-09-20 14:18:16.144000,430.74801010269897,1003
2024-09-20 14:18:16.176000,430.7907163199234,996
2024-09-20 14:18:16.240000,430.7539210214167,9
2024-09-20 14:18:16.262000,430.7809921049544,997
2024-09-20 14:18:16.264000,430.7671046837439,1003
2024-09-20 14:18:16.330000,430.7781311775151,15
2024-09-20 14:18:16.362000,430.77970952329576,99
2024-09-20 14:18:16.516000,430.7592855910407,105
2024-09-20 14:18:16.563000,430.7375179972449,1005
2024-09-20 14:18:16.600000,430.72153729524615,997
2024-09-20 14:18:16.611000,430.76496788961856,995
2024-09-20 14:18:16.672000,430.7534748739087,99
2024-09-20 14:18:16.680000,430.73546745429616,97
2024-09-20 14:18:16.836000,430.72355481428207,100
2024-09-20 14:18:16.892000,430.74215617740816,8
2024-09-20 14:18:17.050000,430.7695750086477,1001
2024-09-20 14:18:17.118000,430.8327277670781,97
2024-09-20 14:18:17.276000,430.8226325576546,1001
2024-09-20 14:18:17.513000,430.828476643853,998
2024-09-20 14:18:17.663000,430.81662442227486,102
2024-09-20 14:18:17.899000,430.78816352089353,15
2024-09-20 14:18:17.943000,430.82029477580704,96
2024-09-20 14:18:18.023000,430.77356082479855,998
2024-09-20 14:18:18.082000,430.746527985071,15
2024-09-20 14:18:18.093000,430.7941840731563,999
2024-09-20 14:18:18.124000,430.803673263389,1002
2024-09-20 14:18:18.256000,430.8041315129601,96
2024-09-20 14:18:18.315000,430.7885991740864,101
2024-09-20 14:18:18.317000,430.76109952369313,100
2024-09-20 14:18:18.330000,430.7837108544724,13
2024-09-20 14:18:18.332000,430.8263529921837,6
2024-09-20 14:18:18.374000,430.79563108592185,104
2024-09-20 14:18:18.479000,430.7904847721831,101
2024-09-20 14:18:18.520000,430.7912565340312,996
2024-09-20 14:18:18.560000,430.7621460922372,95
2024-09-20 14:18:18.938000,430.80206398161096,12
2024-09-20 14:18:19.011000,430.786319517433,995
2024-09-20 14:18:19.271000,430.7901953303935,15
2024-09-20 14:18:19.327000,430.8037626088659,10
2024-09-20 14:18:19.416000,430.76991045006537,100
2024-09-20 14:18:19.508000,430.760563442771,103
2024-09-20 14:18:19.546000,430.7812344343839,9
2024-09-20 14:18:19.596000,430.79561701989456,98
2024-09-20 14:18:19.749000,430.80098468275423,7
2024-09-20 14:18:19.808000,430.7781847591671,998
2024-09-20 14:18:19.958000,430.7730894535127,1001
2024-09-20 14:18:19.967000,430.7745173446167,1004
2024-09-20 14:18:20,430.8334086868101,11
2024-09-20 14:18:20.035000,430.8304344757283,1005
2024-09-20 14:18:20.055000,430.7992685010164,102
2024-09-20 14:18:20.232000,430.81001935676,5
2024-09-20 14:18:20.248000,430.8076747473789,98
2024-09-20 14:18:20.266000,430.82839913713866,8
2024-09-20 14:18:20.303000,430.8275151778757,10
2024-09-20 14:18:20.386000,430.83499840106754,1002
2024-09-20 14:18:20.400000,430.8371578862176,96
2024-09-20 14:18:20.400000,430.80988523206486,999
2024-09-20 14:18:20.443000,430.8086063118499,1004
2024-09-20 14:18:20.451000,430.8199165314748,12
2024-09-20 14:18:20.464000,430.8386772741815,11
2024-09-20 14:18:20.546000,430.8496176387541,11
2024-09-20 14:18:20.623000,430.8324041179511,6
2024-09-20 14:18:20.704000,430.8465481630086,12
2024-09-20 14:18:20.728000,430.8039822661089,5
2024-09-20 14:18:20.739000,430.8058472392258,97
2024-09-20 14:18:20.774000,430.8069030325287,95
2024-09-20 14:18:20.827000,430.8343218472593,1003
2024-09-20 14:18:20.891000,430.7980920022328,7
2024-09-20 14:18:20.903000,430.8259331852693,996
2024-09-20 14:18:20.967000,430.8192059873418,97
2024-09-20 14:18:21.101000,430.8259895273196,95
2024-09-20 14:18:21.973000,430.8141753319237,101
2024-09-20 14:18:22.026000,430.78907895936015,1003
2024-09-20 14:18:22.063000,430.7922516876579,99
2024-09-20 14:18:22.276000,430.8022710274435,15
2024-09-20 14:18:22.422000,430.78514798424527,5
2024-09-20 14:18:22.507000,430.7868206754943,100
2024-09-20 14:18:22.547000,430.82427689523,999
2024-09-20 14:18:22.560000,430.8309207260236,5
2024-09-20 14:18:22.593000,430.8120941030842,996
2024-09-20 14:18:22.618000,430.778126500204,1000
2024-09-20 14:18:22.620000,430.7730393329384,15
2024-09-20 14:18:22.623000,430.75969637962913,1005
2024-09-20 14:18:22.652000,430.8445702042198,95
2024-09-20 14:18:22.665000,430.86612522083846,97
2024-09-20 14:18:22.689000,430.77053011306447,96
2024-09-20 14:18:22.709000,430.8290096791802,9
2024-09-20 14:18:22.737000,430.84822199657305,1004
2024-09-20 14:18:22.862000,430.7650325260264,995
2024-09-20 14:18:22.873000,430.7906704162834,95
2024-09-20 14:18:22.946000,430.82512873022415,15
2024-09-20 14:18:22.948000,430.79663246903743,1000
2024-09-20 14:18:23.023000,430.84087505498417,14
2024-09-20 14:18:23.046000,430.8534404181474,5
2024-09-20 14:18:23.101000,430.8824966505607,103
2024-09-20 14:18:23.110000,430.838246633074,9
2024-09-20 14:18:23.195000,430.848083720945,7
2024-09-20 14:18:23.230000,430.831889822119,5
2024-09-20 14:18:23.362000,430.842317259021,1004
2024-09-20 14:18:23.447000,430.8132218215204,102
2024-09-20 14:18:23.518000,430.8494772581678,12
2024-09-20 14:18:23.600000,430.8495732649101,99
2024-09-20 14:18:23.620000,430.87355136049706,6
2024-09-20 14:18:23.627000,430.8385870956295,9
2024-09-20 14:18:23.639000,430.8524293637894,9
2024-09-20 14:18:23.717000,430.8556885805296,9
2024-09-20 14:18:23.755000,430.8233550456607,104
2024-09-20 14:18:23.798000,430.8250495005587,1005
2024-09-20 14:18:23.846000,430.8239332493933,98
2024-09-20 14:18:23.853000,430.8540530327653,105
2024-09-20 14:18:23.971000,430.8330713693806,101
2024-09-20 14:18:23.992000,430.8741705219248,1000
2024-09-20 14:18:24.161000,430.76061533641536,102
2024-09-20 14:18:24.225000,430.705054513533,8
2024-09-20 14:18:24.227000,430.8396330453666,6
2024-09-20 14:18:24.313000,430.7350536328026,11
2024-09-20 14:18:24.455000,430.791188287954,13
2024-09-20 14:18:24.501000,430.7299996260328,1002
2024-09-20 14:18:24.607000,430.7181076467591,15
2024-09-20 14:18:24.639000,430.7434729329908,6
2024-09-20 14:18:24.647000,430.720480531775,12
2024-09-20 14:18:24.699000,430.8095880778784,12
2024-09-20 14:18:24.715000,430.7389220324222,97
2024-09-20 14:18:24.827000,430.7775318689159,103
2024-09-20 14:18:24.859000,430.6953532975524,6
2024-09-20 14:18:24.990000,430.7695628731637,1003
2024-09-20 14:18:25.009000,430.6406811519976,11
2024-09-20 14:18:25.030000,430.7080085822148,100
2024-09-20 14:18:25.150000,430.681647474256,102
2024-09-20 14:18:25.221000,430.72581535683577,100
2024-09-20 14:18:25.241000,430.64838932272926,15
2024-09-20 14:18:25.268000,430.7209666036458,9
2024-09-20 14:18:25.287000,430.7379047446725,15
2024-09-20 14:18:25.375000,430.7237262781313,11
2024-09-20 14:18:25.395000,430.6743163878901,5
2024-09-20 14:18:25.440000,430.7151713814805,95
2024-09-20 14:18:25.591000,430.6917064336821,1002
2024-09-20 14:18:25.616000,430.6984274022611,98
2024-09-20 14:18:25.641000,430.7293912107321,13
2024-09-20 14:18:25.645000,430.7008964258136,100
2024-09-20 14:18:25.779000,430.7019906478012,98
2024-09-20 14:18:25.836000,430.7197634167978,13
2024-09-20 14:18:25.905000,430.6591252016412,103
2024-09-20 14:18:25.925000,430.7456388921567,8
2024-09-20 14:18:25.973000,430.74313010320986,95
2024-09-20 14:18:26.020000,430.6726673000916,1004
2024-09-20 14:18:26.077000,430.64912164415983,99
2024-09-20 14:18:26.102000,430.6628623505517,1005
2024-09-20 14:18:26.136000,430.6220665136536,1002
2024-09-20 14:18:26.147000,430.6471388558776,104
2024-09-20 14:18:26.271000,430.64742686377065,101
2024-09-20 14:18:26.355000,430.67612282759467,105
2024-09-20 14:18:26.383000,430.6686311916289,1001
2024-09-20 14:18:26.407000,430.6550953472697,9
2024-09-20 14:18:26.426000,430.64196094923255,1003
2024-09-20 14:18:26.449000,430.6662281871824,1004
2024-09-20 14:18:26.601000,430.6493330944544,9
2024-09-20 14:18:26.607000,430.66019743525663,12
2024-09-20 14:18:26.671000,430.6509973952229,998
2024-09-20 14:18:26.792000,430.652841665121,102
2024-09-20 14:18:26.798000,430.6405138041866,97
2024-09-20 14:18:26.833000,430.673700918677,7
2024-09-20 14:18:26.896000,430.64532722657646,1001
2024-09-20 14:18:26.901000,430.6631603773109,5
2024-09-20 14:18:26.945000,430.6577576485458,1001
2024-09-20 14:18:27.106000,430.6409206723114,101
2024-09-20 14:18:27.109000,430.6174336071485,5
2024-09-20 14:18:27.146000,430.5791392428899,98
2024-09-20 14:18:27.194000,430.6274035164116,97
2024-09-20 14:18:27.308000,430.62148256434585,97
2024-09-20 14:18:27.379000,430.631502929628,997
2024-09-20 14:18:27.407000,430.6049021042568,7
2024-09-20 14:18:27.419000,430.62475918573153,998
2024-09-20 14:18:27.460000,430.5635464925447,6
2024-09-20 14:18:27.525000,430.6048975856546,1002
2024-09-20 14:18:27.559000,430.6254253023892,100
2024-09-20 14:18:27.583000,430.5865862648067,102
2024-09-20 14:18:27.599000,430.611879177633,103
2024-09-20 14:18:27.638000,430.5964201198743,11
2024-09-20 14:18:27.703000,430.60323446819245,97
2024-09-20 14:18:27.709000,430.5881558648611,100
2024-09-20 14:18:27.756000,430.633405292102,15
2024-09-20 14:18:27.763000,430.6279131952456,105
2024-09-20 14:18:27.786000,430.5932907537711,98
2024-09-20 14:18:27.787000,430.5973722632755,103
2024-09-20 14:18:27.895000,430.6502490011671,1000
2024-09-20 14:18:27.900000,430.56058859442174,98
2024-09-20 14:18:27.905000,430.61756562059264,103
2024-09-20 14:18:27.980000,430.6260436056597,1002
2024-09-20 14:18:28.185000,430.5641577422286,5
2024-09-20 14:18:28.383000,430.5775289249248,102
2024-09-20 14:18:28.458000,430.5494454727266,99
2024-09-20 14:18:28.530000,430.5679932656434,99
2024-09-20 14:18:28.601000,430.5572057948848,9
2024-09-20 14:18:28.742000,430.56259107312496,98
2024-09-20 14:18:28.778000,430.5729787874248,105
2024-09-20 14:18:28.955000,430.5549227157462,101
2024-09-20 14:18:28.956000,430.55378665426514,998
2024-09-20 14:18:29.047000,430.6401217127869,997
2024-09-20 14:18:29.051000,430.6592947216893,11
2024-09-20 14:18:29.100000,430.5894966346763,1005
2024-09-20 14:18:29.177000,430.6410460998346,997
2024-09-20 14:18:29.206000,430.62484483282543,10
2024-09-20 14:18:29.223000,430.60276887842,102
2024-09-20 14:18:29.382000,430.5654475097852,15
2024-09-20 14:18:29.396000,430.7244849878109,105
2024-09-20 14:18:29.425000,430.54949211259486,12
2024-09-20 14:18:29.437000,430.6922392328475,96
2024-09-20 14:18:29.457000,430.70883103541337,996
2024-09-20 14:18:29.524000,430.650845909754,5
2024-09-20 14:18:29.535000,430.6519494347221,1005
2024-09-20 14:18:29.583000,430.6588705626697,98
2024-09-20 14:18:29.669000,430.6513529895931,9
2024-09-20 14:18:29.712000,430.5432186301231,1003
2024-09-20 14:18:29.716000,430.6004259207436,99
2024-09-20 14:18:29.894000,430.6584549183406,999
2024-09-20 14:18:29.920000,430.63481498647263,10
2024-09-20 14:18:29.932000,430.74344751324656,98
2024-09-20 14:18:29.934000,430.5385551730466,5
2024-09-20 14:18:29.958000,430.6674926917396,95
2024-09-20 14:18:29.960000,430.5966000249243,97
2024-09-20 14:18:29.965000,430.6654684924574,12
2024-09-20 14:18:29.988000,430.6810843722451,97
2024-09-20 14:18:30,430.7418773844732,98
2024-09-20 14:18:30.012000,430.7522947903258,1001
2024-09-20 14:18:30.110000,430.7440493981256,97
2024-09-20 14:18:30.118000,430.73795422919335,103
2024-09-20 14:18:30.138000,430.788062935119,9
2024-09-20 14:18:30.180000,430.7267264640308,15
2024-09-20 14:18:30.275000,430.75695001494506,10
2024-09-20 14:18:30.421000,430.7504697138617,99
2024-09-20 14:18:30.506000,430.7531491758568,9
2024-09-20 14:18:30.521000,430.7875373141141,997
2024-09-20 14:18:30.554000,430.74305633594525,9
2024-09-20 14:18:30.599000,430.7622655722103,9
2024-09-20 14:18:30.633000,430.7691952368685,1001
2024-09-20 14:18:30.639000,430.7307020211706,6
2024-09-20 14:18:30.668000,430.7517769276688,102
2024-09-20 14:18:30.750000,430.7311982486592,1003
2024-09-20 14:18:30.788000,430.7581035446856,95
2024-09-20 14:18:30.791000,430.77667543664506,1003
2024-09-20 14:18:30.881000,430.732346319808,997
2024-09-20 14:18:30.980000,430.7311442753648,95
2024-09-20 14:18:31.075000,430.8461752001627,103
2024-09-20 14:18:31.103000,430.76367800323465,95
2024-09-20 14:18:31.122000,430.7846202704186,999
2024-09-20 14:18:31.236000,430.8658607345729,1002
2024-09-20 14:18:31.317000,430.80999813184417,1002
2024-09-20 14:18:31.373000,430.8033280938219,9
2024-09-20 14:18:31.529000,430.793606130396,1002
2024-09-20 14:18:31.598000,430.7973988486182,14
2024-09-20 14:18:31.645000,430.7711336978208,1003
2024-09-20 14:18:31.666000,430.8237476698527,9
2024-09-20 14:18:31.754000,430.7790717064937,997
2024-09-20 14:18:31.943000,430.8115749549024,96
2024-09-20 14:18:31.970000,430.8730723864847,1000
2024-09-20 14:18:31.989000,430.7959637888312,8
2024-09-20 14:18:32.011000,430.88293211735913,5
2024-09-20 14:18:32.015000,430.8963429811304,6
2024-09-20 14:18:32.033000,430.8851057449995,10
2024-09-20 14:18:32.047000,430.884206098934,11
2024-09-20 14:18:32.048000,430.8932883410092,97
2024-09-20 14:18:32.087000,430.8639739115599,98
2024-09-20 14:18:32.094000,430.8749745871956,14
2024-09-20 14:18:32.162000,430.883164215661,1000
2024-09-20 14:18:32.238000,430.8825673504813,7
2024-09-20 14:18:32.271000,430.89402890054936,12
2024-09-20 14:18:32.339000,430.8804885807363,9
2024-09-20 14:18:32.388000,430.8710257764497,11
2024-09-20 14:18:32.417000,430.8858100698468,100
2024-09-20 14:18:32.443000,430.8644283646024,6
2024-09-20 14:18:32.494000,430.8617149111904,102
2024-09-20 14:18:32.511000,430.8889550139715,101
2024-09-20 14:18:32.583000,430.86800240049104,1005
2024-09-20 14:18:32.609000,430.88372263562377,13
2024-09-20 14:18:32.640000,430.91128972640206,104
2024-09-20 14:18:32.650000,430.9053980215281,1002
2024-09-20 14:18:32.671000,430.87454949239566,15
2024-09-20 14:18:32.771000,430.90491362274594,5
2024-09-20 14:18:32.839000,430.88056308140335,95
2024-09-20 14:18:32.920000,430.8933403394487,101
2024-09-20 14:18:32.998000,430.8948635561728,1001
2024-09-20 14:18:33.008000,430.9200965270357,97
2024-09-20 14:18:33.033000,430.87823031886506,100
2024-09-20 14:18:33.084000,430.923204681288,7
2024-09-20 14:18:33.156000,430.9063004782032,6
2024-09-20 14:18:33.279000,430.8927557870807,98
2024-09-20 14:18:33.288000,430.93140831498766,6
2024-09-20 14:18:33.302000,430.9492546483822,9
2024-09-20 14:18:33.486000,430.9638450825721,10
2024-09-20 14:18:33.514000,430.90511631520513,10
2024-09-20 14:18:33.524000,430.898394456591,1001
2024-09-20 14:18:33.578000,430.8658692021715,1003
2024-09-20 14:18:33.581000,430.957417252546,98
2024-09-20 14:18:33.597000,430.8839800052877,11
2024-09-20 14:18:33.623000,430.89884021085095,9
2024-09-20 14:18:33.637000,430.8860910491006,97
2024-09-20 14:18:33.684000,430.9157739939335,1005
2024-09-20 14:18:33.756000,430.98587575081,9
2024-09-20 14:18:33.780000,430.9055161309436,100
2024-09-20 14:18:33.815000,430.8885769320696,998
2024-09-20 14:18:33.831000,430.8880591008792,11
2024-09-20 14:18:33.853000,430.9325773084572,99
2024-09-20 14:18:33.860000,430.8894935094363,9
2024-09-20 14:18:33.889000,430.9396690827506,97
2024-09-20 14:18:33.894000,430.91061754375806,13
2024-09-20 14:18:33.940000,430.8906531326729,95
2024-09-20 14:18:34.036000,430.973175283826,995
2024-09-20 14:18:34.135000,431.0292758445804,12
2024-09-20 14:18:34.142000,430.9616571093625,1000
2024-09-20 14:18:34.158000,430.9937292030439,100
2024-09-20 14:18:34.163000,430.959742307324,1005
2024-09-20 14:18:34.192000,431.0176509477173,1005
2024-09-20 14:18:34.417000,430.9684851742566,102
2024-09-20 14:18:34.465000,431.01797262774096,101
2024-09-20 14:18:34.478000,431.0099249415711,98
2024-09-20 14:18:34.520000,430.9879927596984,102
2024-09-20 14:18:34.544000,431.0194958632713,995
2024-09-20 14:18:34.720000,431.0042084053164,97
2024-09-20 14:18:34.728000,431.0044323552483,1000
2024-09-20 14:18:34.730000,430.98687760050217,105
2024-09-20 14:18:34.740000,430.9838180011107,1004
2024-09-20 14:18:34.760000,430.9829163247077,95
2024-09-20 14:18:34.865000,430.9814600871171,9
2024-09-20 14:18:34.919000,431.0156565297697,13
2024-09-20 14:18:34.919000,430.9927194176813,10
2024-09-20 14:18:34.940000,431.0185842899381,7
2024-09-20 14:18:34.966000,430.98455731541264,6
2024-09-20 14:18:34.990000,430.9698065389513,12
2024-09-20 14:18:35.002000,431.0312556871128,103
2024-09-20 14:18:35.050000,431.0417853587442,1001
2024-09-20 14:18:35.086000,431.0787331791128,12
2024-09-20 14:18:35.105000,431.0629145048959,15
2024-09-20 14:18:35.201000,431.0175486592516,101
2024-09-20 14:18:35.245000,431.05263525466216,15
2024-09-20 14:18:35.444000,431.0491947508119,15
2024-09-20 14:18:35.474000,431.0104429591668,999
2024-09-20 14:18:35.498000,431.01015839679457,13
2024-09-20 14:18:35.674000,431.0447305546967,999
2024-09-20 14:18:35.726000,431.0856137549825,97
2024-09-20 14:18:35.799000,431.0259170036031,1005
2024-09-20 14:18:35.844000,431.0721613686664,97
2024-09-20 14:18:36.108000,431.0831900856353,12
2024-09-20 14:18:36.178000,431.1063878908326,6
2024-09-20 14:18:36.269000,431.1154892849702,101
2024-09-20 14:18:36.469000,431.094905041023,13
2024-09-20 14:18:36.511000,431.11082612338623,99
2024-09-20 14:18:36.643000,431.0945202766878,999
2024-09-20 14:18:36.968000,431.0890731148083,8
2024-09-20 14:18:37.032000,431.09906997771054,1004
2024-09-20 14:18:37.119000,431.06621311273966,97
2024-09-20 14:18:37.153000,431.0310161389606,996
2024-09-20 14:18:37.208000,431.0770462481199,6
2024-09-20 14:18:37.208000,431.0894076965726,102
2024-09-20 14:18:37.225000,431.0982085634222,100
2024-09-20 14:18:37.273000,430.99859017302816,8
2024-09-20 14:18:37.281000,431.0830786092307,14
2024-09-20 14:18:37.353000,431.09866234975647,102
2024-09-20 14:18:37.369000,431.08625110114906,105
2024-09-20 14:18:37.391000,431.01599517889525,99
2024-09-20 14:18:37.408000,431.0875559248913,102
2024-09-20 14:18:37.425000,431.1022839777997,998
2024-09-20 14:18:37.444000,431.0816660751617,1005
2024-09-20 14:18:37.553000,431.04869186705696,8
2024-09-20 14:18:37.591000,431.0854577618826,8
2024-09-20 14:18:37.611000,431.081971714922,99
2024-09-20 14:18:37.659000,431.0930261835331,97
2024-09-20 14:18:37.697000,431.0084466860732,98
2024-09-20 14:18:37.702000,431.08335801861074,996
2024-09-20 14:18:37.800000,431.08161525521416,1004
2024-09-20 14:18:37.808000,431.0914139294227,99
2024-09-20 14:18:37.827000,431.1062935911262,998
2024-09-20 14:18:37.830000,431.06952847499406,6
2024-09-20 14:18:37.958000,431.04293117696034,1003
2024-09-20 14:18:37.970000,431.02536982224905,100
2024-09-20 14:18:37.974000,431.07416082143993,101
2024-09-20 14:18:38.094000,431.0181447039237,14
2024-09-20 14:18:38.136000,431.0303837163326,1002
2024-09-20 14:18:38.163000,431.0260228409098,1000
2024-09-20 14:18:38.226000,431.0384146615674,1000
2024-09-20 14:18:38.230000,431.0218022511548,1003
2024-09-20 14:18:38.376000,430.9988145035069,6
2024-09-20 14:18:38.440000,431.0044917976183,99
2024-09-20 14:18:38.454000,431.0105819814533,5
2024-09-20 14:18:38.466000,431.03194617399777,95
2024-09-20 14:18:38.516000,431.06556760458153,1003
2024-09-20 14:18:38.525000,431.05608220707177,8
2024-09-20 14:18:38.542000,431.0223002593659,100
2024-09-20 14:18:38.549000,431.0300189647834,1003
2024-09-20 14:18:38.627000,431.0201984687569,103
2024-09-20 14:18:38.661000,431.041663363067,8
2024-09-20 14:18:38.787000,431.0003789106228,12
2024-09-20 14:18:38.836000,431.0496349347633,5
2024-09-20 14:18:38.860000,431.0742384640826,13
2024-09-20 14:18:38.881000,431.0328874955972,97
2024-09-20 14:18:38.903000,430.9866818124912,7
2024-09-20 14:18:38.969000,431.0295869702395,999
2024-09-20 14:18:38.972000,431.02603817044127,99
2024-09-20 14:18:39.029000,431.0340197585118,8
2024-09-20 14:18:39.064000,431.0691893202898,7
2024-09-20 14:18:39.101000,431.0874050022149,6
2024-09-20 14:18:39.363000,431.0825890442143,10
2024-09-20 14:18:39.390000,431.0612633529017,7
2024-09-20 14:18:39.500000,431.0514006802014,996
2024-09-20 14:18:39.547000,431.0437327741747,1003
2024-09-20 14:18:39.729000,431.0612414784296,15
2024-09-20 14:18:39.806000,431.0638110171034,998
2024-09-20 14:18:39.815000,431.06163745227445,998
2024-09-20 14:18:39.823000,431.08444246055416,95
2024-09-20 14:18:39.834000,431.0798115461321,10
2024-09-20 14:18:39.875000,431.0367499621809,100
2024-09-20 14:18:39.947000,431.04650913217273,15
2024-09-20 14:18:40.020000,431.03286169428674,1000
2024-09-20 14:18:40.023000,431.0612981783287,14
2024-09-20 14:18:40.221000,431.0362547486203,9
2024-09-20 14:18:40.261000,431.0460814369609,95
2024-09-20 14:18:40.291000,431.0430575116336,10
2024-09-20 14:18:40.326000,431.02199446021007,105
2024-09-20 14:18:40.470000,431.04157429585496,11
2024-09-20 14:18:40.472000,431.0462859605572,97
2024-09-20 14:18:40.566000,431.0431439147447,6
2024-09-20 14:18:40.684000,431.03682654397255,1000
2024-09-20 14:18:40.849000,431.0380034990711,1000
2024-09-20 14:18:40.874000,431.0059143275241,1000
2024-09-20 14:18:41.022000,431.078011614193,99
2024-09-20 14:18:41.115000,431.0907807402033,997
2024-09-20 14:18:41.129000,431.061869155125,1005
2024-09-20 14:18:41.131000,431.0431776856947,95
2024-09-20 14:18:41.278000,431.0756006231308,105
2024-09-20 14:18:41.320000,431.0409078121687,96
2024-09-20 14:18:41.440000,431.0651946351286,1004
2024-09-20 14:18:41.456000,431.04720276872666,997
2024-09-20 14:18:41.578000,431.0552129817594,1004
2024-09-20 14:18:41.679000,431.0529204773264,1001
2024-09-20 14:18:41.688000,431.0986363496325,14
2024-09-20 14:18:41.722000,431.0710724621311,1001
2024-09-20 14:18:41.974000,431.0697296292608,1004
2024-09-20 14:18:42.017000,431.1355411458464,105
2024-09-20 14:18:42.080000,431.1174633267525,13
2024-09-20 14:18:42.139000,431.0843747455082,1000
2024-09-20 14:18:42.172000,431.1327503007593,1002
2024-09-20 14:18:42.205000,431.1321441213536,5
2024-09-20 14:18:42.207000,431.0749861888833,15
2024-09-20 14:18:42.305000,431.1066316882211,101
2024-09-20 14:18:42.342000,431.0785946571975,96
2024-09-20 14:18:42.354000,431.077359538136,7
2024-09-20 14:18:42.399000,431.1106986472794,996
2024-09-20 14:18:42.411000,431.11305728957046,995
2024-09-20 14:18:42.495000,431.0786195665379,6
2024-09-20 14:18:42.660000,431.1122932431833,15
2024-09-20 14:18:42.682000,431.1240198092023,1005
2024-09-20 14:18:42.691000,431.1028943034984,6
2024-09-20 14:18:42.727000,431.1143708334188,100
2024-09-20 14:18:42.737000,431.10448334858586,1002
2024-09-20 14:18:42.745000,431.1100635852197,1005
2024-09-20 14:18:42.760000,431.1324648694789,1004
2024-09-20 14:18:42.790000,431.1373734735356,6
2024-09-20 14:18:42.792000,431.0898460806277,10
2024-09-20 14:18:42.890000,431.0859191292464,10
2024-09-20 14:18:42.904000,431.0902518095361,14
2024-09-20 14:18:42.957000,431.09971787688096,6
2024-09-20 14:18:43.010000,431.0453691331432,99
2024-09-20 14:18:43.043000,430.9864650155845,104
2024-09-20 14:18:43.085000,431.0877032521433,8
2024-09-20 14:18:43.206000,431.0691924984959,96
2024-09-20 14:18:43.217000,431.05839184931335,12
2024-09-20 14:18:43.420000,431.076445231812,95
2024-09-20 14:18:43.620000,431.0863522468844,1004
2024-09-20 14:18:43.693000,431.0392638737508,99
2024-09-20 14:18:43.722000,431.0135017045377,103
2024-09-20 14:18:43.847000,430.9899855583836,999
2024-09-20 14:18:43.928000,431.0633850170595,15
2024-09-20 14:18:43.976000,431.0655552672057,996
2024-09-20 14:18:43.998000,430.9888512363662,1005
2024-09-20 14:18:44.016000,430.971376673267,10
2024-09-20 14:18:44.213000,430.9680464652175,1002
2024-09-20 14:18:44.215000,430.942574965876,105
2024-09-20 14:18:44.310000,430.964397648873,13
2024-09-20 14:18:44.520000,430.9844738865668,15
2024-09-20 14:18:44.765000,430.96637198667145,101
2024-09-20 14:18:44.869000,430.9863675658334,99
2024-09-20 14:18:44.881000,430.9859889650224,15
2024-09-20 14:18:44.977000,430.9822494092004,998
2024-09-20 14:18:45.194000,430.9506739296402,11
2024-09-20 14:18:45.261000,430.9766207400758,15
2024-09-20 14:18:45.281000,430.95021567931104,1000
2024-09-20 14:18:45.438000,430.9893629179303,1004
2024-09-20 14:18:45.484000,430.97466522098574,15
2024-09-20 14:18:45.500000,430.962502563809,1003
2024-09-20 14:18:45.526000,430.9557313793321,1003
2024-09-20 14:18:45.619000,430.9587096803447,11
2024-09-20 14:18:45.642000,430.9868406437071,101
2024-09-20 14:18:45.675000,430.96057416698267,999
2024-09-20 14:18:45.795000,430.9462539356704,6
2024-09-20 14:18:46.039000,430.9662664037089,103
2024-09-20 14:18:46.055000,430.9860769138927,13
2024-09-20 14:18:46.072000,430.9712077169818,996
2024-09-20 14:18:46.093000,430.97019458724026,995
2024-09-20 14:18:46.194000,430.92423622075984,8
2024-09-20 14:18:46.223000,430.9725016728713,100
2024-09-20 14:18:46.239000,431.0042885591474,101
2024-09-20 14:18:46.453000,430.97761744527,997
2024-09-20 14:18:46.593000,430.9554192800896,5
2024-09-20 14:18:46.635000,430.9505188823684,7
2024-09-20 14:18:46.638000,430.9164297426596,1000
2024-09-20 14:18:46.787000,430.9986044780736,997
2024-09-20 14:18:46.791000,430.9340616504341,1004
2024-09-20 14:18:46.884000,430.9589671364971,1001
2024-09-20 14:18:46.896000,430.964382771498,98
2024-09-20 14:18:46.957000,430.9648914061241,997
2024-09-20 14:18:47.030000,430.9214857190466,7
2024-09-20 14:18:47.290000,430.9778657023802,102
2024-09-20 14:18:47.304000,430.95637288473785,1000
2024-09-20 14:18:47.338000,430.9778052982056,1005
2024-09-20 14:18:47.443000,430.9625857976837,995
2024-09-20 14:18:47.463000,430.91436305438646,8
2024-09-20 14:18:47.514000,430.9548422325876,14
2024-09-20 14:18:47.571000,430.9215777849203,100
2024-09-20 14:18:47.704000,430.9467449648815,13
2024-09-20 14:18:47.869000,430.9127496096745,7
2024-09-20 14:18:47.882000,430.9540813437938,98
2024-09-20 14:18:47.950000,430.9741998807922,96
2024-09-20 14:18:47.958000,430.95549841848936,14
2024-09-20 14:18:48.024000,430.98480782089706,1004
2024-09-20 14:18:48.131000,430.9472942445118,8
2024-09-20 14:18:48.186000,430.9305461467656,1001
2024-09-20 14:18:48.319000,430.9547008576257,6
2024-09-20 14:18:48.334000,430.8988955289479,6
2024-09-20 14:18:48.352000,430.9123435843261,6
2024-09-20 14:18:48.355000,430.92977602807696,1001
2024-09-20 14:18:48.370000,430.9311196657483,15
2024-09-20 14:18:48.449000,430.9029911503018,103
2024-09-20 14:18:48.461000,430.9407730997583,1004
2024-09-20 14:18:48.596000,430.9380384334867,9
2024-09-20 14:18:48.649000,430.97141776740006,1004
2024-09-20 14:18:48.681000,430.96111571455793,1002
2024-09-20 14:18:48.717000,430.9412794026153,6
2024-09-20 14:18:48.738000,430.9815487478367,1003
2024-09-20 14:18:48.761000,430.9693394521215,995
2024-09-20 14:18:48.770000,430.97436878436105,103
2024-09-20 14:18:48.781000,430.9638913136525,95
2024-09-20 14:18:48.953000,430.96885115520166,1005
2024-09-20 14:18:48.959000,430.9689401366102,104
2024-09-20 14:18:48.963000,430.928700156116,14
2024-09-20 14:18:49.012000,430.935873828349,996
2024-09-20 14:18:49.025000,430.9588300826016,1001
2024-09-20 14:18:49.098000,430.9379083722381,9
2024-09-20 14:18:49.119000,430.9159506942475,98
2024-09-20 14:18:49.122000,430.9169977104629,8
2024-09-20 14:18:49.233000,430.936134212366,104
2024-09-20 14:18:49.251000,430.9400648347119,999
2024-09-20 14:18:49.316000,430.91870388131474,14
2024-09-20 14:18:49.329000,430.94441292171217,1005
2024-09-20 14:18:49.379000,430.9831156096076,997
2024-09-20 14:18:49.379000,430.9511773332903,11
2024-09-20 14:18:49.392000,430.9442518595461,1002
2024-09-20 14:18:49.457000,430.9537133354218,9
2024-09-20 14:18:49.461000,430.9863124098687,1005
2024-09-20 14:18:49.536000,430.9430418123418,100
2024-09-20 14:18:49.559000,430.9233338127008,995
2024-09-20 14:18:49.576000,430.9806244973909,6
2024-09-20 14:18:49.665000,430.9727506164665,995
2024-09-20 14:18:49.685000,430.9491340652877,105
2024-09-20 14:18:49.722000,430.9460263330612,15
2024-09-20 14:18:49.746000,430.95920797045534,997
2024-09-20 14:18:49.862000,430.91960032929234,999
2024-09-20 14:18:49.876000,430.9450181747004,103
2024-09-20 14:18:49.983000,430.9232864045716,1003
2024-09-20 14:18:49.998000,430.9409248457542,13
2024-09-20 14:18:50.009000,430.82202943318765,6
2024-09-20 14:18:50.079000,430.7813321830944,1000
2024-09-20 14:18:50.137000,430.9086387256295,8
2024-09-20 14:18:50.159000,430.9207529674047,103
2024-09-20 14:18:50.239000,430.8976167667447,98
2024-09-20 14:18:50.242000,430.8676486939563,11
2024-09-20 14:18:50.407000,430.8735599713903,1002
2024-09-20 14:18:50.550000,430.9284918125734,97
2024-09-20 14:18:50.573000,430.9306979937612,103
2024-09-20 14:18:50.766000,430.9263804347302,999
2024-09-20 14:18:50.793000,430.8468483645613,5
2024-09-20 14:18:50.818000,430.8524182563451,11
2024-09-20 14:18:50.902000,430.9356778116009,97
2024-09-20 14:18:50.935000,430.7774421766575,1001
2024-09-20 14:18:51.013000,430.7772016017562,1000
2024-09-20 14:18:51.013000,430.742917765604,14
2024-09-20 14:18:51.045000,430.7681680439971,105
2024-09-20 14:18:51.194000,430.7463353746921,5
2024-09-20 14:18:51.321000,430.77576082859946,101
2024-09-20 14:18:51.439000,430.7476366580859,6
2024-09-20 14:18:51.634000,430.7654504699862,995
2024-09-20 14:18:51.670000,430.7599496131376,10
2024-09-20 14:18:51.800000,430.7680623828663,95
2024-09-20 14:18:51.892000,430.7608818183885,95
2024-09-20 14:18:52.001000,430.70346457226645,997
2024-09-20 14:18:52.016000,430.74823107769646,12
2024-09-20 14:18:52.051000,430.7430636372245,9
2024-09-20 14:18:52.084000,430.7555157901304,98
2024-09-20 14:18:52.090000,430.7421539590756,6
2024-09-20 14:18:52.093000,430.7630683355513,996
2024-09-20 14:18:52.107000,430.7105673424775,101
2024-09-20 14:18:52.174000,430.7196157529224,102
2024-09-20 14:18:52.310000,430.666423985839,8
2024-09-20 14:18:52.322000,430.74509748975663,999
2024-09-20 14:18:52.383000,430.7274406803089,100
2024-09-20 14:18:52.385000,430.7053601916133,95
2024-09-20 14:18:52.385000,430.6794715142491,1000
2024-09-20 14:18:52.499000,430.6698277378391,1003
2024-09-20 14:18:52.616000,430.7122163390231,101
2024-09-20 14:18:52.636000,430.7391327847608,1004
2024-09-20 14:18:52.699000,430.7163763532998,95
2024-09-20 14:18:52.709000,430.7455290429768,1000
2024-09-20 14:18:52.711000,430.7618793293483,1000
2024-09-20 14:18:52.728000,430.7239732552608,6
2024-09-20 14:18:52.794000,430.7475681037341,11
2024-09-20 14:18:52.799000,430.6989025972941,6
2024-09-20 14:18:52.832000,430.7478455338485,1001
2024-09-20 14:18:52.857000,430.6730824554227,998
2024-09-20 14:18:52.946000,430.7505940914515,5
2024-09-20 14:18:53.353000,430.68209478199776,105
2024-09-20 14:18:54.035000,430.70049429063886,997
2024-09-20 14:18:54.039000,430.6741128405498,100
2024-09-20 14:18:54.112000,430.7173243429701,98
2024-09-20 14:18:54.119000,430.6889224305132,999
2024-09-20 14:18:54.222000,430.7280120404799,100
2024-09-20 14:18:54.301000,430.6896318672452,99
2024-09-20 14:18:54.394000,430.7187309978336,1001
2024-09-20 14:18:54.401000,430.6954994291073,998
2024-09-20 14:18:54.503000,430.7299311892422,1000
2024-09-20 14:18:54.514000,430.6886419839562,6
2024-09-20 14:18:54.586000,430.67158866642376,1005
2024-09-20 14:18:54.645000,430.7077370212931,95
2024-09-20 14:18:54.712000,430.68919873505337,12
2024-09-20 14:18:54.721000,430.7094573640469,102
2024-09-20 14:18:54.830000,430.72517373137407,10
2024-09-20 14:18:54.941000,430.7270121672208,99
2024-09-20 14:18:55.004000,430.7789583904432,5
2024-09-20 14:18:55.011000,430.7676938471109,103
2024-09-20 14:18:55.023000,430.7364132977791,1002
2024-09-20 14:18:55.046000,430.7659930763948,11
2024-09-20 14:18:55.204000,430.7499519335215,7
2024-09-20 14:18:55.405000,430.7529639692151,98
2024-09-20 14:18:55.503000,430.742707636149,997
2024-09-20 14:18:55.539000,430.738186364053,5
2024-09-20 14:18:55.632000,430.7803605251445,10
2024-09-20 14:18:55.730000,430.7776003229226,96
2024-09-20 14:18:55.746000,430.7821919332952,999
2024-09-20 14:18:55.820000,430.7652916121551,103
2024-09-20 14:18:55.870000,430.7697439472707,9
2024-09-20 14:18:55.896000,430.7681205764431,10
2024-09-20 14:18:55.965000,430.7661516655284,1001
2024-09-20 14:18:56.070000,430.71469283138464,8
2024-09-20 14:18:56.176000,430.7304273869888,7
2024-09-20 14:18:56.185000,430.7466537317001,96
2024-09-20 14:18:56.374000,430.729601696218,6
2024-09-20 14:18:56.421000,430.7508548055628,105
2024-09-20 14:18:56.520000,430.7221699234585,998
2024-09-20 14:18:56.580000,430.7050250049173,100
2024-09-20 14:18:56.609000,430.7390324034618,12
2024-09-20 14:18:56.713000,430.7314176545413,1005
2024-09-20 14:18:56.796000,430.73307388013694,103
2024-09-20 14:18:56.906000,430.7168975890001,104
2024-09-20 14:18:56.940000,430.745091767372,996
2024-09-20 14:18:56.972000,430.6966370106355,1004
2024-09-20 14:18:56.972000,430.7227123326436,101
2024-09-20 14:18:57.036000,430.7269070615223,10
2024-09-20 14:18:57.054000,430.7851587484341,998
2024-09-20 14:18:57.075000,430.7324294150877,6
2024-09-20 14:18:57.100000,430.7621814387654,1005
2024-09-20 14:18:57.124000,430.7364474762393,96
2024-09-20 14:18:57.135000,430.7315282191778,9
2024-09-20 14:18:57.202000,430.7820238302832,996
2024-09-20 14:18:57.263000,430.7730969772982,1003
2024-09-20 14:18:57.342000,430.74058568773376,102
2024-09-20 14:18:57.412000,430.7282275990549,102
2024-09-20 14:18:57.486000,430.7437775615528,96
2024-09-20 14:18:57.509000,430.74227672389,998
2024-09-20 14:18:57.511000,430.750384973118,998
2024-09-20 14:18:57.550000,430.716965453536,96
2024-09-20 14:18:57.574000,430.7704428764097,100
2024-09-20 14:18:57.574000,430.73784603682566,14
2024-09-20 14:18:57.611000,430.78381421880187,97
2024-09-20 14:18:57.655000,430.7267595539231,1000
2024-09-20 14:18:57.701000,430.7497751474965,95
2024-09-20 14:18:57.771000,430.7388197919339,101
2024-09-20 14:18:57.779000,430.7469448987584,99
2024-09-20 14:18:57.821000,430.7326046706198,99
2024-09-20 14:18:57.893000,430.7482459543769,1000
2024-09-20 14:18:57.901000,430.7322675088964,1005
2024-09-20 14:18:57.911000,430.72784645780825,9
2024-09-20 14:18:58.010000,430.6376551391484,6
2024-09-20 14:18:58.019000,430.7123408345548,96
2024-09-20 14:18:58.069000,430.6578676466647,14
2024-09-20 14:18:58.081000,430.7233082227489,5
2024-09-20 14:18:58.082000,430.7118075858761,998
2024-09-20 14:18:58.139000,430.66862036396543,11
2024-09-20 14:18:58.185000,430.6581436143675,98
2024-09-20 14:18:58.261000,430.7449488086671,6
2024-09-20 14:18:58.284000,430.685921387248,104
2024-09-20 14:18:58.333000,430.6882835237614,103
2024-09-20 14:18:58.340000,430.6328012271538,1002
2024-09-20 14:18:58.560000,430.6361130096134,7
2024-09-20 14:18:58.619000,430.6514598613153,10
2024-09-20 14:18:58.683000,430.6754751728266,1001
2024-09-20 14:18:58.747000,430.7132959062516,7
2024-09-20 14:18:58.782000,430.6361178235781,15
2024-09-20 14:18:58.812000,430.70646027336113,96
2024-09-20 14:18:58.821000,430.6324881613191,1000
2024-09-20 14:18:58.886000,430.6603055914568,14
2024-09-20 14:18:58.908000,430.66619678891817,997
2024-09-20 14:18:58.976000,430.6322038455231,102
2024-09-20 14:18:59.125000,430.65116263250616,1001
2024-09-20 14:18:59.421000,430.6406327881088,1003
2024-09-20 14:18:59.553000,430.63246582852,6
2024-09-20 14:18:59.692000,430.6392092040602,1002
2024-09-20 14:18:59.711000,430.6439682599407,15
2024-09-20 14:18:59.964000,430.6473584951152,99
2024-09-20 14:18:59.992000,430.64855924350576,104
