Timestamp,Price,Size
2024-09-20 12:40:00.028000,428.2128204211892,103
2024-09-20 12:40:00.035000,428.2147976008112,1005
2024-09-20 12:40:00.073000,428.2348579229124,11
2024-09-20 12:40:00.090000,428.1713147954695,1002
2024-09-20 12:40:00.120000,428.209887095372,10
2024-09-20 12:40:00.137000,428.2480254164166,12
2024-09-20 12:40:00.183000,428.26974368041033,13
2024-09-20 12:40:00.188000,428.1634123715015,8
2024-09-20 12:40:00.228000,428.231200851218,6
2024-09-20 12:40:00.249000,428.2240179379023,97
2024-09-20 12:40:00.316000,428.2226037660562,998
2024-09-20 12:40:00.325000,428.218495076429,998
2024-09-20 12:40:00.325000,428.1962288687573,996
2024-09-20 12:40:00.384000,428.2158012310553,104
2024-09-20 12:40:00.385000,428.23740217359847,14
2024-09-20 12:40:00.463000,428.2695348017887,1000
2024-09-20 12:40:00.621000,428.2107840744666,98
2024-09-20 12:40:00.637000,428.193103402947,995
2024-09-20 12:40:00.659000,428.2626489510826,11
2024-09-20 12:40:00.760000,428.2712956830492,999
2024-09-20 12:40:00.784000,428.2433105070791,1005
2024-09-20 12:40:00.789000,428.2206714134375,95
2024-09-20 12:40:00.861000,428.22163301356346,105
2024-09-20 12:40:00.894000,428.2507761562556,98
2024-09-20 12:40:00.924000,428.2357330490781,13
2024-09-20 12:40:00.928000,428.2804969141538,995
2024-09-20 12:40:00.930000,428.1568992870458,6
2024-09-20 12:40:01.021000,428.0273441940319,14
2024-09-20 12:40:01.086000,428.03977445462994,15
2024-09-20 12:40:01.127000,428.09886124284895,12
2024-09-20 12:40:01.141000,428.07429489669954,996
2024-09-20 12:40:01.181000,428.0805610659299,999
2024-09-20 12:40:01.201000,428.1136197398716,997
2024-09-20 12:40:01.226000,428.0785350346591,1000
2024-09-20 12:40:01.243000,428.1159904083125,103
2024-09-20 12:40:01.302000,428.0149673496553,97
2024-09-20 12:40:01.333000,428.0358928684333,102
2024-09-20 12:40:01.338000,428.14235742260416,11
2024-09-20 12:40:01.374000,428.0434408434109,997
2024-09-20 12:40:01.382000,428.02742675737886,7
2024-09-20 12:40:01.428000,428.1118852651926,103
2024-09-20 12:40:01.462000,428.12143982261057,13
2024-09-20 12:40:01.496000,428.0254485582746,6
2024-09-20 12:40:01.604000,428.1479739842488,10
2024-09-20 12:40:01.632000,428.0302679759204,15
2024-09-20 12:40:01.711000,428.02883051803104,98
2024-09-20 12:40:01.758000,428.0268247445721,5
2024-09-20 12:40:01.764000,428.0283805925502,996
2024-09-20 12:40:01.775000,428.1044047123681,5
2024-09-20 12:40:01.793000,428.0576484945895,100
2024-09-20 12:40:01.803000,428.1491769371059,8
2024-09-20 12:40:01.902000,428.0752494407792,99
2024-09-20 12:40:01.926000,428.0098027443444,11
2024-09-20 12:40:01.928000,428.1046354363234,101
2024-09-20 12:40:02.001000,427.9548598790884,11
2024-09-20 12:40:02.063000,427.97933656807663,1002
2024-09-20 12:40:02.148000,428.0027988988343,8
2024-09-20 12:40:02.178000,427.9916439731542,5
2024-09-20 12:40:02.320000,428.01102073733824,100
2024-09-20 12:40:02.348000,428.0220759839035,998
2024-09-20 12:40:02.387000,427.95076803232257,8
2024-09-20 12:40:02.403000,427.973011571653,998
2024-09-20 12:40:02.430000,428.01740279683065,1005
2024-09-20 12:40:02.538000,428.0285023275201,13
2024-09-20 12:40:02.578000,428.0283706208074,101
2024-09-20 12:40:02.596000,427.9765756776548,15
2024-09-20 12:40:02.616000,428.01922405354543,14
2024-09-20 12:40:02.645000,428.029706255302,102
2024-09-20 12:40:02.646000,428.013442087473,103
2024-09-20 12:40:02.772000,427.9640290678189,98
2024-09-20 12:40:02.819000,428.0238311014967,8
2024-09-20 12:40:02.943000,427.9992784293159,7
2024-09-20 12:40:03.002000,427.9727918692948,999
2024-09-20 12:40:03.018000,427.9402023419605,1001
2024-09-20 12:40:03.061000,427.9270532950661,1000
2024-09-20 12:40:03.158000,427.9776755659089,1002
2024-09-20 12:40:03.205000,427.9426474062255,998
2024-09-20 12:40:03.224000,427.9530829531616,6
2024-09-20 12:40:03.257000,427.9476524701484,10
2024-09-20 12:40:03.262000,427.9748564431271,5
2024-09-20 12:40:03.263000,427.9361006563172,1004
2024-09-20 12:40:03.301000,427.9524272199752,11
2024-09-20 12:40:03.302000,427.9494472051106,995
2024-09-20 12:40:03.316000,427.9235407306311,1002
2024-09-20 12:40:03.348000,427.9383850837695,5
2024-09-20 12:40:03.391000,427.9714608993314,998
2024-09-20 12:40:03.495000,427.9521395374889,5
2024-09-20 12:40:03.597000,427.97046282353176,999
2024-09-20 12:40:03.659000,427.96142944595147,104
2024-09-20 12:40:03.660000,427.9704064248488,100
2024-09-20 12:40:03.718000,427.9401686993172,1002
2024-09-20 12:40:03.722000,427.9591657293976,997
2024-09-20 12:40:03.829000,427.9415256239954,999
2024-09-20 12:40:03.879000,427.9286531571974,8
2024-09-20 12:40:03.933000,427.97005569137445,7
2024-09-20 12:40:03.934000,427.9528279355543,7
2024-09-20 12:40:04.098000,427.9468433836984,995
2024-09-20 12:40:04.114000,427.9405306313777,95
2024-09-20 12:40:04.914000,427.943304317807,1000
2024-09-20 12:40:05.003000,427.9515783869132,102
2024-09-20 12:40:05.042000,427.9510831960525,96
2024-09-20 12:40:05.266000,427.9335319138742,1002
2024-09-20 12:40:05.270000,427.925795621512,105
2024-09-20 12:40:05.403000,427.9073639107016,11
2024-09-20 12:40:05.449000,427.9479464441888,11
2024-09-20 12:40:05.464000,427.9254250011741,1000
2024-09-20 12:40:05.476000,427.9548106107137,1005
2024-09-20 12:40:05.518000,427.9199392000524,11
2024-09-20 12:40:05.576000,427.9411619044547,10
2024-09-20 12:40:05.588000,427.90040376011086,7
2024-09-20 12:40:05.618000,427.96815327887634,999
2024-09-20 12:40:05.620000,427.9578846658556,8
2024-09-20 12:40:05.667000,427.9328856139615,95
2024-09-20 12:40:05.719000,427.95116002925073,102
2024-09-20 12:40:05.731000,427.9321363426165,1005
2024-09-20 12:40:05.733000,427.9471280711129,11
2024-09-20 12:40:05.769000,427.9159855455345,1004
2024-09-20 12:40:05.771000,427.91962163010993,1001
2024-09-20 12:40:05.801000,427.95398958841616,1001
2024-09-20 12:40:05.880000,427.9179257455213,102
2024-09-20 12:40:05.897000,427.91040600796725,997
2024-09-20 12:40:05.897000,427.9365965396264,99
2024-09-20 12:40:05.939000,427.95201082849866,13
2024-09-20 12:40:05.998000,427.93598799560425,1001
2024-09-20 12:40:06.027000,427.9213183930423,95
2024-09-20 12:40:06.032000,427.904432936934,97
2024-09-20 12:40:06.075000,427.9244249236226,10
2024-09-20 12:40:06.149000,427.91760012986185,104
2024-09-20 12:40:06.179000,427.9254820250708,1005
2024-09-20 12:40:06.238000,427.9067665533511,105
2024-09-20 12:40:06.289000,427.9192672008909,15
2024-09-20 12:40:06.327000,427.9034226087363,105
2024-09-20 12:40:06.348000,427.8983307734102,97
2024-09-20 12:40:06.354000,427.9176089362964,8
2024-09-20 12:40:06.355000,427.890996930703,1004
2024-09-20 12:40:06.438000,427.9352751415746,1004
2024-09-20 12:40:06.461000,427.92487891889897,6
2024-09-20 12:40:06.519000,427.94641736137646,103
2024-09-20 12:40:06.531000,427.9300734220119,996
2024-09-20 12:40:06.568000,427.9163578176639,1005
2024-09-20 12:40:06.574000,427.93222936371785,99
2024-09-20 12:40:06.587000,427.9024941791975,97
2024-09-20 12:40:06.589000,427.92620775070566,998
2024-09-20 12:40:06.596000,427.912424395887,97
2024-09-20 12:40:06.668000,427.89608499657066,1000
2024-09-20 12:40:06.678000,427.8971852322273,105
2024-09-20 12:40:06.743000,427.93591998580433,1001
2024-09-20 12:40:06.826000,427.8890005533684,13
2024-09-20 12:40:06.837000,427.9072616792622,9
2024-09-20 12:40:06.886000,427.8936919493252,998
2024-09-20 12:40:06.907000,427.8933018545295,1000
2024-09-20 12:40:06.957000,427.9282029988569,96
2024-09-20 12:40:06.986000,427.9197866436284,1004
2024-09-20 12:40:06.992000,427.9021381491431,95
2024-09-20 12:40:07.596000,427.9102220930224,101
2024-09-20 12:40:08.001000,427.845014053596,101
2024-09-20 12:40:08.081000,427.8939530907827,99
2024-09-20 12:40:08.131000,427.8482209605247,102
2024-09-20 12:40:08.192000,427.9032948002915,998
2024-09-20 12:40:08.209000,427.8611904488799,14
2024-09-20 12:40:08.370000,427.8774961639123,12
2024-09-20 12:40:08.378000,427.8940544439528,1002
2024-09-20 12:40:08.382000,427.8401035796871,10
2024-09-20 12:40:08.615000,427.8336290944096,13
2024-09-20 12:40:08.669000,427.8533080793424,997
2024-09-20 12:40:08.709000,427.8631550380591,1001
2024-09-20 12:40:08.710000,427.8491345261711,15
2024-09-20 12:40:08.730000,427.87301271030617,998
2024-09-20 12:40:08.845000,427.8350303910928,1005
2024-09-20 12:40:08.858000,427.8863397112967,9
2024-09-20 12:40:08.891000,427.8966291544589,996
2024-09-20 12:40:08.937000,427.83252304015537,1000
2024-09-20 12:40:08.983000,427.8434169401957,95
2024-09-20 12:40:09.018000,427.9007767191233,103
2024-09-20 12:40:10.091000,427.9118141983697,9
2024-09-20 12:40:10.153000,427.89734377278745,8
2024-09-20 12:40:10.217000,427.90769301955214,8
2024-09-20 12:40:10.338000,427.9406911463153,103
2024-09-20 12:40:10.642000,427.93467409747615,103
2024-09-20 12:40:10.683000,427.9068511362424,95
2024-09-20 12:40:10.745000,427.9067125742315,104
2024-09-20 12:40:10.768000,427.8933968046463,1003
2024-09-20 12:40:10.801000,427.9021898965195,12
2024-09-20 12:40:10.860000,427.90416620866034,14
2024-09-20 12:40:10.869000,427.9585450925921,95
2024-09-20 12:40:11.376000,427.9347226765316,101
2024-09-20 12:40:11.629000,427.9500694577865,996
2024-09-20 12:40:11.629000,427.92521383041645,99
2024-09-20 12:40:12.001000,427.9700640022895,98
2024-09-20 12:40:12.019000,427.9352183939253,95
2024-09-20 12:40:12.071000,427.9463636676017,101
2024-09-20 12:40:12.188000,427.96910360125287,99
2024-09-20 12:40:12.282000,427.9524616391359,1003
2024-09-20 12:40:12.328000,427.9412211035379,12
2024-09-20 12:40:12.361000,427.9604348675698,1001
2024-09-20 12:40:12.439000,427.9457831551357,99
2024-09-20 12:40:12.498000,427.95825195348783,105
2024-09-20 12:40:12.604000,427.9416374868605,1004
2024-09-20 12:40:12.606000,427.9501236266562,11
2024-09-20 12:40:12.733000,427.9614234901138,6
2024-09-20 12:40:12.949000,427.9630393439102,6
2024-09-20 12:40:12.954000,427.9457726243968,1002
2024-09-20 12:40:13.918000,427.9402000870535,995
2024-09-20 12:40:14.133000,427.94833004739394,1001
2024-09-20 12:40:14.134000,427.9622044037049,95
2024-09-20 12:40:14.181000,427.9231176798334,15
2024-09-20 12:40:14.300000,427.9646644998143,7
2024-09-20 12:40:14.340000,427.93448620037833,1003
2024-09-20 12:40:14.383000,427.9160140312997,96
2024-09-20 12:40:14.477000,427.965952158928,102
2024-09-20 12:40:14.505000,427.9514763610449,1005
2024-09-20 12:40:14.517000,427.95484086929457,11
2024-09-20 12:40:14.576000,427.9462864137925,7
2024-09-20 12:40:14.683000,427.9634436938461,1002
2024-09-20 12:40:14.770000,427.9375744790233,12
2024-09-20 12:40:14.805000,427.9498888235185,1005
2024-09-20 12:40:14.855000,427.9516040521675,14
2024-09-20 12:40:14.997000,427.9190070776976,1001
2024-09-20 12:40:15.027000,427.97284799766953,999
2024-09-20 12:40:15.111000,427.9432758329686,995
2024-09-20 12:40:15.164000,427.954122278506,14
2024-09-20 12:40:15.236000,427.8876139712824,997
2024-09-20 12:40:15.267000,427.9440344946841,7
2024-09-20 12:40:15.464000,427.9015177738645,15
2024-09-20 12:40:15.472000,427.959705726856,96
2024-09-20 12:40:15.483000,427.93990587469546,6
2024-09-20 12:40:15.516000,427.89670696508256,998
2024-09-20 12:40:15.519000,427.9586865271688,8
2024-09-20 12:40:15.537000,427.9124413579307,1001
2024-09-20 12:40:15.538000,427.9662482875379,99
2024-09-20 12:40:15.554000,427.90053554287545,1001
2024-09-20 12:40:15.572000,427.97053021196086,1002
2024-09-20 12:40:15.647000,427.9572615071346,105
2024-09-20 12:40:15.650000,427.9450734729788,99
2024-09-20 12:40:15.666000,427.9214196523728,101
2024-09-20 12:40:15.669000,427.9595549523364,101
2024-09-20 12:40:15.722000,427.9531885260285,102
2024-09-20 12:40:15.747000,427.9466821925183,996
2024-09-20 12:40:15.801000,427.970138698165,1005
2024-09-20 12:40:15.815000,427.9660432750262,997
2024-09-20 12:40:15.925000,427.9416123909631,1002
2024-09-20 12:40:15.941000,427.97238564671215,104
2024-09-20 12:40:15.989000,427.909137389058,10
2024-09-20 12:40:16.041000,427.8969014588002,102
2024-09-20 12:40:16.148000,427.8828239508596,999
2024-09-20 12:40:16.157000,427.8926180870736,104
2024-09-20 12:40:16.166000,427.8867511616971,10
2024-09-20 12:40:16.263000,427.8862962088871,101
2024-09-20 12:40:16.403000,427.9097449431825,8
2024-09-20 12:40:16.496000,427.8754360455338,999
2024-09-20 12:40:16.733000,427.87969357676633,96
2024-09-20 12:40:16.814000,427.9017474277043,1003
2024-09-20 12:40:16.846000,427.8932976589173,97
2024-09-20 12:40:16.880000,427.88088997354527,100
2024-09-20 12:40:16.982000,427.8911098897787,100
2024-09-20 12:40:16.991000,427.9040720879539,8
2024-09-20 12:40:17.063000,427.885695317361,1001
2024-09-20 12:40:17.139000,427.8470883518586,6
2024-09-20 12:40:17.169000,427.8244180115082,100
2024-09-20 12:40:17.387000,427.834652858442,8
2024-09-20 12:40:17.395000,427.8670076482319,97
2024-09-20 12:40:17.396000,427.8368404608032,104
2024-09-20 12:40:17.462000,427.8343649694414,5
2024-09-20 12:40:17.561000,427.861713371764,15
2024-09-20 12:40:17.634000,427.8496034072788,101
2024-09-20 12:40:17.737000,427.8495016535548,96
2024-09-20 12:40:17.794000,427.8578135421572,104
2024-09-20 12:40:17.840000,427.8689855521458,998
2024-09-20 12:40:17.851000,427.8568879301125,105
2024-09-20 12:40:18.270000,427.8382985098705,15
2024-09-20 12:40:18.312000,427.8323630238486,999
2024-09-20 12:40:18.359000,427.8699831003151,13
2024-09-20 12:40:18.615000,427.8576744668368,9
2024-09-20 12:40:18.661000,427.89617122281686,100
2024-09-20 12:40:18.776000,427.82783179387695,995
2024-09-20 12:40:18.778000,427.8375436948178,1001
2024-09-20 12:40:18.822000,427.851525137672,997
2024-09-20 12:40:18.864000,427.83595519226543,104
2024-09-20 12:40:18.873000,427.8432430933668,103
2024-09-20 12:40:19.115000,427.8691615295107,998
2024-09-20 12:40:19.159000,427.91523682363743,96
2024-09-20 12:40:19.224000,427.9196896858565,11
2024-09-20 12:40:19.289000,427.9175011095046,102
2024-09-20 12:40:19.441000,427.8886263473229,96
2024-09-20 12:40:19.449000,427.92530337037897,1004
2024-09-20 12:40:19.468000,427.88626016325736,1001
2024-09-20 12:40:19.569000,427.9103828364366,96
2024-09-20 12:40:19.578000,427.9205831971242,11
2024-09-20 12:40:19.584000,427.91300713079386,12
2024-09-20 12:40:19.691000,427.9222194316528,13
2024-09-20 12:40:19.706000,427.9248684538156,96
2024-09-20 12:40:19.756000,427.8966011726674,11
2024-09-20 12:40:20.032000,427.8443966292531,103
2024-09-20 12:40:20.033000,427.84126424817146,15
2024-09-20 12:40:20.068000,427.8154903919261,8
2024-09-20 12:40:20.075000,427.7703901076563,1005
2024-09-20 12:40:20.164000,427.8164420525902,103
2024-09-20 12:40:20.173000,427.9383327301151,1003
2024-09-20 12:40:20.251000,427.7510991272979,103
2024-09-20 12:40:20.263000,427.83268218333706,1000
2024-09-20 12:40:20.341000,427.8363097934613,103
2024-09-20 12:40:20.366000,427.76445323594464,13
2024-09-20 12:40:20.440000,427.81269701463617,1002
2024-09-20 12:40:20.464000,427.82259882473966,1001
2024-09-20 12:40:20.514000,427.76089970689935,98
2024-09-20 12:40:20.635000,427.9257822858653,1000
2024-09-20 12:40:20.670000,427.8372653228663,15
2024-09-20 12:40:20.759000,427.84423873196687,98
2024-09-20 12:40:20.794000,427.8900414376192,1005
2024-09-20 12:40:20.834000,427.7443048599617,105
2024-09-20 12:40:20.891000,427.9103680088669,11
2024-09-20 12:40:20.893000,427.8311737842437,98
2024-09-20 12:40:20.929000,427.8357915728708,1000
2024-09-20 12:40:20.998000,427.7577790610927,104
2024-09-20 12:40:21.339000,427.7593984464029,6
2024-09-20 12:40:21.588000,427.7773827354902,996
2024-09-20 12:40:21.749000,427.7682648451153,1001
2024-09-20 12:40:21.920000,427.7523550795487,998
2024-09-20 12:40:21.947000,427.7841804362064,6
2024-09-20 12:40:22.073000,428.0389769912492,1004
2024-09-20 12:40:22.086000,427.9352533058554,105
2024-09-20 12:40:22.107000,428.02432150867867,1005
2024-09-20 12:40:22.280000,427.8517059579226,1001
2024-09-20 12:40:22.299000,427.8819240503231,15
2024-09-20 12:40:22.354000,427.890472210854,101
2024-09-20 12:40:22.421000,427.92921951144336,104
2024-09-20 12:40:22.428000,427.7763119010221,98
2024-09-20 12:40:22.428000,427.8445507642181,999
2024-09-20 12:40:22.478000,427.8207854313073,10
2024-09-20 12:40:22.511000,427.9808430117629,1000
2024-09-20 12:40:22.516000,427.8956964083003,15
2024-09-20 12:40:22.530000,427.84145147392746,1001
2024-09-20 12:40:22.554000,427.9575045149047,999
2024-09-20 12:40:22.570000,427.78603086738633,13
2024-09-20 12:40:22.588000,428.0156594669074,7
2024-09-20 12:40:22.620000,427.8807199115552,997
2024-09-20 12:40:22.666000,427.8016166533618,1004
2024-09-20 12:40:22.794000,428.0462650407438,1001
2024-09-20 12:40:22.827000,427.9940759336108,95
2024-09-20 12:40:22.830000,428.05727864662737,15
2024-09-20 12:40:22.846000,427.84801555487,1001
2024-09-20 12:40:22.890000,427.97266501059215,102
2024-09-20 12:40:22.916000,427.8991153902487,8
2024-09-20 12:40:22.938000,427.79423615996666,99
2024-09-20 12:40:22.952000,428.03252143972594,8
2024-09-20 12:40:22.970000,427.9447662151699,1003
2024-09-20 12:40:22.971000,427.9948638432349,12
2024-09-20 12:40:22.990000,427.9877089139935,14
2024-09-20 12:40:23.094000,428.1323262125596,95
2024-09-20 12:40:23.123000,428.02490082178,102
2024-09-20 12:40:23.215000,428.1228828051389,105
2024-09-20 12:40:23.231000,428.11339320737807,7
2024-09-20 12:40:23.232000,428.0872801379017,8
2024-09-20 12:40:23.277000,428.1353882004311,99
2024-09-20 12:40:23.291000,428.110160775784,99
2024-09-20 12:40:23.457000,428.0343738950982,1004
2024-09-20 12:40:23.458000,428.04097586476615,101
2024-09-20 12:40:23.574000,428.07194312033806,997
2024-09-20 12:40:23.602000,428.138205331148,1005
2024-09-20 12:40:23.633000,428.1140479911748,102
2024-09-20 12:40:23.740000,428.1574410141682,1003
2024-09-20 12:40:23.828000,428.1557432843056,999
2024-09-20 12:40:23.833000,428.0475923270856,997
2024-09-20 12:40:23.879000,428.0122936425756,996
2024-09-20 12:40:23.896000,428.0459044806433,8
2024-09-20 12:40:23.920000,428.16114808781725,1000
2024-09-20 12:40:23.948000,428.0235810945986,1003
2024-09-20 12:40:23.973000,428.0626754633007,1005
2024-09-20 12:40:23.973000,428.0281163445995,1001
2024-09-20 12:40:23.998000,428.0885630012056,100
2024-09-20 12:40:24.032000,428.0518227282864,5
2024-09-20 12:40:24.120000,428.0768493149386,1005
2024-09-20 12:40:24.149000,428.0886691685484,96
2024-09-20 12:40:24.173000,428.12968500734286,9
2024-09-20 12:40:24.183000,428.14325004096,1000
2024-09-20 12:40:24.202000,428.1503687174711,998
2024-09-20 12:40:24.206000,428.1082395587543,7
2024-09-20 12:40:24.214000,428.13608825013216,12
2024-09-20 12:40:24.237000,428.038470889335,100
2024-09-20 12:40:24.301000,428.0428092559109,11
2024-09-20 12:40:24.454000,428.0545860184845,99
2024-09-20 12:40:24.484000,428.1446890605068,5
2024-09-20 12:40:24.507000,428.0749041761717,97
2024-09-20 12:40:24.509000,428.1498755409022,12
2024-09-20 12:40:24.579000,428.0706066724927,5
2024-09-20 12:40:24.777000,428.13179012965634,8
2024-09-20 12:40:24.793000,428.09028338000246,1005
2024-09-20 12:40:24.839000,428.1366653039116,8
2024-09-20 12:40:24.841000,428.1213598018884,5
2024-09-20 12:40:24.850000,428.04263044970696,7
2024-09-20 12:40:24.876000,428.1134855123814,7
2024-09-20 12:40:24.890000,428.062524419333,97
2024-09-20 12:40:24.916000,428.0825215875369,102
2024-09-20 12:40:24.941000,428.0493024618296,998
2024-09-20 12:40:24.986000,428.11924326156776,13
2024-09-20 12:40:25.012000,428.0486279965757,1003
2024-09-20 12:40:25.042000,428.0476837207987,97
2024-09-20 12:40:25.154000,427.9977754715668,103
2024-09-20 12:40:25.177000,428.0341516565467,101
2024-09-20 12:40:25.257000,427.9897361866263,5
2024-09-20 12:40:25.335000,428.0504554117476,96
2024-09-20 12:40:25.381000,428.048506714806,12
2024-09-20 12:40:25.442000,428.0265732406074,995
2024-09-20 12:40:25.480000,428.0022080044753,98
2024-09-20 12:40:25.584000,428.0504990692047,102
2024-09-20 12:40:25.587000,427.9939386121882,101
2024-09-20 12:40:25.659000,428.0526159590264,102
2024-09-20 12:40:25.769000,428.0132141250327,100
2024-09-20 12:40:25.947000,428.0136342576938,99
2024-09-20 12:40:25.986000,428.0400718734811,996
2024-09-20 12:40:27.101000,428.09496269161417,9
2024-09-20 12:40:27.111000,428.0595769609944,1002
2024-09-20 12:40:27.191000,428.0544209884818,996
2024-09-20 12:40:27.243000,428.0207778199196,1002
2024-09-20 12:40:27.361000,428.0418199746346,10
2024-09-20 12:40:27.364000,428.00963081659296,996
2024-09-20 12:40:27.384000,428.0771113014231,99
2024-09-20 12:40:27.471000,427.99924088450064,1001
2024-09-20 12:40:27.544000,428.0668045393031,13
2024-09-20 12:40:27.564000,428.0429082385198,1001
2024-09-20 12:40:27.577000,428.0697474402329,1002
2024-09-20 12:40:27.583000,428.02862749311936,99
2024-09-20 12:40:27.610000,428.09251289317,1000
2024-09-20 12:40:27.620000,428.04367930609504,996
2024-09-20 12:40:27.717000,428.06838894671785,101
2024-09-20 12:40:27.728000,428.0488633338711,1005
2024-09-20 12:40:27.748000,428.0921976447601,998
2024-09-20 12:40:27.772000,428.0592348807499,102
2024-09-20 12:40:27.854000,428.0542151755269,8
2024-09-20 12:40:27.890000,428.0537941867156,102
2024-09-20 12:40:27.904000,428.0998287067191,104
2024-09-20 12:40:27.950000,428.06394481247673,103
2024-09-20 12:40:27.960000,428.0349017543116,999
2024-09-20 12:40:27.960000,428.0239757486131,996
2024-09-20 12:40:28.058000,428.1667347443668,998
2024-09-20 12:40:28.120000,428.1201131724673,1005
2024-09-20 12:40:28.246000,428.1073567567536,12
2024-09-20 12:40:28.273000,428.1021480191352,1005
2024-09-20 12:40:28.295000,428.1007691919453,96
2024-09-20 12:40:28.321000,428.0912173658113,100
2024-09-20 12:40:28.336000,428.1706414118871,105
2024-09-20 12:40:28.336000,428.1448899060972,997
2024-09-20 12:40:28.336000,428.132614811145,8
2024-09-20 12:40:28.340000,428.0979321233815,12
2024-09-20 12:40:28.483000,428.0973221818856,98
2024-09-20 12:40:28.484000,428.1971531960223,1005
2024-09-20 12:40:28.525000,428.16316494218825,997
2024-09-20 12:40:28.538000,428.1158360107342,12
2024-09-20 12:40:28.604000,428.1055306885829,1005
2024-09-20 12:40:28.644000,428.2031561045687,1003
2024-09-20 12:40:28.662000,428.10648316011327,998
2024-09-20 12:40:28.664000,428.1249429391473,1004
2024-09-20 12:40:28.787000,428.1594193354848,105
2024-09-20 12:40:28.832000,428.15121839720746,97
2024-09-20 12:40:28.840000,428.12371389643175,1003
2024-09-20 12:40:28.841000,428.1661449998898,1001
2024-09-20 12:40:28.859000,428.1050466930116,997
2024-09-20 12:40:28.880000,428.1244234668481,1005
2024-09-20 12:40:28.882000,428.1394708544857,104
2024-09-20 12:40:28.989000,428.1789203376302,998
2024-09-20 12:40:29.030000,428.2521006801952,996
2024-09-20 12:40:29.296000,428.2547745752443,6
2024-09-20 12:40:29.342000,428.21695326512855,6
2024-09-20 12:40:29.353000,428.2607782738531,999
2024-09-20 12:40:29.588000,428.2511901147815,995
2024-09-20 12:40:29.618000,428.2737385132776,9
2024-09-20 12:40:29.659000,428.2765866243925,10
2024-09-20 12:40:29.724000,428.281550991208,1002
2024-09-20 12:40:29.936000,428.2031436748015,14
2024-09-20 12:40:29.957000,428.2720597276685,1005
2024-09-20 12:40:30.030000,428.2742914442286,10
2024-09-20 12:40:30.049000,428.2641196760096,9
2024-09-20 12:40:30.083000,428.2662659974117,999
2024-09-20 12:40:30.291000,428.2823574542204,97
2024-09-20 12:40:30.336000,428.26254357507736,997
2024-09-20 12:40:30.460000,428.2725572493045,98
2024-09-20 12:40:30.671000,428.2772538067377,1005
2024-09-20 12:40:30.704000,428.2459401989863,105
2024-09-20 12:40:30.877000,428.2661280373748,15
2024-09-20 12:40:30.994000,428.2804042847527,11
2024-09-20 12:40:31.477000,428.26365609271073,9
2024-09-20 12:40:32.097000,428.26923484770896,11
2024-09-20 12:40:32.105000,428.2819745269289,15
2024-09-20 12:40:32.122000,428.29450993051336,1000
2024-09-20 12:40:32.138000,428.2910990817027,997
2024-09-20 12:40:32.149000,428.258044756054,1004
2024-09-20 12:40:32.375000,428.3034106832128,15
2024-09-20 12:40:32.411000,428.3122946253839,11
2024-09-20 12:40:32.435000,428.27684170068886,8
2024-09-20 12:40:32.567000,428.3027177098068,97
2024-09-20 12:40:32.570000,428.305743199646,1003
2024-09-20 12:40:32.605000,428.26748863592377,1001
2024-09-20 12:40:32.619000,428.2707935636272,11
2024-09-20 12:40:32.702000,428.2784417136772,1000
2024-09-20 12:40:32.712000,428.3307310977049,9
2024-09-20 12:40:32.719000,428.2778758418004,101
2024-09-20 12:40:32.767000,428.3148407991277,96
2024-09-20 12:40:32.777000,428.2611402744936,1000
2024-09-20 12:40:32.820000,428.2664871983571,98
2024-09-20 12:40:32.835000,428.2887360931728,996
2024-09-20 12:40:32.950000,428.2976402568016,1002
2024-09-20 12:40:32.992000,428.26547217058345,1003
2024-09-20 12:40:32.995000,428.28988985623175,12
2024-09-20 12:40:33.023000,428.3203480908229,105
2024-09-20 12:40:33.053000,428.3309083550773,998
2024-09-20 12:40:33.280000,428.3133814869705,13
2024-09-20 12:40:33.292000,428.3111843967481,8
2024-09-20 12:40:33.311000,428.3324763758719,1002
2024-09-20 12:40:33.332000,428.3423935814694,101
2024-09-20 12:40:33.470000,428.31406968610855,7
2024-09-20 12:40:33.495000,428.3533165629267,999
2024-09-20 12:40:33.517000,428.30087139221575,104
2024-09-20 12:40:33.794000,428.2840277100937,12
2024-09-20 12:40:33.802000,428.32267050970216,101
2024-09-20 12:40:33.871000,428.3257809841746,98
2024-09-20 12:40:33.875000,428.31242346348114,14
2024-09-20 12:40:33.969000,428.33535209070646,998
2024-09-20 12:40:33.972000,428.3187693734221,12
2024-09-20 12:40:34.105000,428.3436702539847,12
2024-09-20 12:40:34.377000,428.3417365901649,995
2024-09-20 12:40:34.964000,428.3477615728554,97
2024-09-20 12:40:35.075000,428.3453303240134,997
2024-09-20 12:40:35.129000,428.35537027936033,999
2024-09-20 12:40:35.176000,428.3705955296098,1005
2024-09-20 12:40:35.243000,428.3717024491643,997
2024-09-20 12:40:35.426000,428.3471522843216,95
2024-09-20 12:40:35.482000,428.3558337053786,15
2024-09-20 12:40:35.531000,428.3564822558101,10
2024-09-20 12:40:35.572000,428.3508036789358,12
2024-09-20 12:40:35.586000,428.36604052347263,11
2024-09-20 12:40:35.700000,428.3634281009989,1002
2024-09-20 12:40:35.774000,428.37279300644224,9
2024-09-20 12:40:35.892000,428.33414781137617,1004
2024-09-20 12:40:35.944000,428.3596461385207,105
2024-09-20 12:40:36.021000,428.4278745153995,11
2024-09-20 12:40:36.037000,428.4186642037246,1000
2024-09-20 12:40:36.055000,428.4062275468905,11
2024-09-20 12:40:36.059000,428.4039450522076,7
2024-09-20 12:40:36.059000,428.3599595736488,104
2024-09-20 12:40:36.164000,428.35276747566576,998
2024-09-20 12:40:36.193000,428.3742956990929,105
2024-09-20 12:40:36.237000,428.3493755325992,7
2024-09-20 12:40:36.403000,428.335828955531,95
2024-09-20 12:40:36.486000,428.4008188331744,13
2024-09-20 12:40:36.501000,428.3597558685159,103
2024-09-20 12:40:36.528000,428.3634284186629,998
2024-09-20 12:40:36.721000,428.3882920023562,11
2024-09-20 12:40:36.935000,428.3467191994018,13
2024-09-20 12:40:36.948000,428.41195619928686,996
2024-09-20 12:40:37.027000,428.3680116605514,5
2024-09-20 12:40:37.033000,428.3511179618756,104
2024-09-20 12:40:37.052000,428.35366072759433,102
2024-09-20 12:40:37.137000,428.3500874615553,999
2024-09-20 12:40:37.138000,428.3332268927744,101
2024-09-20 12:40:37.204000,428.3261795002328,14
2024-09-20 12:40:37.309000,428.34548983431,8
2024-09-20 12:40:37.610000,428.3409274922777,97
2024-09-20 12:40:37.657000,428.4016612644359,1005
2024-09-20 12:40:37.677000,428.34508531736367,95
2024-09-20 12:40:37.833000,428.3732924170142,11
2024-09-20 12:40:37.911000,428.36030597837305,999
2024-09-20 12:40:37.942000,428.3410845341931,95
2024-09-20 12:40:37.978000,428.32375828467,96
2024-09-20 12:40:38.595000,428.3399725771105,10
2024-09-20 12:40:39.004000,428.34124900982977,13
2024-09-20 12:40:39.184000,428.3311514338828,12
2024-09-20 12:40:39.304000,428.36390810393954,1002
2024-09-20 12:40:39.323000,428.37026154518486,97
2024-09-20 12:40:39.397000,428.34476090222415,9
2024-09-20 12:40:39.445000,428.3288059796629,5
2024-09-20 12:40:39.504000,428.32939699058346,103
2024-09-20 12:40:39.512000,428.3357412962725,97
2024-09-20 12:40:39.630000,428.3365865834353,15
2024-09-20 12:40:39.691000,428.3321006352127,103
2024-09-20 12:40:39.906000,428.32459434807294,13
2024-09-20 12:40:39.984000,428.3348235047321,103
2024-09-20 12:40:40.113000,428.3203359834455,15
2024-09-20 12:40:40.139000,428.37320031132055,997
2024-09-20 12:40:40.197000,428.3608382489569,6
2024-09-20 12:40:40.297000,428.3930416054472,14
2024-09-20 12:40:40.391000,428.3489457765694,998
2024-09-20 12:40:40.561000,428.3800178208309,102
2024-09-20 12:40:40.565000,428.3460291197707,95
2024-09-20 12:40:40.573000,428.3250239440988,1003
2024-09-20 12:40:40.605000,428.3424136368162,14
2024-09-20 12:40:40.624000,428.3597383656736,7
2024-09-20 12:40:40.685000,428.3215925904007,104
2024-09-20 12:40:40.687000,428.3082613180353,1003
2024-09-20 12:40:40.811000,428.3169477135556,996
2024-09-20 12:40:40.927000,428.37187726126194,11
2024-09-20 12:40:40.969000,428.3491743996014,96
2024-09-20 12:40:40.987000,428.3707592851868,102
2024-09-20 12:40:41.037000,428.32098735514666,996
2024-09-20 12:40:41.083000,428.328073867129,999
2024-09-20 12:40:41.105000,428.2938803052801,104
2024-09-20 12:40:41.149000,428.3051009781346,12
2024-09-20 12:40:41.156000,428.3150941904244,999
2024-09-20 12:40:41.190000,428.3167076561477,9
2024-09-20 12:40:41.203000,428.32330843133167,1004
2024-09-20 12:40:41.264000,428.3055831944101,996
2024-09-20 12:40:41.294000,428.2898450122543,999
2024-09-20 12:40:41.313000,428.31112562718914,14
2024-09-20 12:40:41.387000,428.3099343859851,10
2024-09-20 12:40:41.416000,428.3171856906381,999
2024-09-20 12:40:41.432000,428.3064668523873,6
2024-09-20 12:40:41.475000,428.2988933492101,14
2024-09-20 12:40:41.500000,428.3181304488706,13
2024-09-20 12:40:41.528000,428.3071128866845,999
2024-09-20 12:40:41.587000,428.296635291965,103
2024-09-20 12:40:41.655000,428.30853650468094,8
2024-09-20 12:40:41.788000,428.3020413462362,15
2024-09-20 12:40:41.799000,428.3188069253192,104
2024-09-20 12:40:41.817000,428.3092426703597,13
2024-09-20 12:40:41.852000,428.3309517884284,8
2024-09-20 12:40:41.934000,428.3221600561954,105
2024-09-20 12:40:41.993000,428.3167715037904,15
2024-09-20 12:40:41.994000,428.32748850851857,6
2024-09-20 12:40:42.029000,428.2631653919258,105
2024-09-20 12:40:42.034000,428.280234951194,12
2024-09-20 12:40:42.131000,428.2590934015693,101
2024-09-20 12:40:42.138000,428.27958440196574,8
2024-09-20 12:40:42.187000,428.2325227886298,15
2024-09-20 12:40:42.362000,428.2002621035048,99
2024-09-20 12:40:42.431000,428.18504926814194,996
2024-09-20 12:40:42.491000,428.1884755198493,1003
2024-09-20 12:40:42.505000,428.18542030408935,9
2024-09-20 12:40:42.511000,428.2701377738041,997
2024-09-20 12:40:42.520000,428.1946772370802,9
2024-09-20 12:40:42.550000,428.175702951978,104
2024-09-20 12:40:42.640000,428.20961236308415,1002
2024-09-20 12:40:42.681000,428.2936708133471,14
2024-09-20 12:40:42.801000,428.25449183642127,96
2024-09-20 12:40:42.893000,428.16653173884754,15
2024-09-20 12:40:42.967000,428.1949609065999,1000
2024-09-20 12:40:43.042000,428.23722172624673,12
2024-09-20 12:40:43.152000,428.2146539079939,995
2024-09-20 12:40:43.198000,428.2245835370717,996
2024-09-20 12:40:43.426000,428.2156048001175,103
2024-09-20 12:40:43.515000,428.2099163396493,7
2024-09-20 12:40:43.589000,428.233073288399,101
2024-09-20 12:40:43.594000,428.2155764466216,103
2024-09-20 12:40:43.796000,428.2244690731503,8
2024-09-20 12:40:43.947000,428.24292637898577,995
2024-09-20 12:40:44.008000,428.23725195625104,10
2024-09-20 12:40:44.071000,428.2246331557421,14
2024-09-20 12:40:44.109000,428.2300345319868,14
2024-09-20 12:40:44.178000,428.2158118259928,95
2024-09-20 12:40:44.205000,428.23644203158864,6
2024-09-20 12:40:44.278000,428.2314154125923,95
2024-09-20 12:40:44.360000,428.2226330490069,5
2024-09-20 12:40:44.412000,428.2034076901532,1002
2024-09-20 12:40:44.449000,428.2251550290681,1002
2024-09-20 12:40:44.758000,428.21595921350746,995
2024-09-20 12:40:44.818000,428.2055234170725,1002
2024-09-20 12:40:44.838000,428.2466462715852,997
2024-09-20 12:40:44.921000,428.2315928093077,1005
2024-09-20 12:40:45.063000,428.2037839680344,998
2024-09-20 12:40:45.096000,428.2050740785942,1004
2024-09-20 12:40:45.222000,428.2008058377714,95
2024-09-20 12:40:45.293000,428.200500909785,1003
2024-09-20 12:40:45.400000,428.2045738962185,999
2024-09-20 12:40:45.415000,428.20755398428224,7
2024-09-20 12:40:45.447000,428.21176442403794,101
2024-09-20 12:40:45.545000,428.2067428744467,996
2024-09-20 12:40:45.563000,428.2006254165007,100
2024-09-20 12:40:45.748000,428.2132251704599,15
2024-09-20 12:40:45.782000,428.2028190459495,14
2024-09-20 12:40:45.802000,428.22414636798027,5
2024-09-20 12:40:45.862000,428.2116622446964,6
2024-09-20 12:40:45.888000,428.2100965664524,9
2024-09-20 12:40:45.901000,428.2131408622411,104
2024-09-20 12:40:46.216000,428.22376242376527,99
2024-09-20 12:40:46.468000,428.2002570721178,998
2024-09-20 12:40:46.776000,428.1937725423796,1004
2024-09-20 12:40:46.778000,428.1900649450111,103
2024-09-20 12:40:46.834000,428.1937692724012,95
2024-09-20 12:40:46.978000,428.19950395375184,14
2024-09-20 12:40:47.277000,428.1786844365695,97
2024-09-20 12:40:48.038000,428.1895219002909,101
2024-09-20 12:40:48.130000,428.1494180835595,999
2024-09-20 12:40:48.148000,428.2082670047073,1004
2024-09-20 12:40:48.151000,428.1727041692748,1005
2024-09-20 12:40:48.251000,428.1833088106158,1005
2024-09-20 12:40:48.343000,428.1646086976457,97
2024-09-20 12:40:48.371000,428.16354114436257,1001
2024-09-20 12:40:48.405000,428.1882740894357,11
2024-09-20 12:40:48.435000,428.1990612845015,5
2024-09-20 12:40:48.438000,428.18117878978944,1001
2024-09-20 12:40:48.445000,428.1816439981205,995
2024-09-20 12:40:48.497000,428.186379212905,998
2024-09-20 12:40:48.607000,428.1547613918896,996
2024-09-20 12:40:48.649000,428.1807112927086,9
2024-09-20 12:40:48.653000,428.1916856506808,103
2024-09-20 12:40:48.745000,428.15922738318073,96
2024-09-20 12:40:48.758000,428.1621566282343,13
2024-09-20 12:40:48.761000,428.18387311556114,98
2024-09-20 12:40:48.778000,428.1740065699027,101
2024-09-20 12:40:48.861000,428.178115511648,999
2024-09-20 12:40:48.864000,428.1493326591165,7
2024-09-20 12:40:48.876000,428.1773731086892,11
2024-09-20 12:40:48.924000,428.1820144302403,995
2024-09-20 12:40:49.034000,428.06945839964885,101
2024-09-20 12:40:49.139000,428.0947052209729,995
2024-09-20 12:40:49.140000,428.1789483973111,95
2024-09-20 12:40:49.209000,428.0332962843343,997
2024-09-20 12:40:49.268000,428.0999395315048,997
2024-09-20 12:40:49.304000,428.12029299454986,998
2024-09-20 12:40:49.355000,428.1551290810881,9
2024-09-20 12:40:49.413000,428.1449828143503,1005
2024-09-20 12:40:49.444000,428.02169810939415,12
2024-09-20 12:40:49.474000,428.0187341548447,996
2024-09-20 12:40:49.502000,428.0278952680496,1004
2024-09-20 12:40:49.505000,428.1142476524719,97
2024-09-20 12:40:49.536000,428.02686418612416,1003
2024-09-20 12:40:49.547000,428.1036881718875,1002
2024-09-20 12:40:49.572000,428.0252340768728,6
2024-09-20 12:40:49.801000,428.01217689256623,101
2024-09-20 12:40:49.808000,428.16745062737374,995
2024-09-20 12:40:49.822000,428.0161371776384,105
2024-09-20 12:40:49.829000,428.1854876835183,997
2024-09-20 12:40:49.853000,428.0081780373748,10
2024-09-20 12:40:49.869000,428.10676443415,8
2024-09-20 12:40:49.896000,428.1284913477763,7
2024-09-20 12:40:49.912000,428.15972046235424,5
2024-09-20 12:40:49.931000,428.17838220777696,99
2024-09-20 12:40:49.974000,428.10600862725374,1005
2024-09-20 12:40:51.024000,427.9962320235288,1002
2024-09-20 12:40:51.045000,427.9915960605804,102
2024-09-20 12:40:51.054000,427.9993001633084,999
2024-09-20 12:40:51.087000,427.9817082008902,1000
2024-09-20 12:40:51.088000,428.0128316644976,7
2024-09-20 12:40:51.118000,428.026179994685,15
2024-09-20 12:40:51.129000,428.0232264106157,6
2024-09-20 12:40:51.141000,428.0312469108899,995
2024-09-20 12:40:51.178000,427.964706269953,100
2024-09-20 12:40:51.245000,428.0036653248823,998
2024-09-20 12:40:51.292000,428.002148710806,7
2024-09-20 12:40:51.297000,428.0126135621486,102
2024-09-20 12:40:51.361000,428.0096699672864,102
2024-09-20 12:40:51.377000,428.0173702707973,1000
2024-09-20 12:40:51.446000,427.9864210199764,6
2024-09-20 12:40:51.679000,428.0042876649304,105
2024-09-20 12:40:51.714000,427.9614046836216,1005
2024-09-20 12:40:51.744000,428.0061801359206,1001
2024-09-20 12:40:51.754000,427.98582257336267,99
2024-09-20 12:40:51.773000,428.02714841005735,105
2024-09-20 12:40:51.824000,428.0071939355193,14
2024-09-20 12:40:51.958000,427.9956463008909,15
2024-09-20 12:40:52.058000,427.96263309093854,8
2024-09-20 12:40:52.181000,427.925144208441,1000
2024-09-20 12:40:52.208000,427.967889255973,1004
2024-09-20 12:40:52.234000,427.93725403552327,13
2024-09-20 12:40:52.283000,427.9326892967413,9
2024-09-20 12:40:52.365000,427.8958195954127,1001
2024-09-20 12:40:52.423000,427.9255829845674,1003
2024-09-20 12:40:52.444000,427.9561861586509,1001
2024-09-20 12:40:52.452000,427.9348753378399,101
2024-09-20 12:40:52.499000,427.9524437558215,1000
2024-09-20 12:40:52.604000,427.9493951002453,6
2024-09-20 12:40:52.630000,427.9481050809051,10
2024-09-20 12:40:52.758000,427.9178533296204,6
2024-09-20 12:40:52.793000,427.9722736676029,1002
2024-09-20 12:40:52.804000,427.9508625072599,995
2024-09-20 12:40:52.889000,427.931221085068,15
2024-09-20 12:40:52.947000,427.9311091853154,8
2024-09-20 12:40:52.952000,427.95784751227,5
2024-09-20 12:40:52.961000,427.9433850378012,11
2024-09-20 12:40:52.971000,427.9553145833024,8
2024-09-20 12:40:52.987000,427.9599456377528,9
2024-09-20 12:40:53.063000,427.8862945479535,999
2024-09-20 12:40:53.260000,427.8709812928543,7
2024-09-20 12:40:53.281000,427.9131498017141,104
2024-09-20 12:40:53.299000,427.872053461562,14
2024-09-20 12:40:54.261000,427.87761111717833,11
2024-09-20 12:40:54.867000,427.8807483689828,998
2024-09-20 12:40:55.107000,427.86401511294025,99
2024-09-20 12:40:55.141000,427.8669432563975,6
2024-09-20 12:40:55.150000,427.79584042672417,1000
2024-09-20 12:40:55.216000,427.871932612976,101
2024-09-20 12:40:55.250000,427.86974455684856,9
2024-09-20 12:40:55.254000,427.7928351308998,996
2024-09-20 12:40:55.272000,427.7818400139723,13
2024-09-20 12:40:55.290000,427.8749674389183,97
2024-09-20 12:40:55.312000,427.86285434512826,1002
2024-09-20 12:40:55.350000,427.8043642024387,13
2024-09-20 12:40:55.368000,427.7841638188799,10
2024-09-20 12:40:55.460000,427.8431346980106,102
2024-09-20 12:40:55.579000,427.7935046468192,11
2024-09-20 12:40:55.612000,427.7789635876655,99
2024-09-20 12:40:55.696000,427.8212074954725,7
2024-09-20 12:40:55.746000,427.86675521786606,1004
2024-09-20 12:40:55.785000,427.869424651689,97
2024-09-20 12:40:55.802000,427.8762982260379,13
2024-09-20 12:40:55.829000,427.799173187337,14
2024-09-20 12:40:55.876000,427.8024601095135,13
2024-09-20 12:40:55.939000,427.8774441060856,998
2024-09-20 12:40:56.182000,427.76458474527766,5
2024-09-20 12:40:56.207000,427.8336415483776,96
2024-09-20 12:40:56.353000,427.7891714153351,10
2024-09-20 12:40:56.415000,427.7891305988632,999
2024-09-20 12:40:56.563000,427.7887137871471,13
2024-09-20 12:40:56.572000,427.803697725463,7
2024-09-20 12:40:56.622000,427.8304496949765,996
2024-09-20 12:40:56.765000,427.80069773056914,7
2024-09-20 12:40:56.957000,427.8274754273288,1003
2024-09-20 12:40:57.038000,427.84792639596327,95
2024-09-20 12:40:57.087000,427.8391520316062,101
2024-09-20 12:40:57.108000,427.8739878074964,96
2024-09-20 12:40:57.133000,427.8497495115729,1005
2024-09-20 12:40:57.232000,427.8580410864398,1003
2024-09-20 12:40:57.294000,427.88040791670426,105
2024-09-20 12:40:57.352000,427.9125560790716,15
2024-09-20 12:40:57.531000,427.8478176838004,103
2024-09-20 12:40:57.584000,427.8711493898272,1005
2024-09-20 12:40:57.596000,427.831339950978,996
2024-09-20 12:40:57.631000,427.8388091338912,99
2024-09-20 12:40:57.656000,427.86258478202336,100
2024-09-20 12:40:57.782000,427.8607204098511,96
2024-09-20 12:40:57.933000,427.8888869254348,9
2024-09-20 12:40:57.993000,427.8743829402115,103
2024-09-20 12:40:58.069000,427.8630822828261,1000
2024-09-20 12:40:58.115000,427.8897387678486,98
2024-09-20 12:40:58.132000,427.8593231738013,98
2024-09-20 12:40:58.151000,427.8983600661587,96
2024-09-20 12:40:58.156000,427.8576293272299,9
2024-09-20 12:40:58.193000,427.8474978524174,100
2024-09-20 12:40:58.364000,427.8626645421982,10
2024-09-20 12:40:58.381000,427.8583906142102,96
2024-09-20 12:40:58.559000,427.8978257364675,13
2024-09-20 12:40:58.583000,427.8441055949085,995
2024-09-20 12:40:58.622000,427.86140861340346,999
2024-09-20 12:40:58.649000,427.8658504696581,102
2024-09-20 12:40:58.664000,427.9122854165262,14
2024-09-20 12:40:58.786000,427.8712576840202,103
2024-09-20 12:40:58.793000,427.9035490668358,99
2024-09-20 12:40:58.841000,427.877495976686,6
2024-09-20 12:40:58.841000,427.8550142015643,1002
2024-09-20 12:40:58.941000,427.87014236339513,13
2024-09-20 12:40:59.072000,427.8479259514797,10
2024-09-20 12:40:59.099000,427.865259622897,103
2024-09-20 12:40:59.379000,427.8565374007639,1005
2024-09-20 12:40:59.528000,427.8409791975226,13
2024-09-20 12:40:59.568000,427.86470180117976,5
2024-09-20 12:40:59.607000,427.849655858439,995
2024-09-20 12:40:59.618000,427.8772562082574,100
2024-09-20 12:40:59.829000,427.8224765262324,10
