Timestamp,Price,Size
2024-09-17 12:54:00,406.9208453129205,14
2024-09-17 12:54:00.056000,406.9077142716084,104
2024-09-17 12:54:00.058000,406.9597894576704,1003
2024-09-17 12:54:00.196000,406.9580087960852,102
2024-09-17 12:54:00.361000,406.91604953859695,101
2024-09-17 12:54:00.384000,406.9649059575194,105
2024-09-17 12:54:00.391000,406.9160093348494,95
2024-09-17 12:54:00.441000,406.97244970731134,98
2024-09-17 12:54:00.496000,406.9406772729124,15
2024-09-17 12:54:00.534000,406.94076748811887,14
2024-09-17 12:54:00.538000,406.954114525818,7
2024-09-17 12:54:00.547000,406.9120416014479,1002
2024-09-17 12:54:00.588000,406.91837912090426,98
2024-09-17 12:54:00.613000,406.9140002422404,98
2024-09-17 12:54:00.709000,406.9658954282186,105
2024-09-17 12:54:00.829000,406.91698606640966,1005
2024-09-17 12:54:00.842000,406.914065336928,1002
2024-09-17 12:54:00.915000,406.9411779430848,996
2024-09-17 12:54:00.965000,406.9116309888757,8
2024-09-17 12:54:01.009000,406.97096320392166,1003
2024-09-17 12:54:01.082000,406.9958208415978,1000
2024-09-17 12:54:01.084000,407.0112579156952,13
2024-09-17 12:54:01.140000,406.9904522127491,95
2024-09-17 12:54:01.192000,406.96397472972507,996
2024-09-17 12:54:01.244000,406.999166462721,103
2024-09-17 12:54:01.346000,407.0362656846964,998
2024-09-17 12:54:01.347000,407.01954818243,998
2024-09-17 12:54:01.377000,406.9596108640689,99
2024-09-17 12:54:01.419000,406.9583503720778,1001
2024-09-17 12:54:01.468000,406.9853000991714,8
2024-09-17 12:54:01.497000,406.9985629717135,13
2024-09-17 12:54:01.521000,406.9618838747745,6
2024-09-17 12:54:01.534000,406.9720791860004,9
2024-09-17 12:54:01.600000,406.95542897571386,996
2024-09-17 12:54:01.601000,406.9510239148656,96
2024-09-17 12:54:01.604000,406.96414012887686,13
2024-09-17 12:54:01.613000,406.99192032319655,10
2024-09-17 12:54:01.638000,406.99852868846864,995
2024-09-17 12:54:01.641000,406.9546374690431,15
2024-09-17 12:54:01.739000,407.0133278892599,997
2024-09-17 12:54:01.800000,407.0366323048098,11
2024-09-17 12:54:01.940000,406.9852988578042,996
2024-09-17 12:54:02.003000,407.0423283680287,105
2024-09-17 12:54:02.144000,407.03102925060426,95
2024-09-17 12:54:02.203000,407.0358908392848,998
2024-09-17 12:54:02.574000,407.0436330823187,105
2024-09-17 12:54:02.719000,407.03623877009954,96
2024-09-17 12:54:03.127000,407.0285128883037,998
2024-09-17 12:54:03.134000,407.037631705704,102
2024-09-17 12:54:03.137000,407.0323759862573,95
2024-09-17 12:54:03.364000,407.0311671073746,10
2024-09-17 12:54:03.420000,407.0310716923984,96
2024-09-17 12:54:03.494000,407.0361392113218,999
2024-09-17 12:54:03.517000,407.0195164823677,100
2024-09-17 12:54:03.559000,407.02781245912456,1002
2024-09-17 12:54:03.567000,407.0209675914789,995
2024-09-17 12:54:03.574000,407.03905806794177,99
2024-09-17 12:54:03.591000,407.0467149797431,105
2024-09-17 12:54:03.597000,407.0309160895877,101
2024-09-17 12:54:03.653000,407.0253450330756,98
2024-09-17 12:54:03.682000,407.0217206629742,997
2024-09-17 12:54:03.685000,407.033482644024,1005
2024-09-17 12:54:03.742000,407.0378203231388,999
2024-09-17 12:54:03.773000,407.0293235626455,96
2024-09-17 12:54:03.782000,407.0181716291624,9
2024-09-17 12:54:03.869000,407.034508140532,998
2024-09-17 12:54:03.939000,407.0287648123265,103
2024-09-17 12:54:03.956000,407.0343659428349,11
2024-09-17 12:54:04.291000,407.0105855597188,98
2024-09-17 12:54:04.484000,407.0039805232908,103
2024-09-17 12:54:05.031000,407.0208056675248,12
2024-09-17 12:54:05.248000,407.0061569531704,15
2024-09-17 12:54:05.287000,407.00497512554944,103
2024-09-17 12:54:05.413000,406.9879792797087,1002
2024-09-17 12:54:05.418000,407.0087411074588,1002
2024-09-17 12:54:05.907000,407.0170422412791,13
2024-09-17 12:54:05.929000,406.9938199752565,14
2024-09-17 12:54:05.963000,407.00849419285294,998
2024-09-17 12:54:06.023000,407.0549843165352,12
2024-09-17 12:54:06.038000,407.03473246057126,10
2024-09-17 12:54:06.050000,407.0065102150783,13
2024-09-17 12:54:06.108000,407.0259802045293,1005
2024-09-17 12:54:06.165000,407.0165216542908,1003
2024-09-17 12:54:06.180000,407.02617179334726,15
2024-09-17 12:54:06.185000,407.0186270900639,99
2024-09-17 12:54:06.199000,407.006435806908,98
2024-09-17 12:54:06.214000,407.0449350620821,10
2024-09-17 12:54:06.417000,407.05911181374535,1005
2024-09-17 12:54:06.419000,407.0627818808697,98
2024-09-17 12:54:06.478000,407.02597668637895,1001
2024-09-17 12:54:06.483000,407.03007491692233,98
2024-09-17 12:54:06.500000,407.0375446498927,98
2024-09-17 12:54:06.577000,407.0354930836304,1004
2024-09-17 12:54:06.653000,407.0322207597104,104
2024-09-17 12:54:06.711000,407.0158989965579,9
2024-09-17 12:54:06.729000,407.0245190403098,9
2024-09-17 12:54:06.749000,407.031539075578,997
2024-09-17 12:54:06.866000,407.0469954417658,998
2024-09-17 12:54:06.894000,407.0530363334445,1004
2024-09-17 12:54:06.910000,407.0318094959633,97
2024-09-17 12:54:06.917000,407.0424901997099,1003
2024-09-17 12:54:07.125000,407.04140058932506,1000
2024-09-17 12:54:07.145000,407.0198502656089,1001
2024-09-17 12:54:07.146000,407.03084568900783,99
2024-09-17 12:54:07.163000,407.03082271348535,10
2024-09-17 12:54:07.240000,407.0326141893985,1002
2024-09-17 12:54:07.401000,407.04962675390647,999
2024-09-17 12:54:07.427000,407.04445285807856,998
2024-09-17 12:54:07.545000,407.0445711775512,999
2024-09-17 12:54:07.685000,407.02267790324737,13
2024-09-17 12:54:07.692000,407.0043999866828,95
2024-09-17 12:54:07.734000,407.0131591033622,95
2024-09-17 12:54:07.774000,407.0055686743639,8
2024-09-17 12:54:07.802000,407.03926205730255,5
2024-09-17 12:54:07.803000,407.0331627469544,104
2024-09-17 12:54:07.838000,407.0282954915705,98
2024-09-17 12:54:07.854000,407.01588933117233,997
2024-09-17 12:54:07.857000,407.01925901580256,997
2024-09-17 12:54:07.864000,407.0421039981712,11
2024-09-17 12:54:07.907000,407.015483945782,10
2024-09-17 12:54:07.934000,407.0480116502901,8
2024-09-17 12:54:08,407.019077433784,100
2024-09-17 12:54:08.003000,407.0233577013733,15
2024-09-17 12:54:08.021000,407.028702696724,6
2024-09-17 12:54:08.024000,407.0185459734146,102
2024-09-17 12:54:08.049000,406.9745382139139,97
2024-09-17 12:54:08.091000,407.0856609562381,103
2024-09-17 12:54:08.262000,406.9971985901289,14
2024-09-17 12:54:08.292000,406.9967424110023,998
2024-09-17 12:54:08.344000,407.0047183449427,996
2024-09-17 12:54:08.362000,407.0532630461853,100
2024-09-17 12:54:08.470000,407.0289644691164,995
2024-09-17 12:54:08.478000,407.009807727908,8
2024-09-17 12:54:08.497000,407.01260454512646,105
2024-09-17 12:54:08.531000,407.00426264262313,1001
2024-09-17 12:54:08.535000,406.97953641061633,6
2024-09-17 12:54:08.549000,407.0671654448101,1004
2024-09-17 12:54:08.556000,407.02573855895054,1001
2024-09-17 12:54:08.661000,407.0894039577654,97
2024-09-17 12:54:08.673000,407.0681681350509,995
2024-09-17 12:54:08.777000,407.0103706188329,10
2024-09-17 12:54:08.823000,407.0458096405059,1001
2024-09-17 12:54:08.851000,407.0714659796819,15
2024-09-17 12:54:08.859000,407.0562734980536,997
2024-09-17 12:54:08.887000,407.00366481733306,10
2024-09-17 12:54:08.983000,407.0265373851172,13
2024-09-17 12:54:09.014000,407.1587698077747,101
2024-09-17 12:54:09.031000,407.1038145100927,101
2024-09-17 12:54:09.117000,407.15106757430266,14
2024-09-17 12:54:09.127000,407.0763371688952,9
2024-09-17 12:54:09.169000,407.12115548196806,15
2024-09-17 12:54:09.198000,407.0892035364423,7
2024-09-17 12:54:09.221000,407.0929603663118,105
2024-09-17 12:54:09.313000,407.0895093540259,7
2024-09-17 12:54:09.443000,407.10174380173896,1000
2024-09-17 12:54:09.560000,407.0948617921298,999
2024-09-17 12:54:09.670000,407.12076774587496,100
2024-09-17 12:54:09.715000,407.0732005604584,999
2024-09-17 12:54:09.747000,407.14943800991176,98
2024-09-17 12:54:09.756000,407.1006744992597,1005
2024-09-17 12:54:09.762000,407.08927714081614,8
2024-09-17 12:54:09.783000,407.0827608445396,1000
2024-09-17 12:54:09.855000,407.1584523476754,15
2024-09-17 12:54:09.934000,407.0992983269194,1005
2024-09-17 12:54:09.943000,407.10574813377497,1000
2024-09-17 12:54:09.987000,407.0966963135726,105
2024-09-17 12:54:10.018000,407.1370667572746,8
2024-09-17 12:54:10.035000,407.1413556429474,12
2024-09-17 12:54:10.195000,407.1249892839604,1005
2024-09-17 12:54:10.246000,407.1265274917471,98
2024-09-17 12:54:10.265000,407.127948181864,96
2024-09-17 12:54:10.271000,407.1288344841949,11
2024-09-17 12:54:10.330000,407.13822210165847,1003
2024-09-17 12:54:10.376000,407.1204169185892,105
2024-09-17 12:54:10.400000,407.1444867081832,103
2024-09-17 12:54:10.459000,407.1247561763554,997
2024-09-17 12:54:10.480000,407.11879582514376,96
2024-09-17 12:54:10.483000,407.1278718061487,999
2024-09-17 12:54:10.483000,407.1199843129741,101
2024-09-17 12:54:10.539000,407.1282655558774,1000
2024-09-17 12:54:10.568000,407.1144414920626,1004
2024-09-17 12:54:10.727000,407.09928770501926,101
2024-09-17 12:54:10.733000,407.1448098059343,1004
2024-09-17 12:54:10.751000,407.144429742149,996
2024-09-17 12:54:10.768000,407.1470436384317,7
2024-09-17 12:54:10.779000,407.1203434275332,1003
2024-09-17 12:54:10.795000,407.0929163271982,100
2024-09-17 12:54:10.799000,407.1394159693901,8
2024-09-17 12:54:10.801000,407.1322059821585,95
2024-09-17 12:54:10.809000,407.14465223275135,95
2024-09-17 12:54:10.908000,407.13744923903016,97
2024-09-17 12:54:10.926000,407.1153406497159,95
2024-09-17 12:54:10.968000,407.1301816219924,95
2024-09-17 12:54:10.972000,407.0970263844519,12
2024-09-17 12:54:11.266000,407.1349564760264,11
2024-09-17 12:54:11.492000,407.1379446175463,1003
2024-09-17 12:54:11.807000,407.1301744889405,12
2024-09-17 12:54:12.077000,407.1390846609512,102
2024-09-17 12:54:12.100000,407.1157708909293,1005
2024-09-17 12:54:12.168000,407.1496128009723,997
2024-09-17 12:54:12.316000,407.1253802164393,999
2024-09-17 12:54:12.365000,407.1252696546624,996
2024-09-17 12:54:12.453000,407.10540549982113,10
2024-09-17 12:54:12.599000,407.1141981019125,1001
2024-09-17 12:54:12.614000,407.0924942453052,996
2024-09-17 12:54:12.696000,407.1030807763652,105
2024-09-17 12:54:12.783000,407.1007248598312,995
2024-09-17 12:54:12.868000,407.0773840018368,101
2024-09-17 12:54:12.899000,407.1310653818414,999
2024-09-17 12:54:13.051000,407.1097343430543,9
2024-09-17 12:54:13.056000,407.1446826451385,102
2024-09-17 12:54:13.210000,407.1396615072541,97
2024-09-17 12:54:13.214000,407.1251837234326,15
2024-09-17 12:54:13.329000,407.073602588857,105
2024-09-17 12:54:13.486000,407.1424846321764,11
2024-09-17 12:54:13.498000,407.1119185109693,1005
2024-09-17 12:54:13.568000,407.1411672610522,13
2024-09-17 12:54:13.589000,407.1419780332217,105
2024-09-17 12:54:13.641000,407.02424719463903,7
2024-09-17 12:54:13.744000,407.0399247582805,104
2024-09-17 12:54:13.812000,407.0364718507,1000
2024-09-17 12:54:13.826000,407.1430597953221,999
2024-09-17 12:54:13.877000,407.1356016744119,1003
2024-09-17 12:54:13.974000,407.1365771776502,1003
2024-09-17 12:54:13.975000,407.0918456485763,5
2024-09-17 12:54:13.992000,407.1322820139004,1001
2024-09-17 12:54:14.079000,407.0461625065654,999
2024-09-17 12:54:14.320000,407.0340976302516,101
2024-09-17 12:54:14.335000,407.0171156356885,7
2024-09-17 12:54:14.973000,407.0355069595449,1005
2024-09-17 12:54:15.038000,407.02846557946,1002
2024-09-17 12:54:15.054000,407.0563310828414,13
2024-09-17 12:54:15.175000,407.0423063149249,95
2024-09-17 12:54:15.197000,407.0203556373508,1004
2024-09-17 12:54:15.238000,407.0270122003427,10
2024-09-17 12:54:15.243000,407.0338767078122,12
2024-09-17 12:54:15.288000,407.0194506353112,1002
2024-09-17 12:54:15.323000,407.011632453798,10
2024-09-17 12:54:15.379000,407.03006509345175,98
2024-09-17 12:54:15.512000,407.0461271362095,102
2024-09-17 12:54:15.554000,407.02710843157513,15
2024-09-17 12:54:15.636000,407.00224540748906,1004
2024-09-17 12:54:15.645000,407.0240743708622,104
2024-09-17 12:54:15.675000,407.0408817755429,6
2024-09-17 12:54:15.703000,407.0410797252503,998
2024-09-17 12:54:15.712000,407.060420212954,101
2024-09-17 12:54:15.712000,407.0356000610026,6
2024-09-17 12:54:15.786000,407.0615590499874,99
2024-09-17 12:54:15.848000,407.0703867042032,1000
2024-09-17 12:54:15.942000,407.0110899331166,14
2024-09-17 12:54:15.961000,407.0222647780084,99
2024-09-17 12:54:15.988000,407.0200377092765,1002
2024-09-17 12:54:16.006000,407.0710385727644,96
2024-09-17 12:54:16.012000,407.0584324892833,9
2024-09-17 12:54:16.070000,407.077369225956,1003
2024-09-17 12:54:16.184000,407.0741609189689,1001
2024-09-17 12:54:16.248000,407.0296759867904,6
2024-09-17 12:54:16.253000,407.05331220437233,95
2024-09-17 12:54:16.289000,407.0462513762512,1005
2024-09-17 12:54:16.304000,407.0812921047069,100
2024-09-17 12:54:16.350000,407.0753346879635,10
2024-09-17 12:54:16.352000,407.0936122660086,999
2024-09-17 12:54:16.397000,407.0692495381472,1005
2024-09-17 12:54:16.413000,407.0638918645966,103
2024-09-17 12:54:16.423000,407.0365348253228,10
2024-09-17 12:54:16.424000,407.0299162922808,999
2024-09-17 12:54:16.484000,407.0621620262254,999
2024-09-17 12:54:16.485000,407.03986452386886,10
2024-09-17 12:54:16.488000,407.0663564347773,997
2024-09-17 12:54:16.591000,407.0464917909948,100
2024-09-17 12:54:16.693000,407.0725368227738,15
2024-09-17 12:54:16.703000,407.0817721976776,15
2024-09-17 12:54:16.786000,407.08192652224136,999
2024-09-17 12:54:16.798000,407.0592440276004,95
2024-09-17 12:54:16.814000,407.0868946621783,100
2024-09-17 12:54:16.815000,407.07128390065947,10
2024-09-17 12:54:16.855000,407.1005267262381,7
2024-09-17 12:54:16.903000,407.03910706504814,95
2024-09-17 12:54:17.020000,406.9532852370703,100
2024-09-17 12:54:17.084000,406.96530207182303,97
2024-09-17 12:54:17.094000,407.02668799205975,98
2024-09-17 12:54:17.146000,406.93558472202,1005
2024-09-17 12:54:17.212000,407.0021018263904,999
2024-09-17 12:54:17.349000,407.00618621293273,1000
2024-09-17 12:54:17.401000,406.942586400986,104
2024-09-17 12:54:17.450000,406.9863289614559,15
2024-09-17 12:54:17.582000,406.9588775702539,1003
2024-09-17 12:54:17.590000,406.9495047727693,1005
2024-09-17 12:54:17.600000,406.9540076905014,14
2024-09-17 12:54:17.640000,406.94549885629255,998
2024-09-17 12:54:17.795000,406.97521602040734,1002
2024-09-17 12:54:17.798000,407.0102845721291,1003
2024-09-17 12:54:17.808000,406.94168266647193,95
2024-09-17 12:54:17.820000,406.993325836586,10
2024-09-17 12:54:17.916000,407.0158897776979,10
2024-09-17 12:54:17.958000,406.9437217550077,1000
2024-09-17 12:54:17.960000,406.9257826955021,100
2024-09-17 12:54:18.054000,406.9623500847599,998
2024-09-17 12:54:18.090000,406.9705213594932,95
2024-09-17 12:54:18.140000,406.9504835287609,6
2024-09-17 12:54:18.158000,406.9608805791625,998
2024-09-17 12:54:18.170000,406.9947758969659,1003
2024-09-17 12:54:18.247000,407.00268699491977,104
2024-09-17 12:54:18.273000,406.9514867105434,102
2024-09-17 12:54:18.379000,406.97924076197694,15
2024-09-17 12:54:18.389000,406.9703708726354,999
2024-09-17 12:54:18.395000,406.96132401232313,7
2024-09-17 12:54:18.438000,406.9568051848782,999
2024-09-17 12:54:18.542000,406.98432401210806,97
2024-09-17 12:54:18.601000,406.9593667494123,7
2024-09-17 12:54:18.773000,406.9795075732047,996
2024-09-17 12:54:18.786000,406.9985723182325,9
2024-09-17 12:54:18.893000,406.955161130644,1002
2024-09-17 12:54:18.925000,406.966794784017,9
2024-09-17 12:54:20.017000,407.0612240306531,1001
2024-09-17 12:54:20.057000,407.083316563753,10
2024-09-17 12:54:20.111000,407.05147449631335,103
2024-09-17 12:54:20.117000,407.0227918292639,101
2024-09-17 12:54:20.137000,407.058479700295,104
2024-09-17 12:54:20.251000,407.0770133908008,6
2024-09-17 12:54:20.279000,407.0333157075015,6
2024-09-17 12:54:20.309000,407.02760742427694,105
2024-09-17 12:54:20.404000,407.0345885190795,101
2024-09-17 12:54:20.476000,406.9867522555169,103
2024-09-17 12:54:20.554000,407.03693482712265,8
2024-09-17 12:54:20.579000,407.06209856480666,12
2024-09-17 12:54:20.607000,407.0618644071362,10
2024-09-17 12:54:20.621000,406.9963820239327,104
2024-09-17 12:54:20.634000,407.0044150782308,12
2024-09-17 12:54:20.646000,407.0705049556484,15
2024-09-17 12:54:20.699000,407.0580189278624,998
2024-09-17 12:54:20.721000,407.0377508500334,995
2024-09-17 12:54:20.844000,407.0650597502232,995
2024-09-17 12:54:21.031000,407.1060703850577,999
2024-09-17 12:54:21.047000,407.1372459651392,998
2024-09-17 12:54:21.139000,407.0646671570841,11
2024-09-17 12:54:21.288000,407.1326056016821,99
2024-09-17 12:54:21.459000,407.0693886726025,14
2024-09-17 12:54:21.492000,407.15027766126775,1005
2024-09-17 12:54:21.631000,407.1197435573324,6
2024-09-17 12:54:21.646000,407.1119801749954,1005
2024-09-17 12:54:21.675000,407.0488212837085,1004
2024-09-17 12:54:21.680000,407.0721988425408,998
2024-09-17 12:54:21.725000,407.0617713017648,14
2024-09-17 12:54:21.748000,407.0500982299486,105
2024-09-17 12:54:21.769000,407.1212442396501,12
2024-09-17 12:54:21.771000,407.0986729812501,1004
2024-09-17 12:54:21.818000,407.11169287072727,1001
2024-09-17 12:54:21.820000,407.0678399067949,1002
2024-09-17 12:54:21.847000,407.0404965255737,15
2024-09-17 12:54:21.850000,407.04878770469605,104
2024-09-17 12:54:21.940000,407.1109236950256,998
2024-09-17 12:54:22.009000,407.16761316973873,12
2024-09-17 12:54:22.060000,407.22571298756407,97
2024-09-17 12:54:22.114000,407.2199422135285,96
2024-09-17 12:54:22.136000,407.2381225066848,8
2024-09-17 12:54:22.148000,407.1911524428845,7
2024-09-17 12:54:22.210000,407.2299716232724,97
2024-09-17 12:54:22.211000,407.25748278331656,7
2024-09-17 12:54:22.284000,407.2130752203537,15
2024-09-17 12:54:22.297000,407.2150865142238,997
2024-09-17 12:54:22.303000,407.196544975624,102
2024-09-17 12:54:22.430000,407.2193891936223,5
2024-09-17 12:54:22.440000,407.19959324200335,104
2024-09-17 12:54:22.448000,407.1755767437581,1003
2024-09-17 12:54:22.450000,407.1584026973937,14
2024-09-17 12:54:22.516000,407.2483438765956,12
2024-09-17 12:54:22.572000,407.1666206013438,9
2024-09-17 12:54:22.578000,407.1937525504352,5
2024-09-17 12:54:22.597000,407.2022221458308,1004
2024-09-17 12:54:22.619000,407.21734804838303,97
2024-09-17 12:54:22.638000,407.2390267397069,995
2024-09-17 12:54:22.642000,407.22843745918766,998
2024-09-17 12:54:22.651000,407.1487069078163,12
2024-09-17 12:54:22.682000,407.2074440656282,1005
2024-09-17 12:54:22.747000,407.1975032123742,10
2024-09-17 12:54:22.747000,407.2253762445724,103
2024-09-17 12:54:22.823000,407.2187851723812,1004
2024-09-17 12:54:23.011000,407.2617310419208,103
2024-09-17 12:54:23.112000,407.2448991239548,11
2024-09-17 12:54:23.122000,407.2815127166088,998
2024-09-17 12:54:23.137000,407.2764777769642,105
2024-09-17 12:54:23.296000,407.2610441859485,104
2024-09-17 12:54:23.370000,407.2492998450681,995
2024-09-17 12:54:23.439000,407.2907591358635,101
2024-09-17 12:54:23.443000,407.2606318758986,101
2024-09-17 12:54:23.588000,407.2737915751351,999
2024-09-17 12:54:23.590000,407.2844706641951,15
2024-09-17 12:54:23.603000,407.28227808331127,11
2024-09-17 12:54:23.881000,407.2436914100196,15
2024-09-17 12:54:23.906000,407.2399332504546,996
2024-09-17 12:54:23.928000,407.2965908232974,998
2024-09-17 12:54:23.930000,407.27432193066414,13
2024-09-17 12:54:24.025000,407.2318569855142,99
2024-09-17 12:54:24.117000,407.2664249227837,996
2024-09-17 12:54:24.127000,407.2522671345552,104
2024-09-17 12:54:24.138000,407.2500488473774,105
2024-09-17 12:54:24.156000,407.2567097861233,996
2024-09-17 12:54:24.243000,407.2636092508615,7
2024-09-17 12:54:24.313000,407.2473950529128,1000
2024-09-17 12:54:24.459000,407.2104061415368,1005
2024-09-17 12:54:24.461000,407.2535107944576,1001
2024-09-17 12:54:24.500000,407.2425500791325,1005
2024-09-17 12:54:24.505000,407.246574316375,12
2024-09-17 12:54:24.529000,407.1965133267559,104
2024-09-17 12:54:24.535000,407.2462068964352,103
2024-09-17 12:54:24.639000,407.2404685374864,103
2024-09-17 12:54:24.968000,407.2463504248676,10
2024-09-17 12:54:25.201000,407.196110133956,10
2024-09-17 12:54:25.231000,407.1834713280866,95
2024-09-17 12:54:25.231000,407.1940379671713,999
2024-09-17 12:54:25.407000,407.18310579872906,14
2024-09-17 12:54:25.548000,407.1900635060435,99
2024-09-17 12:54:25.597000,407.1780883035448,95
2024-09-17 12:54:25.700000,407.1825533531167,1001
2024-09-17 12:54:25.701000,407.1833446646871,7
2024-09-17 12:54:25.713000,407.2032545928846,105
2024-09-17 12:54:25.726000,407.1920463643629,100
2024-09-17 12:54:25.794000,407.1805909015128,95
2024-09-17 12:54:25.880000,407.18995973587806,998
2024-09-17 12:54:25.896000,407.2056113405803,8
2024-09-17 12:54:25.943000,407.1774736158432,5
2024-09-17 12:54:25.986000,407.1951982884123,12
2024-09-17 12:54:26.025000,407.2033954406505,102
2024-09-17 12:54:26.040000,407.1685541792154,15
2024-09-17 12:54:26.113000,407.15555122310906,1003
2024-09-17 12:54:26.160000,407.1563573922257,996
2024-09-17 12:54:26.164000,407.1844276749322,996
2024-09-17 12:54:26.175000,407.1972465645651,9
2024-09-17 12:54:26.176000,407.1624091782012,997
2024-09-17 12:54:26.236000,407.1541453914711,13
2024-09-17 12:54:26.285000,407.16811574915965,5
2024-09-17 12:54:26.288000,407.1802660989723,105
2024-09-17 12:54:26.312000,407.1637239795037,5
2024-09-17 12:54:26.327000,407.2097081730767,103
2024-09-17 12:54:26.346000,407.19440273236967,1003
2024-09-17 12:54:26.348000,407.1620658132721,102
2024-09-17 12:54:26.400000,407.1484140433439,998
2024-09-17 12:54:26.528000,407.1602550821972,1002
2024-09-17 12:54:26.532000,407.15232165934,998
2024-09-17 12:54:26.648000,407.1653664529725,105
2024-09-17 12:54:26.762000,407.2235358870624,97
2024-09-17 12:54:26.796000,407.2043809334055,5
2024-09-17 12:54:26.828000,407.1575495244839,1002
2024-09-17 12:54:26.869000,407.157110017414,15
2024-09-17 12:54:26.896000,407.1483926796979,105
2024-09-17 12:54:26.903000,407.194957393994,1003
2024-09-17 12:54:26.949000,407.1620375222341,12
2024-09-17 12:54:27.169000,407.2398526392563,5
2024-09-17 12:54:27.215000,407.24133099154784,104
2024-09-17 12:54:27.319000,407.1762175093382,1004
2024-09-17 12:54:27.449000,407.2403856852713,997
2024-09-17 12:54:27.449000,407.1517556305771,996
2024-09-17 12:54:27.497000,407.2444207502261,97
2024-09-17 12:54:27.541000,407.2273880649961,97
2024-09-17 12:54:27.572000,407.2479324083816,102
2024-09-17 12:54:27.619000,407.16158759256257,5
2024-09-17 12:54:27.630000,407.22712225146176,15
2024-09-17 12:54:27.690000,407.25769639201377,12
2024-09-17 12:54:27.708000,407.1763230769404,1000
2024-09-17 12:54:27.784000,407.210215412935,103
2024-09-17 12:54:27.794000,407.1865102019645,995
2024-09-17 12:54:27.844000,407.2498109594864,5
2024-09-17 12:54:27.867000,407.17925851988815,996
2024-09-17 12:54:27.900000,407.1794102616948,995
2024-09-17 12:54:27.946000,407.1656502375894,1003
2024-09-17 12:54:27.953000,407.2456652323463,97
2024-09-17 12:54:27.982000,407.234490158838,95
2024-09-17 12:54:28.020000,407.29989133058336,14
2024-09-17 12:54:28.057000,407.2380426554273,15
2024-09-17 12:54:28.110000,407.2559801956812,102
2024-09-17 12:54:28.111000,407.2181764134659,995
2024-09-17 12:54:28.141000,407.2612071965165,100
2024-09-17 12:54:28.249000,407.22347672785327,12
2024-09-17 12:54:28.266000,407.2497144539322,1005
2024-09-17 12:54:28.400000,407.25653990303374,102
2024-09-17 12:54:28.447000,407.2256140983384,7
2024-09-17 12:54:28.500000,407.2294221695319,97
2024-09-17 12:54:28.538000,407.22209757414464,11
2024-09-17 12:54:28.554000,407.24471656046177,1003
2024-09-17 12:54:28.595000,407.217358660518,101
2024-09-17 12:54:28.753000,407.2271029990627,996
2024-09-17 12:54:28.786000,407.2260927026456,6
2024-09-17 12:54:28.834000,407.2910917498677,1005
2024-09-17 12:54:28.959000,407.23023471263946,7
2024-09-17 12:54:28.998000,407.2163627967376,10
2024-09-17 12:54:29.002000,407.2565110620504,95
2024-09-17 12:54:29.044000,407.2489663386798,103
2024-09-17 12:54:29.061000,407.2624152671701,1004
2024-09-17 12:54:29.190000,407.3019702563748,8
2024-09-17 12:54:29.431000,407.29590518535554,95
2024-09-17 12:54:29.590000,407.2611161578282,11
2024-09-17 12:54:29.717000,407.281144774908,13
2024-09-17 12:54:29.745000,407.2673282984139,997
2024-09-17 12:54:29.779000,407.260254016098,11
2024-09-17 12:54:29.793000,407.2839675032543,104
2024-09-17 12:54:29.796000,407.3300462906978,1004
2024-09-17 12:54:29.809000,407.30980289505294,1005
2024-09-17 12:54:29.812000,407.3162129771976,103
2024-09-17 12:54:29.821000,407.2860209002518,95
2024-09-17 12:54:29.853000,407.2671163088064,1002
2024-09-17 12:54:31.008000,407.1978354351819,95
2024-09-17 12:54:31.015000,407.2393262594049,997
2024-09-17 12:54:31.023000,407.2286028060741,7
2024-09-17 12:54:31.058000,407.21429060208266,1002
2024-09-17 12:54:31.091000,407.1831720876755,996
2024-09-17 12:54:31.100000,407.2068447202426,99
2024-09-17 12:54:31.111000,407.2129010376679,12
2024-09-17 12:54:31.114000,407.2267154676277,1005
2024-09-17 12:54:31.119000,407.20741565568375,102
2024-09-17 12:54:31.129000,407.2412782340649,96
2024-09-17 12:54:31.220000,407.2006329224052,101
2024-09-17 12:54:31.286000,407.1563439449475,10
2024-09-17 12:54:31.288000,407.14682331970215,15
2024-09-17 12:54:31.303000,407.1567217974809,1005
2024-09-17 12:54:31.310000,407.2334970775789,98
2024-09-17 12:54:31.316000,407.2168967005688,8
2024-09-17 12:54:31.339000,407.2310255420092,8
2024-09-17 12:54:31.355000,407.2148348560232,103
2024-09-17 12:54:31.371000,407.2313211405231,999
2024-09-17 12:54:31.372000,407.2416292100382,95
2024-09-17 12:54:31.560000,407.1283154526386,101
2024-09-17 12:54:31.611000,407.2274224048438,1001
2024-09-17 12:54:31.732000,407.2140673381341,1004
2024-09-17 12:54:31.779000,407.21351821603525,101
2024-09-17 12:54:31.868000,407.2168604402286,98
2024-09-17 12:54:31.884000,407.1926295512744,102
2024-09-17 12:54:31.910000,407.1860003242997,96
2024-09-17 12:54:31.946000,407.1525966309839,1003
2024-09-17 12:54:31.987000,407.2220927882762,5
2024-09-17 12:54:31.992000,407.1729624175102,6
2024-09-17 12:54:32.023000,407.1070912854134,15
2024-09-17 12:54:32.036000,407.0626593650397,1005
2024-09-17 12:54:32.054000,407.1046001265344,13
2024-09-17 12:54:32.173000,407.0433655582154,1005
2024-09-17 12:54:32.216000,407.07850032800576,1001
2024-09-17 12:54:32.321000,407.0939910590692,997
2024-09-17 12:54:32.388000,407.0980608593306,13
2024-09-17 12:54:32.440000,407.08182748947377,103
2024-09-17 12:54:32.489000,407.01889196348856,1000
2024-09-17 12:54:32.638000,407.10623637123706,1002
2024-09-17 12:54:32.662000,407.0971549097936,7
2024-09-17 12:54:32.687000,407.09622421687686,1000
2024-09-17 12:54:32.722000,407.1062624834169,103
2024-09-17 12:54:32.776000,407.1062938669942,100
2024-09-17 12:54:32.830000,407.0899736306018,95
2024-09-17 12:54:32.896000,407.0908093237726,102
2024-09-17 12:54:32.899000,407.0602558940805,100
2024-09-17 12:54:32.949000,407.11760424602926,1005
2024-09-17 12:54:32.951000,407.0987024801826,10
2024-09-17 12:54:33.025000,406.9903880504672,11
2024-09-17 12:54:33.086000,406.9236217564283,1005
2024-09-17 12:54:33.106000,406.9824782366466,100
2024-09-17 12:54:33.182000,406.9695692251926,95
2024-09-17 12:54:33.248000,407.0158795013256,1004
2024-09-17 12:54:33.294000,406.9746266799394,98
2024-09-17 12:54:33.325000,406.9942310186707,95
2024-09-17 12:54:33.506000,406.9575119235832,12
2024-09-17 12:54:33.567000,406.9826620498714,995
2024-09-17 12:54:33.596000,406.9764724618437,95
2024-09-17 12:54:33.609000,406.9429426208118,1005
2024-09-17 12:54:33.626000,406.9778953068858,8
2024-09-17 12:54:33.678000,406.972264882333,996
2024-09-17 12:54:33.732000,406.9329477069773,95
2024-09-17 12:54:33.741000,407.0072373671939,6
2024-09-17 12:54:33.773000,406.9895437328495,9
2024-09-17 12:54:33.782000,406.9273445604498,102
2024-09-17 12:54:33.938000,406.9879910913631,11
2024-09-17 12:54:33.970000,406.9924584130042,11
2024-09-17 12:54:34.051000,406.9088391030642,96
2024-09-17 12:54:34.085000,406.8964190498457,9
2024-09-17 12:54:34.193000,406.88831959964415,13
2024-09-17 12:54:34.316000,406.9254311274907,96
2024-09-17 12:54:34.441000,406.8984448466832,1001
2024-09-17 12:54:34.500000,406.937762511247,96
2024-09-17 12:54:34.526000,406.9232518932101,1005
2024-09-17 12:54:34.588000,406.9328186406936,98
2024-09-17 12:54:34.664000,406.92188159113584,100
2024-09-17 12:54:35.184000,406.8800616080994,13
2024-09-17 12:54:36.035000,406.9193426882656,8
2024-09-17 12:54:36.053000,406.93192174821246,13
2024-09-17 12:54:36.115000,406.8852109986782,1002
2024-09-17 12:54:36.245000,406.925694688756,104
2024-09-17 12:54:36.321000,406.8922222387322,6
2024-09-17 12:54:36.429000,406.91400503087607,1001
2024-09-17 12:54:36.448000,406.9005835371744,103
2024-09-17 12:54:36.466000,406.91568761614303,8
2024-09-17 12:54:36.620000,406.91663507340775,12
2024-09-17 12:54:36.648000,406.9354125248213,11
2024-09-17 12:54:36.755000,406.8696528273541,100
2024-09-17 12:54:36.762000,406.8843810458573,101
2024-09-17 12:54:36.917000,406.8873248320239,13
2024-09-17 12:54:37.336000,406.8483025626928,13
2024-09-17 12:54:37.342000,406.8568476110483,105
2024-09-17 12:54:37.428000,406.8776399392417,996
2024-09-17 12:54:37.486000,406.87029048979787,1004
2024-09-17 12:54:37.542000,406.8389980526597,100
2024-09-17 12:54:37.649000,406.84997425511887,97
2024-09-17 12:54:37.769000,406.8634565011259,103
2024-09-17 12:54:38.112000,406.8087592494039,1001
2024-09-17 12:54:38.185000,406.80649863062456,14
2024-09-17 12:54:38.843000,406.8211802270627,5
2024-09-17 12:54:38.883000,406.7861397942049,102
2024-09-17 12:54:38.945000,406.78665535441087,101
2024-09-17 12:54:39.048000,406.63584758851607,98
2024-09-17 12:54:39.119000,406.8010315790987,8
2024-09-17 12:54:39.123000,406.7283597977849,12
2024-09-17 12:54:39.225000,406.6995087060292,98
2024-09-17 12:54:39.229000,406.65034047213095,1000
2024-09-17 12:54:39.251000,406.8020530214577,1004
2024-09-17 12:54:39.312000,406.78500923820746,996
2024-09-17 12:54:39.333000,406.71042614782607,14
2024-09-17 12:54:39.364000,406.6532260706233,96
2024-09-17 12:54:39.366000,406.67156177280094,102
2024-09-17 12:54:39.401000,406.8150080715331,98
2024-09-17 12:54:39.409000,406.6847550544471,10
2024-09-17 12:54:39.413000,406.7532561309101,100
2024-09-17 12:54:39.458000,406.6635710958783,14
2024-09-17 12:54:39.460000,406.6927119937779,14
2024-09-17 12:54:39.554000,406.6468821891101,105
2024-09-17 12:54:39.579000,406.6459535608832,96
2024-09-17 12:54:39.586000,406.7105563216134,103
2024-09-17 12:54:39.600000,406.8028555459387,1000
2024-09-17 12:54:39.609000,406.6454491954584,9
2024-09-17 12:54:39.634000,406.6433291581569,9
2024-09-17 12:54:39.727000,406.7134564032708,97
2024-09-17 12:54:39.893000,406.692555017785,6
2024-09-17 12:54:39.930000,406.71859190164486,5
2024-09-17 12:54:39.948000,406.65471158585103,996
2024-09-17 12:54:39.994000,406.66344270669714,9
2024-09-17 12:54:40.140000,406.64607528163583,6
2024-09-17 12:54:40.471000,406.6581293460485,997
2024-09-17 12:54:41.012000,406.6971025203391,1001
2024-09-17 12:54:41.052000,406.72207134100046,99
2024-09-17 12:54:41.056000,406.6962097856362,1000
2024-09-17 12:54:41.059000,406.74194614420486,13
2024-09-17 12:54:41.180000,406.70667099956313,1001
2024-09-17 12:54:41.196000,406.69533990851227,97
2024-09-17 12:54:41.205000,406.6708433347243,1002
2024-09-17 12:54:41.212000,406.72301417567945,997
2024-09-17 12:54:41.220000,406.66713212681566,1002
2024-09-17 12:54:41.238000,406.6661193176443,998
2024-09-17 12:54:41.243000,406.662331462062,1003
2024-09-17 12:54:41.394000,406.6780941423573,96
2024-09-17 12:54:41.412000,406.6838388315017,104
2024-09-17 12:54:41.485000,406.71198176356194,13
2024-09-17 12:54:41.563000,406.6774144923167,9
2024-09-17 12:54:41.626000,406.66801876412114,104
2024-09-17 12:54:41.651000,406.658538915544,97
2024-09-17 12:54:41.742000,406.74776866337993,996
2024-09-17 12:54:41.782000,406.66996691721,15
2024-09-17 12:54:41.797000,406.69507789390497,15
2024-09-17 12:54:41.800000,406.71247695528297,97
2024-09-17 12:54:41.864000,406.6701054041014,1000
2024-09-17 12:54:41.894000,406.6783430877454,995
2024-09-17 12:54:41.896000,406.6879071747168,99
2024-09-17 12:54:41.904000,406.6672677851021,6
2024-09-17 12:54:41.954000,406.67560518166175,101
2024-09-17 12:54:41.968000,406.6296503774064,102
2024-09-17 12:54:42.027000,406.75603435187264,1002
2024-09-17 12:54:42.096000,406.746321201298,995
2024-09-17 12:54:42.115000,406.77534032124777,996
2024-09-17 12:54:42.166000,406.7618728505524,100
2024-09-17 12:54:42.200000,406.7534013448741,15
2024-09-17 12:54:42.205000,406.7370642851293,7
2024-09-17 12:54:42.297000,406.756742919404,98
2024-09-17 12:54:42.381000,406.7679157703166,101
2024-09-17 12:54:42.447000,406.7832241126976,105
2024-09-17 12:54:42.715000,406.7398854758792,99
2024-09-17 12:54:42.730000,406.7716633084988,10
2024-09-17 12:54:42.741000,406.7434793988227,5
2024-09-17 12:54:42.861000,406.7454879500083,13
2024-09-17 12:54:42.993000,406.7724297153588,103
2024-09-17 12:54:43.117000,406.76192684682894,11
2024-09-17 12:54:43.176000,406.7741413399834,1001
2024-09-17 12:54:43.179000,406.7365683881106,105
2024-09-17 12:54:43.221000,406.70155353244814,95
2024-09-17 12:54:43.265000,406.72145708809205,100
2024-09-17 12:54:43.313000,406.764367555712,98
2024-09-17 12:54:43.389000,406.71055318173967,13
2024-09-17 12:54:43.499000,406.69160166211424,1005
2024-09-17 12:54:43.535000,406.7523319901273,1001
2024-09-17 12:54:43.538000,406.7889315052876,999
2024-09-17 12:54:43.559000,406.7833427741325,1003
2024-09-17 12:54:43.641000,406.7255010848034,8
2024-09-17 12:54:43.652000,406.692198261006,996
2024-09-17 12:54:43.661000,406.78311760418353,1001
2024-09-17 12:54:43.666000,406.71397853944256,97
2024-09-17 12:54:43.741000,406.761692159568,7
2024-09-17 12:54:44.029000,406.70349244233336,104
2024-09-17 12:54:44.155000,406.7091789048711,1000
2024-09-17 12:54:44.441000,406.7140476713618,1005
2024-09-17 12:54:44.600000,406.72197342267145,103
2024-09-17 12:54:44.610000,406.71557072956966,12
2024-09-17 12:54:44.637000,406.68143866619386,10
2024-09-17 12:54:44.651000,406.7178450666588,101
2024-09-17 12:54:44.721000,406.7003697541357,13
2024-09-17 12:54:44.746000,406.7224976523492,7
2024-09-17 12:54:44.787000,406.7066154418809,1005
2024-09-17 12:54:44.801000,406.7242055139743,1001
2024-09-17 12:54:45.050000,406.7059158816182,1000
2024-09-17 12:54:45.165000,406.7460901863686,103
2024-09-17 12:54:45.177000,406.6980040807496,12
2024-09-17 12:54:45.199000,406.7127053390197,15
2024-09-17 12:54:45.223000,406.6900843169656,1000
2024-09-17 12:54:45.409000,406.7084962682665,101
2024-09-17 12:54:45.417000,406.7029449524843,15
2024-09-17 12:54:45.468000,406.7080755416499,101
2024-09-17 12:54:45.534000,406.7185529166136,1004
2024-09-17 12:54:45.538000,406.7082424246048,15
2024-09-17 12:54:45.539000,406.6979229001314,10
2024-09-17 12:54:45.561000,406.7149070723809,13
2024-09-17 12:54:45.583000,406.7552291758859,1005
2024-09-17 12:54:45.600000,406.7142728739829,996
2024-09-17 12:54:45.607000,406.7166981893707,10
2024-09-17 12:54:45.630000,406.7238963072864,105
2024-09-17 12:54:45.632000,406.7637483930373,1002
2024-09-17 12:54:45.632000,406.7203509412963,14
2024-09-17 12:54:45.637000,406.7655992470967,996
2024-09-17 12:54:45.705000,406.7581495193094,10
2024-09-17 12:54:45.767000,406.7032103674015,102
2024-09-17 12:54:45.822000,406.729519574984,1003
2024-09-17 12:54:45.844000,406.6925386159201,1005
2024-09-17 12:54:45.877000,406.7663631673095,103
2024-09-17 12:54:45.879000,406.70826647535097,100
2024-09-17 12:54:45.972000,406.76198550784216,10
2024-09-17 12:54:46.029000,406.7455980705138,12
2024-09-17 12:54:46.077000,406.71975434078246,98
2024-09-17 12:54:46.152000,406.7589141099538,1001
2024-09-17 12:54:46.312000,406.7091414164817,98
2024-09-17 12:54:46.352000,406.7161674005576,14
2024-09-17 12:54:46.361000,406.7459848447936,5
2024-09-17 12:54:46.440000,406.75335822833375,103
2024-09-17 12:54:46.455000,406.7418959295615,12
2024-09-17 12:54:46.466000,406.7465519260321,98
2024-09-17 12:54:46.483000,406.7232541108259,1002
2024-09-17 12:54:46.494000,406.7351432947097,11
2024-09-17 12:54:46.570000,406.7253960892705,8
2024-09-17 12:54:46.570000,406.7432095951107,997
2024-09-17 12:54:46.623000,406.7352266057012,999
2024-09-17 12:54:46.667000,406.7249692246113,14
2024-09-17 12:54:46.686000,406.7470433149592,95
2024-09-17 12:54:46.928000,406.7543943428487,1005
2024-09-17 12:54:47.015000,406.6621542995927,999
2024-09-17 12:54:47.084000,406.6600586052537,102
2024-09-17 12:54:47.153000,406.6666502294504,997
2024-09-17 12:54:47.221000,406.6858355104251,15
2024-09-17 12:54:47.236000,406.6704110630302,9
2024-09-17 12:54:47.241000,406.67687942065913,1002
2024-09-17 12:54:47.327000,406.6920933593497,995
2024-09-17 12:54:47.353000,406.6845214769123,7
2024-09-17 12:54:47.363000,406.6822136358049,10
2024-09-17 12:54:47.400000,406.673023887039,104
2024-09-17 12:54:47.426000,406.7027578134876,105
2024-09-17 12:54:47.609000,406.6616657197205,5
2024-09-17 12:54:47.660000,406.6961186062741,1001
2024-09-17 12:54:47.692000,406.6627493407023,1004
2024-09-17 12:54:47.698000,406.67632014432166,10
2024-09-17 12:54:47.753000,406.673631568688,5
2024-09-17 12:54:47.760000,406.6914793237537,103
2024-09-17 12:54:47.768000,406.66911209212975,96
2024-09-17 12:54:47.830000,406.67607176707793,10
2024-09-17 12:54:47.866000,406.6723820094922,95
2024-09-17 12:54:47.932000,406.6658124227749,14
2024-09-17 12:54:47.952000,406.6758705134385,6
2024-09-17 12:54:48.081000,406.6878445054381,1004
2024-09-17 12:54:48.152000,406.6594331164563,10
2024-09-17 12:54:48.263000,406.6787010397134,98
2024-09-17 12:54:48.268000,406.65887451010775,996
2024-09-17 12:54:48.274000,406.708253612539,10
2024-09-17 12:54:48.305000,406.67954434299673,11
2024-09-17 12:54:48.378000,406.68858123847855,1001
2024-09-17 12:54:48.542000,406.66971187799817,104
2024-09-17 12:54:48.632000,406.67687352130986,8
2024-09-17 12:54:48.762000,406.6819612981938,995
2024-09-17 12:54:48.837000,406.66985969597954,6
2024-09-17 12:54:48.895000,406.67215382641,11
2024-09-17 12:54:48.901000,406.7015116179807,12
2024-09-17 12:54:48.903000,406.6632675672866,1004
2024-09-17 12:54:48.909000,406.6791438190675,10
2024-09-17 12:54:48.980000,406.65723739037054,15
2024-09-17 12:54:48.997000,406.6718865097525,1001
2024-09-17 12:54:48.997000,406.6530270769213,995
2024-09-17 12:54:49.445000,406.7103049887407,995
2024-09-17 12:54:49.789000,406.71229993820015,14
2024-09-17 12:54:50.031000,406.7088345846354,95
2024-09-17 12:54:50.181000,406.7008322721949,6
2024-09-17 12:54:50.217000,406.72724867277066,1003
2024-09-17 12:54:50.372000,406.71420604741166,1000
2024-09-17 12:54:50.448000,406.69977435483776,1004
2024-09-17 12:54:50.598000,406.7085187499737,13
2024-09-17 12:54:50.649000,406.70141440528863,97
2024-09-17 12:54:50.747000,406.68028833327486,12
2024-09-17 12:54:50.771000,406.71188714577113,99
2024-09-17 12:54:50.818000,406.6897062714921,996
2024-09-17 12:54:50.916000,406.7209100891481,14
2024-09-17 12:54:51.113000,406.7141670102541,98
2024-09-17 12:54:51.114000,406.8162919250095,12
2024-09-17 12:54:51.140000,406.76723456870224,8
2024-09-17 12:54:51.172000,406.7274795676261,105
2024-09-17 12:54:51.232000,406.80517555051273,1004
2024-09-17 12:54:51.335000,406.7932940286011,14
2024-09-17 12:54:51.377000,406.8085322385423,14
2024-09-17 12:54:51.425000,406.80038175998703,99
2024-09-17 12:54:51.452000,406.7863442243324,10
2024-09-17 12:54:51.496000,406.8117025468798,5
2024-09-17 12:54:51.636000,406.783756498794,998
2024-09-17 12:54:51.780000,406.7941193199204,95
2024-09-17 12:54:51.855000,406.8067095999804,99
2024-09-17 12:54:51.949000,406.8014630850257,97
2024-09-17 12:54:52.035000,406.7920374534334,104
2024-09-17 12:54:52.281000,406.7882833168426,102
2024-09-17 12:54:52.379000,406.7876416559537,1004
2024-09-17 12:54:52.541000,406.7665635408879,103
2024-09-17 12:54:52.795000,406.7622834155047,14
2024-09-17 12:54:52.797000,406.7855905998703,103
2024-09-17 12:54:52.841000,406.7692530703022,7
2024-09-17 12:54:52.937000,406.79431886590953,14
2024-09-17 12:54:52.969000,406.78461651297226,101
2024-09-17 12:54:52.999000,406.74251558817,10
2024-09-17 12:54:53.057000,406.76068590743296,998
2024-09-17 12:54:53.096000,406.7707906226861,1005
2024-09-17 12:54:53.119000,406.7932936143937,999
2024-09-17 12:54:53.144000,406.7967589596258,12
2024-09-17 12:54:53.150000,406.8022576968152,101
2024-09-17 12:54:53.179000,406.7726915665486,995
2024-09-17 12:54:53.279000,406.7847613749799,9
2024-09-17 12:54:53.368000,406.7912265035824,7
2024-09-17 12:54:53.458000,406.7794446690687,11
2024-09-17 12:54:53.460000,406.76888148149527,1004
2024-09-17 12:54:53.464000,406.7687483790968,12
2024-09-17 12:54:53.468000,406.76312661431245,13
2024-09-17 12:54:53.561000,406.7700739911333,999
2024-09-17 12:54:53.713000,406.7870528399545,102
2024-09-17 12:54:53.786000,406.752170229377,14
2024-09-17 12:54:53.807000,406.74178384703714,95
2024-09-17 12:54:53.845000,406.77990297937305,104
2024-09-17 12:54:53.985000,406.78863564820807,997
2024-09-17 12:54:54.060000,406.70520380603904,9
2024-09-17 12:54:54.151000,406.7394919844034,12
2024-09-17 12:54:54.191000,406.7083349176157,5
2024-09-17 12:54:54.206000,406.73201061269134,1004
2024-09-17 12:54:54.220000,406.75829720606674,1004
2024-09-17 12:54:54.223000,406.7059952724436,995
2024-09-17 12:54:54.230000,406.7286313227679,104
2024-09-17 12:54:54.232000,406.72293486755,999
2024-09-17 12:54:54.302000,406.7170588679856,98
2024-09-17 12:54:54.332000,406.7139483820556,9
2024-09-17 12:54:54.402000,406.75631935194747,1005
2024-09-17 12:54:54.500000,406.7194745291613,6
2024-09-17 12:54:54.505000,406.7059017004072,15
2024-09-17 12:54:54.525000,406.7190761716456,12
2024-09-17 12:54:54.575000,406.7164806889383,1003
2024-09-17 12:54:54.585000,406.7144416156859,15
2024-09-17 12:54:54.600000,406.7207494761237,99
2024-09-17 12:54:54.632000,406.74407279837897,998
2024-09-17 12:54:54.646000,406.7159090728618,1004
2024-09-17 12:54:54.687000,406.7504299403585,8
2024-09-17 12:54:54.747000,406.7437354228299,100
2024-09-17 12:54:54.794000,406.71033784267456,998
2024-09-17 12:54:54.910000,406.7216333362787,1003
2024-09-17 12:54:54.924000,406.73641477594623,95
2024-09-17 12:54:54.939000,406.739363547838,12
2024-09-17 12:54:54.973000,406.7363040305181,11
2024-09-17 12:54:55.007000,406.69857332484105,8
2024-09-17 12:54:55.018000,406.7232409683948,95
2024-09-17 12:54:55.075000,406.6970981933218,1003
2024-09-17 12:54:55.123000,406.71173687512254,100
2024-09-17 12:54:55.218000,406.6872819037094,11
2024-09-17 12:54:55.241000,406.72362885176057,1002
2024-09-17 12:54:55.367000,406.669078962716,95
2024-09-17 12:54:55.522000,406.7088961229824,100
2024-09-17 12:54:55.530000,406.6986772157864,1003
2024-09-17 12:54:55.663000,406.6907975324716,5
2024-09-17 12:54:55.732000,406.6723254433562,996
2024-09-17 12:54:55.775000,406.73633729408994,102
2024-09-17 12:54:55.807000,406.7273313299309,998
2024-09-17 12:54:55.884000,406.7149494323257,1005
2024-09-17 12:54:55.982000,406.68377628383786,99
2024-09-17 12:54:56.014000,406.6836330849685,996
2024-09-17 12:54:56.016000,406.7049395201972,999
2024-09-17 12:54:56.103000,406.6918319545472,8
2024-09-17 12:54:56.114000,406.6803093784594,1002
2024-09-17 12:54:56.140000,406.7104058092268,1004
2024-09-17 12:54:56.168000,406.68012636134426,10
2024-09-17 12:54:56.177000,406.7244774027563,100
2024-09-17 12:54:56.195000,406.7045057618632,10
2024-09-17 12:54:56.258000,406.6768197834938,99
2024-09-17 12:54:56.277000,406.67174868773225,103
2024-09-17 12:54:56.282000,406.672697349208,11
2024-09-17 12:54:56.311000,406.7101371866861,97
2024-09-17 12:54:56.333000,406.7181230328988,995
2024-09-17 12:54:56.368000,406.6713443536631,996
2024-09-17 12:54:56.413000,406.652846529456,1003
2024-09-17 12:54:56.455000,406.7116575599249,8
2024-09-17 12:54:56.470000,406.6588927088768,96
2024-09-17 12:54:56.480000,406.6770496537097,6
2024-09-17 12:54:56.500000,406.6790516702982,96
2024-09-17 12:54:56.511000,406.6872851254156,101
2024-09-17 12:54:56.543000,406.6978099410733,7
2024-09-17 12:54:56.636000,406.6910190907692,104
2024-09-17 12:54:56.642000,406.7037905593885,98
2024-09-17 12:54:56.663000,406.6701758570823,5
2024-09-17 12:54:56.723000,406.6940996519977,10
2024-09-17 12:54:56.752000,406.7120154199962,999
2024-09-17 12:54:56.764000,406.6735370031593,1001
2024-09-17 12:54:56.767000,406.7158572417381,10
2024-09-17 12:54:56.808000,406.6843590541724,101
2024-09-17 12:54:57.091000,406.74209057123926,11
2024-09-17 12:54:57.115000,406.7192398071266,1001
2024-09-17 12:54:57.179000,406.7192722536802,7
2024-09-17 12:54:57.193000,406.73503915696944,1004
2024-09-17 12:54:57.215000,406.7345977725669,998
2024-09-17 12:54:57.252000,406.736585220658,1005
2024-09-17 12:54:57.319000,406.7308851689176,9
2024-09-17 12:54:57.339000,406.7321158977501,7
2024-09-17 12:54:57.459000,406.7217579753128,11
2024-09-17 12:54:57.473000,406.730328622132,1001
2024-09-17 12:54:57.483000,406.7131177320027,13
2024-09-17 12:54:57.548000,406.7222378965592,13
2024-09-17 12:54:57.630000,406.710727548262,102
2024-09-17 12:54:57.720000,406.716384301521,14
2024-09-17 12:54:57.792000,406.7358486581616,1000
2024-09-17 12:54:57.862000,406.73558723644845,995
2024-09-17 12:54:57.949000,406.7444886658677,104
2024-09-17 12:54:57.959000,406.7234764570021,15
2024-09-17 12:54:57.993000,406.7350678197252,7
2024-09-17 12:54:58.155000,406.7087993955512,8
2024-09-17 12:54:59.842000,406.6822721851185,8
2024-09-17 12:54:59.906000,406.6888864187357,8
2024-09-17 12:54:59.944000,406.6842867614549,5
