Timestamp,Price,Size
2024-09-17 11:27:00.008000,416.86805735397286,998
2024-09-17 11:27:00.037000,416.8005429786143,14
2024-09-17 11:27:00.117000,416.8637732233653,13
2024-09-17 11:27:00.197000,416.85636975507896,105
2024-09-17 11:27:00.298000,416.84534387523576,997
2024-09-17 11:27:00.434000,416.863118023913,104
2024-09-17 11:27:00.456000,416.85087071739787,11
2024-09-17 11:27:00.555000,416.7919553180652,98
2024-09-17 11:27:00.567000,416.87970019597697,6
2024-09-17 11:27:00.590000,416.8173118585547,97
2024-09-17 11:27:00.596000,416.8549891908723,6
2024-09-17 11:27:00.653000,416.8728148091709,998
2024-09-17 11:27:00.671000,416.8735225592291,5
2024-09-17 11:27:00.688000,416.8759510690432,100
2024-09-17 11:27:00.716000,416.8209549388026,1004
2024-09-17 11:27:00.798000,416.87178992765325,998
2024-09-17 11:27:00.799000,416.8726269611794,13
2024-09-17 11:27:00.890000,416.8504333766203,1001
2024-09-17 11:27:00.891000,416.8120312383559,5
2024-09-17 11:27:00.894000,416.836625590258,996
2024-09-17 11:27:00.923000,416.8247195098809,98
2024-09-17 11:27:00.931000,416.8814762559394,7
2024-09-17 11:27:00.954000,416.8745234307069,1005
2024-09-17 11:27:01.005000,416.7892358411187,101
2024-09-17 11:27:01.137000,416.78505478581855,14
2024-09-17 11:27:01.185000,416.7719616266342,5
2024-09-17 11:27:01.303000,416.7955642914708,14
2024-09-17 11:27:01.392000,416.782476272296,103
2024-09-17 11:27:01.569000,416.8117526596224,5
2024-09-17 11:27:01.639000,416.7917566159536,14
2024-09-17 11:27:01.664000,416.79390648228,8
2024-09-17 11:27:01.702000,416.7558571076435,13
2024-09-17 11:27:01.705000,416.8144640279388,6
2024-09-17 11:27:01.740000,416.7909127151992,6
2024-09-17 11:27:01.756000,416.7728625410728,7
2024-09-17 11:27:01.786000,416.76925953949393,97
2024-09-17 11:27:01.798000,416.75447794119015,7
2024-09-17 11:27:01.821000,416.8013851151098,996
2024-09-17 11:27:01.844000,416.7821057249576,998
2024-09-17 11:27:01.869000,416.8025258126962,96
2024-09-17 11:27:01.899000,416.8423905276359,1004
2024-09-17 11:27:01.913000,416.81001441871655,101
2024-09-17 11:27:01.918000,416.8239950413691,8
2024-09-17 11:27:01.941000,416.7951232611466,15
2024-09-17 11:27:01.996000,416.82256580053553,101
2024-09-17 11:27:02.172000,416.84887101724513,95
2024-09-17 11:27:02.350000,416.84998098318965,99
2024-09-17 11:27:02.376000,416.79746040101,13
2024-09-17 11:27:02.392000,416.8062088787507,6
2024-09-17 11:27:02.511000,416.8163492483511,99
2024-09-17 11:27:02.650000,416.8421644785239,8
2024-09-17 11:27:02.689000,416.8333213068578,95
2024-09-17 11:27:02.873000,416.8398817273136,104
2024-09-17 11:27:03.016000,416.83236893591607,1000
2024-09-17 11:27:03.192000,416.8914494042817,9
2024-09-17 11:27:03.213000,416.84426636128046,997
2024-09-17 11:27:03.228000,416.88412223382016,1004
2024-09-17 11:27:03.234000,416.8193945202275,999
2024-09-17 11:27:03.236000,416.8315949432752,105
2024-09-17 11:27:03.364000,416.884648908112,1005
2024-09-17 11:27:03.372000,416.8615888836769,13
2024-09-17 11:27:03.422000,416.84234900329005,14
2024-09-17 11:27:03.422000,416.8377178096845,13
2024-09-17 11:27:03.487000,416.8297407197173,97
2024-09-17 11:27:03.501000,416.8638461788164,9
2024-09-17 11:27:03.527000,416.8354601329195,95
2024-09-17 11:27:03.563000,416.8751379049317,996
2024-09-17 11:27:03.606000,416.8448413940192,997
2024-09-17 11:27:03.633000,416.8580109373439,98
2024-09-17 11:27:03.707000,416.8440974264323,1002
2024-09-17 11:27:03.716000,416.8796364497235,996
2024-09-17 11:27:03.728000,416.8744721026581,100
2024-09-17 11:27:03.871000,416.8657939124928,98
2024-09-17 11:27:03.893000,416.8554293780669,105
2024-09-17 11:27:03.964000,416.8467187081336,9
2024-09-17 11:27:04.284000,416.8574355989869,103
2024-09-17 11:27:04.328000,416.8669890099128,11
2024-09-17 11:27:05.359000,416.8916530976611,1001
2024-09-17 11:27:05.378000,416.89035238475134,7
2024-09-17 11:27:05.668000,416.875646045459,97
2024-09-17 11:27:05.918000,416.8996452465413,98
2024-09-17 11:27:05.952000,416.8767439429972,1002
2024-09-17 11:27:06.102000,416.8938920301481,98
2024-09-17 11:27:06.129000,416.8303286216208,7
2024-09-17 11:27:06.251000,416.8220143947337,15
2024-09-17 11:27:06.271000,416.80008432423824,1000
2024-09-17 11:27:06.278000,416.8264546178316,104
2024-09-17 11:27:06.283000,416.8039525887247,996
2024-09-17 11:27:06.411000,416.81804150621554,1004
2024-09-17 11:27:06.500000,416.789323819055,103
2024-09-17 11:27:06.511000,416.8028594044159,104
2024-09-17 11:27:06.535000,416.7986327779092,998
2024-09-17 11:27:06.537000,416.8098094638655,12
2024-09-17 11:27:06.586000,416.8112712963648,98
2024-09-17 11:27:06.616000,416.8758751223452,1001
2024-09-17 11:27:06.630000,416.7935306806461,105
2024-09-17 11:27:06.645000,416.7867011079293,1003
2024-09-17 11:27:06.678000,416.8574308799842,1001
2024-09-17 11:27:06.792000,416.8013698625462,98
2024-09-17 11:27:06.855000,416.88221413689865,1005
2024-09-17 11:27:06.864000,416.8204124239546,1005
2024-09-17 11:27:06.918000,416.8099314732792,14
2024-09-17 11:27:06.986000,416.8277292591965,995
2024-09-17 11:27:07.012000,416.86688071755736,1001
2024-09-17 11:27:07.041000,416.82323221765296,1004
2024-09-17 11:27:07.087000,416.8181186309509,102
2024-09-17 11:27:07.157000,416.8291852497814,99
2024-09-17 11:27:07.247000,416.8148055343482,1000
2024-09-17 11:27:07.320000,416.819874243912,15
2024-09-17 11:27:07.371000,416.85351225844187,14
2024-09-17 11:27:07.413000,416.8354564315116,1001
2024-09-17 11:27:07.451000,416.8233656487902,10
2024-09-17 11:27:07.606000,416.80782601079727,11
2024-09-17 11:27:07.718000,416.8211796880468,8
2024-09-17 11:27:07.736000,416.8410815470431,1004
2024-09-17 11:27:07.741000,416.840965885982,5
2024-09-17 11:27:07.938000,416.8139090721547,98
2024-09-17 11:27:07.969000,416.83826456230565,6
2024-09-17 11:27:07.991000,416.82028125823047,1003
2024-09-17 11:27:08.261000,416.8158298725581,96
2024-09-17 11:27:08.823000,416.7876474874759,103
2024-09-17 11:27:09.159000,416.77609240990427,997
2024-09-17 11:27:10.086000,416.7545014993795,97
2024-09-17 11:27:10.096000,416.75795114472135,1000
2024-09-17 11:27:10.119000,416.77031214632746,98
2024-09-17 11:27:10.174000,416.76484785616697,101
2024-09-17 11:27:10.403000,416.7363527028374,96
2024-09-17 11:27:10.451000,416.7507655914623,95
2024-09-17 11:27:10.506000,416.7598728677862,1003
2024-09-17 11:27:10.572000,416.7430125471595,10
2024-09-17 11:27:10.603000,416.74637969569113,996
2024-09-17 11:27:10.902000,416.7381098253767,13
2024-09-17 11:27:10.963000,416.76688346445263,95
2024-09-17 11:27:11.063000,416.7487628348642,12
2024-09-17 11:27:11.118000,416.7308171342101,996
2024-09-17 11:27:11.146000,416.7418606374344,999
2024-09-17 11:27:11.149000,416.70918993254674,97
2024-09-17 11:27:11.188000,416.7494745399876,1000
2024-09-17 11:27:11.285000,416.7414239289237,1004
2024-09-17 11:27:11.371000,416.7517748248026,6
2024-09-17 11:27:11.392000,416.7203881899781,95
2024-09-17 11:27:11.402000,416.7511731972456,13
2024-09-17 11:27:11.444000,416.7290292204901,1002
2024-09-17 11:27:11.492000,416.7752452251858,995
2024-09-17 11:27:11.544000,416.7338269985772,1005
2024-09-17 11:27:11.580000,416.77860987404097,100
2024-09-17 11:27:11.615000,416.75502737796666,15
2024-09-17 11:27:11.719000,416.7488162879004,98
2024-09-17 11:27:11.732000,416.7319399793775,103
2024-09-17 11:27:11.815000,416.7469750968306,7
2024-09-17 11:27:11.852000,416.7625250386781,105
2024-09-17 11:27:11.897000,416.7245959540848,100
2024-09-17 11:27:11.898000,416.7483188137898,102
2024-09-17 11:27:11.913000,416.7439783975868,997
2024-09-17 11:27:12.137000,416.75432312671626,995
2024-09-17 11:27:12.494000,416.75519203474727,997
2024-09-17 11:27:12.506000,416.7437272544231,6
2024-09-17 11:27:12.524000,416.7302852152952,96
2024-09-17 11:27:12.599000,416.764922285196,10
2024-09-17 11:27:13.071000,416.7611716139649,1002
2024-09-17 11:27:13.333000,416.7775348302249,1001
2024-09-17 11:27:13.538000,416.7580051870751,104
2024-09-17 11:27:13.650000,416.7442571942728,996
2024-09-17 11:27:13.781000,416.77412723452784,998
2024-09-17 11:27:13.817000,416.7567238561773,1004
2024-09-17 11:27:13.875000,416.7854339964822,6
2024-09-17 11:27:13.983000,416.7553751185997,1003
2024-09-17 11:27:14.087000,416.7449259959756,102
2024-09-17 11:27:14.183000,416.7512149589549,10
2024-09-17 11:27:14.242000,416.7641690717313,1005
2024-09-17 11:27:14.251000,416.77880009095617,1001
2024-09-17 11:27:14.315000,416.76673730241066,1001
2024-09-17 11:27:14.358000,416.76272717501456,6
2024-09-17 11:27:14.364000,416.747525211176,996
2024-09-17 11:27:14.381000,416.7515316750096,6
2024-09-17 11:27:14.602000,416.7486966843269,996
2024-09-17 11:27:14.740000,416.7491602776455,99
2024-09-17 11:27:15.237000,416.6682600975841,13
2024-09-17 11:27:15.270000,416.7016507295602,105
2024-09-17 11:27:15.277000,416.6606613684903,98
2024-09-17 11:27:15.277000,416.7335905495144,12
2024-09-17 11:27:15.366000,416.6744254007652,8
2024-09-17 11:27:15.386000,416.66842075909057,13
2024-09-17 11:27:15.477000,416.64154238780856,9
2024-09-17 11:27:15.697000,416.6485470172048,1000
2024-09-17 11:27:15.732000,416.6622292341186,997
2024-09-17 11:27:15.799000,416.6772177090044,999
2024-09-17 11:27:15.865000,416.66552465118286,96
2024-09-17 11:27:15.874000,416.6848303922225,1001
2024-09-17 11:27:15.913000,416.6445196524296,997
2024-09-17 11:27:15.947000,416.6266621861026,100
2024-09-17 11:27:15.986000,416.6511477677784,9
2024-09-17 11:27:16.003000,416.6550218333384,7
2024-09-17 11:27:16.007000,416.6604411833641,996
2024-09-17 11:27:16.012000,416.6376557147557,1001
2024-09-17 11:27:16.017000,416.6738517830853,11
2024-09-17 11:27:16.039000,416.6737995564307,1002
2024-09-17 11:27:16.131000,416.6337686680658,98
2024-09-17 11:27:16.238000,416.6735349639433,995
2024-09-17 11:27:16.307000,416.64321031601696,996
2024-09-17 11:27:16.324000,416.6465350557912,11
2024-09-17 11:27:16.339000,416.65583569451326,103
2024-09-17 11:27:16.370000,416.6430052012794,7
2024-09-17 11:27:16.390000,416.68576702650927,15
2024-09-17 11:27:16.438000,416.6681561113559,1002
2024-09-17 11:27:16.438000,416.667609267449,1001
2024-09-17 11:27:16.440000,416.62901471601367,10
2024-09-17 11:27:16.453000,416.660074000513,100
2024-09-17 11:27:16.524000,416.66621502051504,997
2024-09-17 11:27:16.623000,416.6399143549864,6
2024-09-17 11:27:16.647000,416.6361974201752,98
2024-09-17 11:27:16.699000,416.673770704899,101
2024-09-17 11:27:16.773000,416.654322890802,1001
2024-09-17 11:27:16.879000,416.6610137735544,8
2024-09-17 11:27:16.910000,416.6793880566632,96
2024-09-17 11:27:16.916000,416.63634855646086,8
2024-09-17 11:27:16.926000,416.6145821733365,7
2024-09-17 11:27:16.984000,416.664016704062,13
2024-09-17 11:27:17.074000,416.6401558161322,998
2024-09-17 11:27:17.075000,416.6624830807216,997
2024-09-17 11:27:17.094000,416.6381592531193,103
2024-09-17 11:27:17.149000,416.6723593895375,1005
2024-09-17 11:27:17.156000,416.65201984076,105
2024-09-17 11:27:17.276000,416.6876275532821,15
2024-09-17 11:27:17.278000,416.6204538293879,998
2024-09-17 11:27:17.366000,416.6831373099844,7
2024-09-17 11:27:17.389000,416.6677025839405,9
2024-09-17 11:27:17.490000,416.6712686137476,8
2024-09-17 11:27:17.615000,416.6855850377212,996
2024-09-17 11:27:17.630000,416.65580510013297,1001
2024-09-17 11:27:17.709000,416.62670387954665,998
2024-09-17 11:27:17.863000,416.68092134011255,100
2024-09-17 11:27:17.969000,416.6417871736671,98
2024-09-17 11:27:18.106000,416.5934271627665,15
2024-09-17 11:27:18.160000,416.566279935092,97
2024-09-17 11:27:18.166000,416.5709989203811,1001
2024-09-17 11:27:18.203000,416.6027480009411,996
2024-09-17 11:27:18.238000,416.5982739117853,1004
2024-09-17 11:27:18.278000,416.59166950618567,1004
2024-09-17 11:27:18.283000,416.5832455187558,98
2024-09-17 11:27:18.366000,416.58032422892336,998
2024-09-17 11:27:18.438000,416.56437677864113,1001
2024-09-17 11:27:18.516000,416.60518575713695,100
2024-09-17 11:27:18.571000,416.58690013824224,95
2024-09-17 11:27:18.588000,416.6034188302067,98
2024-09-17 11:27:18.591000,416.56275855195554,1004
2024-09-17 11:27:18.615000,416.61489443488114,9
2024-09-17 11:27:18.651000,416.5993629761939,105
2024-09-17 11:27:18.711000,416.5928919590761,1004
2024-09-17 11:27:18.720000,416.59402943070495,995
2024-09-17 11:27:18.777000,416.5710311652368,13
2024-09-17 11:27:18.813000,416.5986515357072,6
2024-09-17 11:27:18.868000,416.59825370771927,102
2024-09-17 11:27:18.878000,416.59479556012434,96
2024-09-17 11:27:18.884000,416.6180888693342,15
2024-09-17 11:27:18.993000,416.5794426833694,97
2024-09-17 11:27:19.021000,416.57882721988005,15
2024-09-17 11:27:19.022000,416.5894705031818,12
2024-09-17 11:27:19.181000,416.6405748269861,97
2024-09-17 11:27:19.238000,416.5891692600848,96
2024-09-17 11:27:19.250000,416.61052059858827,95
2024-09-17 11:27:19.281000,416.57660000793743,105
2024-09-17 11:27:19.330000,416.6044988216735,995
2024-09-17 11:27:19.460000,416.5888322207521,999
2024-09-17 11:27:19.479000,416.5957239221022,1000
2024-09-17 11:27:19.522000,416.5791584103661,12
2024-09-17 11:27:19.592000,416.5949160268129,1002
2024-09-17 11:27:19.664000,416.6018603446224,104
2024-09-17 11:27:19.752000,416.6110855965055,996
2024-09-17 11:27:19.790000,416.5936685387428,1001
2024-09-17 11:27:19.800000,416.5992301410844,104
2024-09-17 11:27:19.813000,416.63810752753096,102
2024-09-17 11:27:19.941000,416.60682363831575,103
2024-09-17 11:27:20.033000,416.63711784573934,97
2024-09-17 11:27:20.041000,416.6254017046825,96
2024-09-17 11:27:20.123000,416.6132496191023,14
2024-09-17 11:27:20.134000,416.61084533589417,1000
2024-09-17 11:27:20.159000,416.6015604379537,99
2024-09-17 11:27:20.291000,416.6213888019391,10
2024-09-17 11:27:20.382000,416.6327235571232,7
2024-09-17 11:27:20.396000,416.6179999408213,12
2024-09-17 11:27:20.495000,416.62404496384335,1003
2024-09-17 11:27:20.519000,416.5997605696025,10
2024-09-17 11:27:20.592000,416.6255312088044,10
2024-09-17 11:27:20.598000,416.5999959273609,10
2024-09-17 11:27:20.635000,416.6313012763399,14
2024-09-17 11:27:20.648000,416.6186538531082,15
2024-09-17 11:27:20.663000,416.6135555963508,100
2024-09-17 11:27:20.754000,416.61326367337983,5
2024-09-17 11:27:20.766000,416.60778967382777,1001
2024-09-17 11:27:20.775000,416.62654323353024,95
2024-09-17 11:27:20.855000,416.6058650253635,97
2024-09-17 11:27:20.859000,416.62244592332047,998
2024-09-17 11:27:20.870000,416.62179348567474,100
2024-09-17 11:27:20.872000,416.6120066216773,1002
2024-09-17 11:27:20.872000,416.6631839687494,1005
2024-09-17 11:27:20.875000,416.60441022162,6
2024-09-17 11:27:20.917000,416.6145606619546,996
2024-09-17 11:27:20.926000,416.641934276226,15
2024-09-17 11:27:21.006000,416.6534805900621,995
2024-09-17 11:27:21.016000,416.6790104653487,9
2024-09-17 11:27:21.025000,416.68317397802247,1005
2024-09-17 11:27:21.048000,416.74037213952994,998
2024-09-17 11:27:21.158000,416.70218800262666,995
2024-09-17 11:27:21.211000,416.66156256302986,97
2024-09-17 11:27:21.256000,416.7025183509352,1005
2024-09-17 11:27:21.307000,416.6611758746491,96
2024-09-17 11:27:21.332000,416.71438687534766,1001
2024-09-17 11:27:21.506000,416.6742532746022,996
2024-09-17 11:27:21.541000,416.73701418594345,102
2024-09-17 11:27:21.554000,416.7047708990994,1003
2024-09-17 11:27:21.603000,416.7387859032783,995
2024-09-17 11:27:21.612000,416.71785679669625,5
2024-09-17 11:27:21.659000,416.6860210018241,7
2024-09-17 11:27:21.671000,416.68468942377206,6
2024-09-17 11:27:21.730000,416.65864019338267,101
2024-09-17 11:27:21.901000,416.6852946119132,102
2024-09-17 11:27:21.922000,416.6626875071298,995
2024-09-17 11:27:21.925000,416.7047376951742,1003
2024-09-17 11:27:22.022000,416.84458565122577,12
2024-09-17 11:27:22.069000,416.87854011664376,1002
2024-09-17 11:27:22.071000,416.8334705810208,6
2024-09-17 11:27:22.085000,416.7805666275803,6
2024-09-17 11:27:22.151000,416.82326071160446,99
2024-09-17 11:27:22.169000,416.8520420334697,100
2024-09-17 11:27:22.173000,416.79138924523926,15
2024-09-17 11:27:22.182000,416.74698479005696,10
2024-09-17 11:27:22.185000,416.7104948894605,11
2024-09-17 11:27:22.198000,416.7523137236313,7
2024-09-17 11:27:22.232000,416.88797983067593,14
2024-09-17 11:27:22.309000,416.8039864114904,999
2024-09-17 11:27:22.378000,416.8203781591069,95
2024-09-17 11:27:22.478000,416.81842125414056,7
2024-09-17 11:27:22.544000,416.81877506898365,998
2024-09-17 11:27:22.617000,416.82236396120896,8
2024-09-17 11:27:22.669000,416.7702893725912,13
2024-09-17 11:27:22.796000,416.8206439234324,14
2024-09-17 11:27:22.879000,416.8138713706296,98
2024-09-17 11:27:22.879000,416.829344815379,12
2024-09-17 11:27:22.914000,416.7292951182162,995
2024-09-17 11:27:22.957000,416.7614901394021,11
2024-09-17 11:27:23.038000,416.8755690827272,996
2024-09-17 11:27:23.068000,416.8915117203799,7
2024-09-17 11:27:23.154000,416.87291251181927,5
2024-09-17 11:27:23.189000,416.8734989234616,15
2024-09-17 11:27:23.236000,416.90305901678073,1002
2024-09-17 11:27:23.333000,416.8586861001645,96
2024-09-17 11:27:23.349000,416.8752280605117,11
2024-09-17 11:27:23.384000,416.8906475861525,98
2024-09-17 11:27:23.406000,416.8512739801609,5
2024-09-17 11:27:23.445000,416.8793661740934,1003
2024-09-17 11:27:23.472000,416.9037831857109,96
2024-09-17 11:27:23.492000,416.8686520005013,1000
2024-09-17 11:27:23.526000,416.8927584778792,98
2024-09-17 11:27:23.619000,416.8686975287694,997
2024-09-17 11:27:23.711000,416.869324667506,13
2024-09-17 11:27:23.720000,416.8888026407747,9
2024-09-17 11:27:23.733000,416.90424247121024,12
2024-09-17 11:27:23.751000,416.8700291539688,97
2024-09-17 11:27:23.777000,416.8809006100747,1002
2024-09-17 11:27:23.787000,416.8771032708043,996
2024-09-17 11:27:23.890000,416.88235473385765,8
2024-09-17 11:27:23.920000,416.8837400162668,105
2024-09-17 11:27:23.924000,416.8867927312241,104
2024-09-17 11:27:24.003000,416.8799671673934,997
2024-09-17 11:27:24.113000,416.8899812016752,997
2024-09-17 11:27:24.343000,416.9028184459105,1001
2024-09-17 11:27:24.628000,416.890708378918,8
2024-09-17 11:27:24.670000,416.939232627635,1003
2024-09-17 11:27:24.736000,416.9018689210955,15
2024-09-17 11:27:24.972000,416.9304158478178,6
2024-09-17 11:27:24.995000,416.9191432084983,8
2024-09-17 11:27:25.055000,416.9423284126714,999
2024-09-17 11:27:25.078000,416.96868284095297,96
2024-09-17 11:27:25.113000,416.95231166756,998
2024-09-17 11:27:25.130000,416.9628781662401,999
2024-09-17 11:27:25.169000,416.9517149558648,100
2024-09-17 11:27:25.203000,416.933059663447,995
2024-09-17 11:27:25.211000,416.9378291600825,1003
2024-09-17 11:27:25.216000,416.96289486196366,7
2024-09-17 11:27:25.288000,416.9354778367799,999
2024-09-17 11:27:25.332000,416.9872414652575,13
2024-09-17 11:27:25.454000,416.95218487161424,1002
2024-09-17 11:27:25.485000,416.9383335271631,1003
2024-09-17 11:27:25.497000,416.9427047110617,102
2024-09-17 11:27:25.577000,416.9522403314416,9
2024-09-17 11:27:25.632000,416.9364459653543,100
2024-09-17 11:27:25.638000,416.9520762496571,100
2024-09-17 11:27:25.661000,416.9491873846716,13
2024-09-17 11:27:25.707000,416.9191742897999,96
2024-09-17 11:27:25.942000,416.9560292154106,105
2024-09-17 11:27:25.978000,416.9206457213219,5
2024-09-17 11:27:26.030000,416.9896673583647,12
2024-09-17 11:27:26.062000,416.9893626124341,1003
2024-09-17 11:27:26.066000,416.9846425452289,13
2024-09-17 11:27:26.209000,416.994079152213,100
2024-09-17 11:27:26.243000,416.9890903485139,97
2024-09-17 11:27:26.245000,417.011606120675,995
2024-09-17 11:27:26.282000,417.0081904444917,15
2024-09-17 11:27:26.287000,417.03953814715663,103
2024-09-17 11:27:26.370000,417.00656914070623,996
2024-09-17 11:27:26.379000,416.9786799864588,1000
2024-09-17 11:27:26.410000,417.0093783944797,999
2024-09-17 11:27:26.436000,416.9971933860352,11
2024-09-17 11:27:26.469000,417.0179609266867,11
2024-09-17 11:27:26.495000,417.0146668546536,999
2024-09-17 11:27:26.520000,416.9975704426209,6
2024-09-17 11:27:26.697000,416.9919014081013,99
2024-09-17 11:27:26.757000,416.98253928851983,13
2024-09-17 11:27:26.766000,416.9933791807999,14
2024-09-17 11:27:26.797000,417.023368982441,102
2024-09-17 11:27:26.816000,417.00524919928296,1005
2024-09-17 11:27:26.824000,417.01698364945946,103
2024-09-17 11:27:26.896000,417.0158761192493,105
2024-09-17 11:27:26.916000,416.99369789649154,7
2024-09-17 11:27:26.940000,417.0149966542253,97
2024-09-17 11:27:26.984000,416.98934490678175,103
2024-09-17 11:27:27.012000,417.1051392983854,11
2024-09-17 11:27:27.049000,417.0579420841879,8
2024-09-17 11:27:27.118000,417.1015610745837,105
2024-09-17 11:27:27.125000,417.0847217979396,14
2024-09-17 11:27:27.133000,417.0525621211796,1005
2024-09-17 11:27:27.148000,417.0632102811506,12
2024-09-17 11:27:27.226000,417.0674776619352,1001
2024-09-17 11:27:27.261000,417.1077355589748,10
2024-09-17 11:27:27.319000,417.06489107062754,8
2024-09-17 11:27:27.452000,417.0732843565357,1003
2024-09-17 11:27:27.588000,417.0681022774812,95
2024-09-17 11:27:27.621000,417.0622448334965,9
2024-09-17 11:27:27.834000,417.09420382470665,9
2024-09-17 11:27:27.910000,417.0387921294009,102
2024-09-17 11:27:27.941000,417.03330867886,10
2024-09-17 11:27:27.980000,417.0719003122432,1002
2024-09-17 11:27:28.211000,417.0835637319408,997
2024-09-17 11:27:29.019000,417.0812876933784,1005
2024-09-17 11:27:29.029000,417.0952747923404,1003
2024-09-17 11:27:29.073000,417.08225249887073,97
2024-09-17 11:27:29.073000,417.12822264826855,999
2024-09-17 11:27:29.176000,417.1131596045104,997
2024-09-17 11:27:29.181000,417.1032878033079,6
2024-09-17 11:27:29.188000,417.1282152654289,96
2024-09-17 11:27:29.206000,417.1040661562023,99
2024-09-17 11:27:29.248000,417.0891655994678,14
2024-09-17 11:27:29.280000,417.1068651416825,98
2024-09-17 11:27:29.448000,417.1096638640561,8
2024-09-17 11:27:29.498000,417.10894168849126,1002
2024-09-17 11:27:29.518000,417.1156968152771,5
2024-09-17 11:27:29.542000,417.0946232136314,96
2024-09-17 11:27:29.707000,417.1113851405075,103
2024-09-17 11:27:29.812000,417.1198243989923,995
2024-09-17 11:27:29.813000,417.0917651920096,1001
2024-09-17 11:27:29.816000,417.0921241228839,102
2024-09-17 11:27:29.824000,417.08304793695567,8
2024-09-17 11:27:29.927000,417.11877414003567,100
2024-09-17 11:27:29.962000,417.1167309268957,998
2024-09-17 11:27:29.974000,417.106586089104,96
2024-09-17 11:27:31.014000,417.0070182682156,1000
2024-09-17 11:27:31.021000,417.0038550737811,999
2024-09-17 11:27:31.076000,417.0939187084229,1001
2024-09-17 11:27:31.111000,417.0251432901016,1002
2024-09-17 11:27:31.167000,417.0738270969006,101
2024-09-17 11:27:31.171000,417.1009861246735,99
2024-09-17 11:27:31.205000,417.0819253675789,105
2024-09-17 11:27:31.208000,417.033415504749,998
2024-09-17 11:27:31.229000,417.0378526951895,96
2024-09-17 11:27:31.318000,417.01116976906144,1000
2024-09-17 11:27:31.320000,417.06211873438286,14
2024-09-17 11:27:31.323000,417.0387630657711,95
2024-09-17 11:27:31.365000,417.0307546875831,15
2024-09-17 11:27:31.403000,417.0925983062035,104
2024-09-17 11:27:31.456000,417.0319926524194,1003
2024-09-17 11:27:31.610000,417.09354012962336,8
2024-09-17 11:27:31.627000,417.0230102972958,1000
2024-09-17 11:27:31.727000,417.0216915207768,102
2024-09-17 11:27:31.752000,417.09047329564737,8
2024-09-17 11:27:31.773000,417.000735914912,998
2024-09-17 11:27:31.834000,417.01133434050246,103
2024-09-17 11:27:31.846000,417.08733296660273,98
2024-09-17 11:27:31.861000,417.03440130476815,99
2024-09-17 11:27:31.981000,417.00358792070017,104
2024-09-17 11:27:31.995000,417.0077240167639,100
2024-09-17 11:27:32.006000,417.0411166974037,95
2024-09-17 11:27:32.011000,417.08023670918175,97
2024-09-17 11:27:32.018000,417.0515114137872,10
2024-09-17 11:27:32.121000,417.0460957164378,1000
2024-09-17 11:27:32.163000,417.0132917011839,7
2024-09-17 11:27:32.165000,417.0482689716426,99
2024-09-17 11:27:32.200000,417.0652850591928,999
2024-09-17 11:27:32.282000,417.0035250848953,103
2024-09-17 11:27:32.298000,417.0302301914254,1002
2024-09-17 11:27:32.323000,417.0456812001106,97
2024-09-17 11:27:32.395000,417.0627271871643,13
2024-09-17 11:27:32.422000,417.0106700649551,95
2024-09-17 11:27:32.447000,417.006016948034,12
2024-09-17 11:27:32.449000,417.0035591990504,1002
2024-09-17 11:27:32.480000,417.0557474053172,998
2024-09-17 11:27:32.495000,417.0184979941254,104
2024-09-17 11:27:32.505000,417.0462967947712,99
2024-09-17 11:27:32.510000,417.07518184830246,104
2024-09-17 11:27:32.534000,417.0505935045322,103
2024-09-17 11:27:32.615000,417.0043269523285,103
2024-09-17 11:27:32.652000,417.01324519385145,96
2024-09-17 11:27:32.662000,417.03695243837086,15
2024-09-17 11:27:32.723000,417.0583317152145,998
2024-09-17 11:27:32.729000,417.02249781378,10
2024-09-17 11:27:32.771000,417.072835042595,996
2024-09-17 11:27:32.778000,417.0743029185505,96
2024-09-17 11:27:32.790000,417.07363902451095,95
2024-09-17 11:27:32.857000,417.048161257224,6
2024-09-17 11:27:32.876000,417.0259775010903,1002
2024-09-17 11:27:33.029000,417.0010018326374,104
2024-09-17 11:27:33.214000,417.02226432586286,998
2024-09-17 11:27:33.254000,417.0141026804528,14
2024-09-17 11:27:33.307000,416.9883547256563,105
2024-09-17 11:27:33.351000,417.0094383708179,8
2024-09-17 11:27:33.512000,416.9943164895658,1001
2024-09-17 11:27:33.549000,416.98941866986365,1004
2024-09-17 11:27:33.660000,417.0279658989994,6
2024-09-17 11:27:33.684000,417.0142685681326,1000
2024-09-17 11:27:33.750000,417.0041291770457,12
2024-09-17 11:27:33.751000,416.9848675029407,8
2024-09-17 11:27:33.766000,416.99946751047605,1004
2024-09-17 11:27:33.845000,417.0038017837677,96
2024-09-17 11:27:33.854000,417.00377208245294,998
2024-09-17 11:27:33.900000,417.01928109226594,11
2024-09-17 11:27:34.041000,416.9983848601903,8
2024-09-17 11:27:34.130000,416.9907135074232,102
2024-09-17 11:27:34.241000,416.9976905968669,100
2024-09-17 11:27:34.322000,416.98078352324944,1004
2024-09-17 11:27:34.376000,416.9894153671517,996
2024-09-17 11:27:34.397000,417.00808215756007,1002
2024-09-17 11:27:34.474000,416.99616543693,996
2024-09-17 11:27:34.490000,416.98259728976535,95
2024-09-17 11:27:34.507000,417.00466599992666,995
2024-09-17 11:27:34.593000,416.97776661581264,996
2024-09-17 11:27:34.598000,416.9986585160942,8
2024-09-17 11:27:34.610000,416.999560924298,98
2024-09-17 11:27:34.611000,417.0081624496454,6
2024-09-17 11:27:34.662000,417.0072561333944,998
2024-09-17 11:27:34.670000,417.0089063976034,997
2024-09-17 11:27:34.686000,417.0038083750423,98
2024-09-17 11:27:34.737000,417.00035406903055,998
2024-09-17 11:27:34.840000,416.9713952914828,105
2024-09-17 11:27:34.948000,417.0018746700156,105
2024-09-17 11:27:34.998000,417.0178504199879,14
2024-09-17 11:27:35.062000,416.99124203268457,1002
2024-09-17 11:27:35.102000,416.9519263269422,6
2024-09-17 11:27:35.206000,416.9859618848223,102
2024-09-17 11:27:35.220000,416.958091827129,996
2024-09-17 11:27:35.252000,416.98732174247175,1003
2024-09-17 11:27:35.418000,417.0011640631346,100
2024-09-17 11:27:35.460000,416.9697683918312,13
2024-09-17 11:27:35.519000,416.96716675058354,98
2024-09-17 11:27:35.520000,417.0092850169932,13
2024-09-17 11:27:35.537000,416.9631471025188,15
2024-09-17 11:27:35.786000,416.9999969168401,104
2024-09-17 11:27:35.829000,417.0067508257858,9
2024-09-17 11:27:35.856000,416.9585800452804,12
2024-09-17 11:27:35.910000,416.9874295443566,9
2024-09-17 11:27:35.921000,416.9750336136453,14
2024-09-17 11:27:35.925000,416.9974543719062,10
2024-09-17 11:27:35.961000,416.98296432848105,96
2024-09-17 11:27:36.225000,416.9995917732073,1004
2024-09-17 11:27:36.373000,417.0074818397567,100
2024-09-17 11:27:37.006000,416.9928504812021,1001
2024-09-17 11:27:37.021000,416.9454534953214,100
2024-09-17 11:27:37.055000,416.97055902185895,98
2024-09-17 11:27:37.110000,416.9887204424999,12
2024-09-17 11:27:37.143000,416.983961571613,14
2024-09-17 11:27:37.158000,416.9379984193506,1005
2024-09-17 11:27:37.238000,416.9974302650083,102
2024-09-17 11:27:37.257000,416.9561296949993,98
2024-09-17 11:27:37.347000,416.9448935307051,105
2024-09-17 11:27:37.356000,416.95108358673,995
2024-09-17 11:27:37.361000,416.9575444475949,9
2024-09-17 11:27:37.467000,416.9734695137046,997
2024-09-17 11:27:37.485000,416.9480817345214,6
2024-09-17 11:27:37.487000,416.9459038478198,99
2024-09-17 11:27:37.501000,416.9310261788252,10
2024-09-17 11:27:37.517000,416.9457137008316,7
2024-09-17 11:27:37.620000,416.95388588276927,100
2024-09-17 11:27:37.655000,416.956337600834,104
2024-09-17 11:27:37.742000,416.9525708404516,11
2024-09-17 11:27:37.821000,416.9473992868494,100
2024-09-17 11:27:37.953000,416.9468540955007,15
2024-09-17 11:27:37.966000,416.9358313235097,11
2024-09-17 11:27:39.284000,416.9465188473611,7
2024-09-17 11:27:39.500000,416.9315489951978,101
2024-09-17 11:27:39.570000,416.9358343004391,1000
2024-09-17 11:27:39.811000,416.9403243137809,6
2024-09-17 11:27:39.867000,416.9209158214093,105
2024-09-17 11:27:40.010000,416.9762624924366,998
2024-09-17 11:27:40.030000,416.936119904507,105
2024-09-17 11:27:40.048000,416.9820049262258,12
2024-09-17 11:27:40.055000,416.9441923872664,97
2024-09-17 11:27:40.129000,416.9406610387878,105
2024-09-17 11:27:40.140000,417.0098215176751,95
2024-09-17 11:27:40.265000,416.9369300991712,100
2024-09-17 11:27:40.327000,417.0138432249701,14
2024-09-17 11:27:40.356000,416.9680990668966,999
2024-09-17 11:27:40.495000,416.993823011121,1000
2024-09-17 11:27:40.531000,416.9828084524447,14
2024-09-17 11:27:40.720000,416.95929018787575,101
2024-09-17 11:27:40.721000,416.9446186659813,995
2024-09-17 11:27:40.730000,417.0001024182965,98
2024-09-17 11:27:40.742000,416.909474444429,996
2024-09-17 11:27:40.795000,416.95174539568,6
2024-09-17 11:27:40.875000,416.9711495086182,14
2024-09-17 11:27:40.877000,416.9366321843351,100
2024-09-17 11:27:41.002000,416.97298310296014,103
2024-09-17 11:27:41.090000,416.97756632209,1002
2024-09-17 11:27:41.176000,416.935874545316,105
2024-09-17 11:27:41.210000,416.9593881222552,998
2024-09-17 11:27:41.253000,416.9727303784128,12
2024-09-17 11:27:41.290000,416.933191891199,995
2024-09-17 11:27:41.335000,416.9371986641115,101
2024-09-17 11:27:41.418000,416.9524956242008,104
2024-09-17 11:27:41.491000,416.9256334723018,103
2024-09-17 11:27:41.515000,416.9523785972793,103
2024-09-17 11:27:41.517000,416.9507374411029,996
2024-09-17 11:27:41.578000,416.9473210409952,1005
2024-09-17 11:27:41.632000,416.9742948673369,97
2024-09-17 11:27:41.658000,416.9544152597382,998
2024-09-17 11:27:41.732000,416.9572934896855,14
2024-09-17 11:27:41.771000,416.9871256752825,99
2024-09-17 11:27:41.816000,416.9577811355259,97
2024-09-17 11:27:41.942000,416.93668822728273,101
2024-09-17 11:27:41.994000,416.97560195446937,101
2024-09-17 11:27:42.066000,416.9560274307477,995
2024-09-17 11:27:42.172000,416.9959067149535,995
2024-09-17 11:27:42.180000,416.992412112569,15
2024-09-17 11:27:42.185000,416.95674503022633,997
2024-09-17 11:27:42.201000,416.9816372270408,13
2024-09-17 11:27:42.253000,416.9690693176848,99
2024-09-17 11:27:42.254000,416.9879743233931,14
2024-09-17 11:27:42.283000,416.9793378874418,105
2024-09-17 11:27:42.447000,416.9810763478706,8
2024-09-17 11:27:42.449000,416.9643780363033,1002
2024-09-17 11:27:42.500000,416.9778566008872,100
2024-09-17 11:27:42.605000,416.97531811884073,103
2024-09-17 11:27:42.841000,416.93991193416326,999
2024-09-17 11:27:42.844000,416.9959969159784,997
2024-09-17 11:27:42.845000,416.92448095471656,995
2024-09-17 11:27:42.863000,416.9676952827063,105
2024-09-17 11:27:42.866000,416.985328266672,999
2024-09-17 11:27:42.964000,416.9460675616736,998
2024-09-17 11:27:43.204000,416.96687883701406,98
2024-09-17 11:27:43.413000,416.9497378037197,1000
2024-09-17 11:27:43.505000,416.9883850800505,1002
2024-09-17 11:27:43.541000,416.9300344212532,12
2024-09-17 11:27:43.549000,416.94307543634585,1000
2024-09-17 11:27:43.592000,416.96646265477233,12
2024-09-17 11:27:43.633000,416.9588534608158,10
2024-09-17 11:27:43.721000,416.9935603348971,97
2024-09-17 11:27:43.759000,416.98437848679976,99
2024-09-17 11:27:43.787000,416.98071873642976,105
2024-09-17 11:27:44.004000,416.874791464748,996
2024-09-17 11:27:44.027000,416.9132439578912,11
2024-09-17 11:27:44.030000,416.9285526691955,96
2024-09-17 11:27:44.044000,416.9110788038163,15
2024-09-17 11:27:44.055000,416.92042926479473,98
2024-09-17 11:27:44.085000,416.8951204421389,995
2024-09-17 11:27:44.141000,416.91289881180296,102
2024-09-17 11:27:44.146000,416.8702252893194,999
2024-09-17 11:27:44.222000,416.919094170378,99
2024-09-17 11:27:44.263000,416.9256942293,998
2024-09-17 11:27:44.391000,416.902354000388,11
2024-09-17 11:27:44.400000,416.8937724668717,1000
2024-09-17 11:27:44.456000,416.9232634441444,96
2024-09-17 11:27:44.484000,416.8755969832752,996
2024-09-17 11:27:44.553000,416.9384133460383,8
2024-09-17 11:27:44.583000,416.8838986800892,15
2024-09-17 11:27:44.612000,416.9141650556692,99
2024-09-17 11:27:44.612000,416.9088240793028,105
2024-09-17 11:27:44.657000,416.9378967186735,13
2024-09-17 11:27:44.740000,416.9458163988924,1004
2024-09-17 11:27:44.770000,416.94294011814605,5
2024-09-17 11:27:44.917000,416.93832676630456,13
2024-09-17 11:27:44.929000,416.9323494321122,101
2024-09-17 11:27:44.950000,416.8618517773732,8
2024-09-17 11:27:45.066000,416.90810407737,104
2024-09-17 11:27:45.324000,416.9017592898143,1005
2024-09-17 11:27:45.352000,416.9160681082622,96
2024-09-17 11:27:45.513000,416.92480786856527,1002
2024-09-17 11:27:45.585000,416.92405597473714,995
2024-09-17 11:27:45.672000,416.9180812697825,997
2024-09-17 11:27:45.971000,416.9378695699993,103
2024-09-17 11:27:46.228000,416.92078339796063,1005
2024-09-17 11:27:46.790000,416.9148934472914,996
2024-09-17 11:27:46.850000,416.9192116081843,12
2024-09-17 11:27:46.961000,416.92254213050654,104
2024-09-17 11:27:47.035000,416.9409740531893,995
2024-09-17 11:27:47.038000,416.9339784823447,12
2024-09-17 11:27:47.198000,416.9252523532669,100
2024-09-17 11:27:47.237000,416.9125961822714,104
2024-09-17 11:27:47.312000,416.9359381735696,6
2024-09-17 11:27:47.330000,416.971521440152,998
2024-09-17 11:27:47.382000,416.94953406581214,15
2024-09-17 11:27:47.402000,416.9464806333425,99
2024-09-17 11:27:47.677000,416.9094977319181,100
2024-09-17 11:27:47.695000,416.9220491011128,8
2024-09-17 11:27:47.724000,416.9747024609921,1001
2024-09-17 11:27:47.731000,416.9527281122995,999
2024-09-17 11:27:47.771000,416.9330927428225,97
2024-09-17 11:27:47.792000,416.9702095541844,8
2024-09-17 11:27:47.810000,416.929212180765,99
2024-09-17 11:27:47.853000,416.9715264652957,12
2024-09-17 11:27:47.892000,416.90926925822725,100
2024-09-17 11:27:47.895000,416.9370242716767,101
2024-09-17 11:27:47.965000,416.9178194581272,996
2024-09-17 11:27:48.042000,416.9501608289637,10
2024-09-17 11:27:48.121000,416.948081396868,95
2024-09-17 11:27:48.234000,416.94272741917626,103
2024-09-17 11:27:48.545000,416.93497592080894,105
2024-09-17 11:27:48.588000,416.9430279566041,996
2024-09-17 11:27:48.633000,416.9273665914304,1005
2024-09-17 11:27:48.728000,416.9414119825468,5
2024-09-17 11:27:48.889000,416.9518534700656,15
2024-09-17 11:27:49.104000,416.9410927996166,9
2024-09-17 11:27:49.229000,416.9327238967084,101
2024-09-17 11:27:49.233000,416.9251284212904,101
2024-09-17 11:27:49.298000,416.9402132186971,1002
2024-09-17 11:27:49.315000,416.9496995990522,101
2024-09-17 11:27:49.751000,416.9678536703725,13
2024-09-17 11:27:49.767000,416.9514247891228,99
2024-09-17 11:27:49.779000,416.9154593958685,9
2024-09-17 11:27:49.813000,416.9519741064892,102
2024-09-17 11:27:49.819000,416.9454931138188,1005
2024-09-17 11:27:49.820000,416.9306066688352,1005
2024-09-17 11:27:49.833000,416.96135986730206,8
2024-09-17 11:27:49.899000,416.9652387647581,10
2024-09-17 11:27:49.986000,416.9496005187501,995
2024-09-17 11:27:50.064000,416.9329544254376,996
2024-09-17 11:27:50.108000,416.9493731468082,8
2024-09-17 11:27:50.181000,416.94495705309646,8
2024-09-17 11:27:50.214000,416.95003111350775,101
2024-09-17 11:27:50.275000,416.95793183069617,1001
2024-09-17 11:27:50.278000,416.97747916498327,96
2024-09-17 11:27:50.359000,416.945880252669,99
2024-09-17 11:27:50.425000,416.95643014195895,103
2024-09-17 11:27:50.506000,416.9655525326197,996
2024-09-17 11:27:50.534000,416.9573136207056,13
2024-09-17 11:27:50.538000,416.9604059446961,1000
2024-09-17 11:27:50.542000,416.949780179588,102
2024-09-17 11:27:50.571000,416.9567528875742,102
2024-09-17 11:27:50.694000,416.977801233771,101
2024-09-17 11:27:50.730000,416.9376505284149,1003
2024-09-17 11:27:50.730000,416.9575716394002,999
2024-09-17 11:27:50.751000,416.96215265163295,7
2024-09-17 11:27:50.761000,416.94298182577154,15
2024-09-17 11:27:50.786000,416.971788556154,15
2024-09-17 11:27:50.972000,416.9593240403134,1001
2024-09-17 11:27:51.017000,416.9686114361621,7
2024-09-17 11:27:51.028000,416.94986282474446,1000
2024-09-17 11:27:51.032000,416.8815981811522,999
2024-09-17 11:27:51.038000,416.9581599392639,12
2024-09-17 11:27:51.043000,416.8752781951814,13
2024-09-17 11:27:51.092000,416.9403722787421,9
2024-09-17 11:27:51.164000,416.9051032250303,12
2024-09-17 11:27:51.204000,416.8947567628774,13
2024-09-17 11:27:51.208000,416.93614156611375,1005
2024-09-17 11:27:51.306000,416.9659830394797,101
2024-09-17 11:27:51.368000,416.96360438977615,1002
2024-09-17 11:27:51.434000,416.9144475439917,1004
2024-09-17 11:27:51.458000,416.95214269585296,11
2024-09-17 11:27:51.474000,416.90091394880056,11
2024-09-17 11:27:51.475000,416.9231155411112,105
2024-09-17 11:27:51.606000,416.9713676879557,1004
2024-09-17 11:27:51.611000,416.9365678878857,11
2024-09-17 11:27:51.625000,416.9750806822945,103
2024-09-17 11:27:51.639000,416.9564958437522,96
2024-09-17 11:27:51.691000,416.9130881032588,11
2024-09-17 11:27:51.699000,416.8955933964685,12
2024-09-17 11:27:51.739000,416.9313230643582,8
2024-09-17 11:27:51.751000,416.8780261508341,14
2024-09-17 11:27:51.806000,416.8774486001629,95
2024-09-17 11:27:51.811000,416.9583013738064,998
2024-09-17 11:27:51.827000,416.9636674988987,995
2024-09-17 11:27:51.987000,416.8689183911127,996
2024-09-17 11:27:52.099000,416.93096225886336,1001
2024-09-17 11:27:52.131000,416.9492468604737,997
2024-09-17 11:27:52.307000,416.9079445915042,9
2024-09-17 11:27:52.331000,416.9004769793831,13
2024-09-17 11:27:52.425000,416.9256720979911,999
2024-09-17 11:27:52.478000,416.9086121071646,996
2024-09-17 11:27:52.524000,416.88886047950047,99
2024-09-17 11:27:52.536000,416.94436155858176,96
2024-09-17 11:27:52.601000,416.95088822554527,1003
2024-09-17 11:27:52.721000,416.9585562064655,6
2024-09-17 11:27:52.861000,416.89951567966574,10
2024-09-17 11:27:52.925000,416.8978260709735,999
2024-09-17 11:27:52.974000,416.9032361555793,1005
2024-09-17 11:27:53.009000,416.9585575438783,1000
2024-09-17 11:27:53.307000,416.95578927350925,105
2024-09-17 11:27:53.976000,416.9556337905694,104
2024-09-17 11:27:54.070000,416.93274884060594,11
2024-09-17 11:27:54.110000,416.9384564729618,104
2024-09-17 11:27:54.138000,416.954382414988,100
2024-09-17 11:27:54.170000,416.94656235477765,97
2024-09-17 11:27:54.241000,416.9391021978287,96
2024-09-17 11:27:54.278000,416.9377114165487,96
2024-09-17 11:27:54.419000,416.9340219074122,103
2024-09-17 11:27:54.422000,416.9638132262252,6
2024-09-17 11:27:54.429000,416.944031221506,100
2024-09-17 11:27:54.484000,416.9535040670595,5
2024-09-17 11:27:54.541000,416.9505913565827,15
2024-09-17 11:27:54.574000,416.953795673717,98
2024-09-17 11:27:54.609000,416.95155650768015,102
2024-09-17 11:27:54.647000,416.95150362120097,15
2024-09-17 11:27:54.654000,416.9480047817677,1003
2024-09-17 11:27:54.672000,416.9134972381826,9
2024-09-17 11:27:54.733000,416.94255040730513,98
2024-09-17 11:27:54.814000,416.9379601960815,8
2024-09-17 11:27:54.857000,416.9448474899456,6
2024-09-17 11:27:54.886000,416.9358089309695,8
2024-09-17 11:27:54.912000,416.9487333626203,105
2024-09-17 11:27:54.976000,416.93006382511805,1001
2024-09-17 11:27:55.005000,416.9272699234417,12
2024-09-17 11:27:55.007000,416.9488262404763,8
2024-09-17 11:27:55.082000,416.93889345846753,15
2024-09-17 11:27:55.131000,416.946332725603,105
2024-09-17 11:27:55.147000,416.90908509614326,105
2024-09-17 11:27:55.187000,416.89968593642993,102
2024-09-17 11:27:55.228000,416.9208203622363,6
2024-09-17 11:27:55.247000,416.9491298420318,995
2024-09-17 11:27:55.267000,416.9264011817223,100
2024-09-17 11:27:55.290000,416.966000218743,99
2024-09-17 11:27:55.327000,416.9336909565853,97
2024-09-17 11:27:55.333000,416.9281002859837,999
2024-09-17 11:27:55.348000,416.9334996345588,7
2024-09-17 11:27:55.446000,416.9474869368967,1000
2024-09-17 11:27:55.516000,416.9167070709608,98
2024-09-17 11:27:55.597000,416.95135270392126,10
2024-09-17 11:27:55.613000,416.940162833193,1005
2024-09-17 11:27:55.624000,416.9469542529374,7
2024-09-17 11:27:55.716000,416.9239345715959,15
2024-09-17 11:27:55.833000,416.9410615609242,5
2024-09-17 11:27:55.850000,416.9374895692447,10
2024-09-17 11:27:55.883000,416.9356493499457,98
2024-09-17 11:27:55.938000,416.9252712168421,995
2024-09-17 11:27:56.110000,416.92819971145326,11
2024-09-17 11:27:56.208000,416.9352732761925,15
2024-09-17 11:27:56.247000,416.9224021351676,998
2024-09-17 11:27:56.591000,416.9335775721657,1000
2024-09-17 11:27:56.855000,416.903175480313,12
2024-09-17 11:27:56.950000,416.912408502541,995
2024-09-17 11:27:56.976000,416.9238541434802,103
2024-09-17 11:27:57.136000,416.9231921678016,97
2024-09-17 11:27:57.182000,416.9852376135553,10
2024-09-17 11:27:57.211000,416.9426996571379,1004
2024-09-17 11:27:57.235000,416.9355259425002,14
2024-09-17 11:27:57.277000,416.9711932139878,104
2024-09-17 11:27:57.308000,416.9086889593908,104
2024-09-17 11:27:57.316000,416.9488211553455,1001
2024-09-17 11:27:57.319000,416.9117794595677,103
2024-09-17 11:27:57.468000,416.9079134684692,999
2024-09-17 11:27:57.499000,416.97198522112967,5
2024-09-17 11:27:57.530000,416.90995914203296,999
2024-09-17 11:27:57.557000,416.9133016451213,999
2024-09-17 11:27:57.731000,416.9422833845886,99
2024-09-17 11:27:57.767000,416.9461374694948,14
2024-09-17 11:27:57.814000,416.96816785782966,1000
2024-09-17 11:27:57.945000,416.92579336668746,96
2024-09-17 11:27:57.994000,416.9355393966405,14
2024-09-17 11:27:57.997000,416.95541397352576,11
2024-09-17 11:27:58.016000,416.88524104478313,98
2024-09-17 11:27:58.064000,416.9159964821317,101
2024-09-17 11:27:58.069000,416.9268537339293,9
2024-09-17 11:27:58.084000,416.8868990966858,997
2024-09-17 11:27:58.121000,416.90414327817706,95
2024-09-17 11:27:58.126000,416.8719283401133,996
2024-09-17 11:27:58.186000,416.91173247679495,13
2024-09-17 11:27:58.200000,416.8962100298539,97
2024-09-17 11:27:58.214000,416.89844033680447,998
2024-09-17 11:27:58.241000,416.9129046088112,96
2024-09-17 11:27:58.302000,416.94734814573087,995
2024-09-17 11:27:58.384000,416.8780146812372,95
2024-09-17 11:27:58.429000,416.92683090572166,103
2024-09-17 11:27:58.444000,416.8711919111365,9
2024-09-17 11:27:58.451000,416.92867331831553,96
2024-09-17 11:27:58.511000,416.8946055319212,13
2024-09-17 11:27:58.519000,416.86534305767697,998
2024-09-17 11:27:58.537000,416.9222229322813,99
2024-09-17 11:27:58.636000,416.88012334102814,1003
2024-09-17 11:27:58.681000,416.9069058098961,103
2024-09-17 11:27:58.741000,416.9462447472168,102
2024-09-17 11:27:58.750000,416.8699082289469,998
2024-09-17 11:27:58.893000,416.9092152782924,98
2024-09-17 11:27:58.897000,416.8968260282463,99
2024-09-17 11:27:58.908000,416.91454845843646,999
2024-09-17 11:27:58.923000,416.9216683797742,101
2024-09-17 11:27:58.942000,416.9115963971448,14
2024-09-17 11:27:59.101000,416.8538226878456,103
2024-09-17 11:27:59.185000,416.86900502332304,5
2024-09-17 11:27:59.188000,416.8652170708752,998
2024-09-17 11:27:59.190000,416.876753607684,8
2024-09-17 11:27:59.202000,416.86360570213344,96
2024-09-17 11:27:59.275000,416.8464820782342,101
2024-09-17 11:27:59.343000,416.8718299155492,999
2024-09-17 11:27:59.353000,416.87536239386975,100
2024-09-17 11:27:59.403000,416.8820393520916,1000
2024-09-17 11:27:59.480000,416.866008536636,98
2024-09-17 11:27:59.545000,416.88781558868016,5
2024-09-17 11:27:59.564000,416.8679342658812,6
2024-09-17 11:27:59.623000,416.8624286936656,1002
2024-09-17 11:27:59.635000,416.8791357009156,9
2024-09-17 11:27:59.668000,416.8654494150309,103
2024-09-17 11:27:59.789000,416.8580644084804,95
