Timestamp,Price,Size
2024-09-16 12:31:00.008000,415.2555390700939,8
2024-09-16 12:31:00.163000,415.2245706170527,15
2024-09-16 12:31:00.202000,415.2784170089335,15
2024-09-16 12:31:00.214000,415.2733887814859,10
2024-09-16 12:31:00.222000,415.25664445388935,1001
2024-09-16 12:31:00.316000,415.2446023643816,13
2024-09-16 12:31:00.318000,415.29058008859664,11
2024-09-16 12:31:00.371000,415.2639136794113,1003
2024-09-16 12:31:00.381000,415.27031605276255,1001
2024-09-16 12:31:00.382000,415.2461430973503,8
2024-09-16 12:31:00.395000,415.2952181165147,1000
2024-09-16 12:31:00.402000,415.2611465978376,1003
2024-09-16 12:31:00.475000,415.270212721953,998
2024-09-16 12:31:00.517000,415.2780351632864,1005
2024-09-16 12:31:00.623000,415.2529466747773,13
2024-09-16 12:31:00.625000,415.2738091903147,103
2024-09-16 12:31:00.626000,415.237962750282,1003
2024-09-16 12:31:00.669000,415.277162416174,105
2024-09-16 12:31:00.722000,415.2430492357211,96
2024-09-16 12:31:00.748000,415.2318577540376,15
2024-09-16 12:31:00.753000,415.2798422847208,101
2024-09-16 12:31:00.756000,415.27611220788833,997
2024-09-16 12:31:00.789000,415.2452043554253,1003
2024-09-16 12:31:00.818000,415.224737025456,1002
2024-09-16 12:31:00.846000,415.2663746087418,6
2024-09-16 12:31:00.857000,415.2852929140579,13
2024-09-16 12:31:00.925000,415.2402555596663,1005
2024-09-16 12:31:00.984000,415.2615889709687,98
2024-09-16 12:31:01.011000,415.26102806912274,100
2024-09-16 12:31:01.017000,415.26250063425954,996
2024-09-16 12:31:01.024000,415.25497695923855,10
2024-09-16 12:31:01.161000,415.2254609565061,99
2024-09-16 12:31:01.171000,415.2418136797669,7
2024-09-16 12:31:01.243000,415.2524470362055,101
2024-09-16 12:31:01.276000,415.22746475308753,95
2024-09-16 12:31:01.509000,415.2473539860115,102
2024-09-16 12:31:01.642000,415.2494094610303,15
2024-09-16 12:31:01.730000,415.26244542069344,1002
2024-09-16 12:31:01.809000,415.2359782866639,99
2024-09-16 12:31:01.834000,415.253315983275,1003
2024-09-16 12:31:02.011000,415.2610623091814,103
2024-09-16 12:31:02.013000,415.3028450786957,996
2024-09-16 12:31:02.019000,415.2752289081408,1001
2024-09-16 12:31:02.062000,415.3121943907717,101
2024-09-16 12:31:02.236000,415.2265487339173,1005
2024-09-16 12:31:02.245000,415.2711408591667,1001
2024-09-16 12:31:02.330000,415.2868320296856,999
2024-09-16 12:31:02.406000,415.3223165604783,14
2024-09-16 12:31:02.415000,415.258137918429,6
2024-09-16 12:31:02.524000,415.2222554332011,100
2024-09-16 12:31:02.542000,415.2830785218852,9
2024-09-16 12:31:02.543000,415.31141186427817,1003
2024-09-16 12:31:02.622000,415.2342192706008,95
2024-09-16 12:31:02.630000,415.2421552084383,11
2024-09-16 12:31:02.663000,415.22462185561074,7
2024-09-16 12:31:02.855000,415.3006561128193,101
2024-09-16 12:31:02.882000,415.3234663788148,997
2024-09-16 12:31:02.935000,415.2789215129582,96
2024-09-16 12:31:02.940000,415.3164207371306,102
2024-09-16 12:31:02.945000,415.28114726947257,995
2024-09-16 12:31:02.978000,415.2787934493442,96
2024-09-16 12:31:02.987000,415.2432079952298,9
2024-09-16 12:31:03.140000,415.2723525271823,1003
2024-09-16 12:31:03.210000,415.26364106611777,1005
2024-09-16 12:31:03.237000,415.2791495071494,9
2024-09-16 12:31:03.263000,415.2769014696056,95
2024-09-16 12:31:03.367000,415.2654913952619,8
2024-09-16 12:31:03.413000,415.2671223356035,100
2024-09-16 12:31:03.643000,415.2712521496341,997
2024-09-16 12:31:03.658000,415.2735710521933,9
2024-09-16 12:31:03.717000,415.28471441018223,12
2024-09-16 12:31:03.722000,415.2718129056039,997
2024-09-16 12:31:03.749000,415.2701882055514,5
2024-09-16 12:31:03.798000,415.2817800522901,998
2024-09-16 12:31:03.881000,415.2584398018004,104
2024-09-16 12:31:03.897000,415.2782585457903,15
2024-09-16 12:31:04.020000,415.32091586480095,97
2024-09-16 12:31:04.052000,415.307391238448,101
2024-09-16 12:31:04.064000,415.3628571876687,14
2024-09-16 12:31:04.107000,415.314853906626,998
2024-09-16 12:31:04.169000,415.3453904017879,96
2024-09-16 12:31:04.283000,415.2827572713764,100
2024-09-16 12:31:04.383000,415.3723817711341,97
2024-09-16 12:31:04.424000,415.3611804248267,5
2024-09-16 12:31:04.450000,415.3302468340231,1005
2024-09-16 12:31:04.481000,415.38321956496463,5
2024-09-16 12:31:04.541000,415.3337793353569,96
2024-09-16 12:31:04.596000,415.34570493266114,105
2024-09-16 12:31:04.602000,415.3348588333462,99
2024-09-16 12:31:04.701000,415.2881048719817,11
2024-09-16 12:31:04.746000,415.3364719138861,100
2024-09-16 12:31:04.748000,415.3366438671741,98
2024-09-16 12:31:04.845000,415.3650836282421,13
2024-09-16 12:31:04.887000,415.3775596973516,102
2024-09-16 12:31:04.914000,415.2954591800184,99
2024-09-16 12:31:04.958000,415.376121646721,95
2024-09-16 12:31:04.982000,415.2968190296693,99
2024-09-16 12:31:05.132000,415.3519509324129,1005
2024-09-16 12:31:05.398000,415.37062992093786,95
2024-09-16 12:31:05.434000,415.3490624296069,95
2024-09-16 12:31:05.444000,415.320961816866,97
2024-09-16 12:31:05.452000,415.35164871332734,7
2024-09-16 12:31:05.495000,415.3653070147639,9
2024-09-16 12:31:05.542000,415.3462435850311,7
2024-09-16 12:31:05.731000,415.3543124704745,15
2024-09-16 12:31:05.841000,415.3420322586082,101
2024-09-16 12:31:06.018000,415.2999648215866,995
2024-09-16 12:31:06.027000,415.316308296191,1004
2024-09-16 12:31:06.094000,415.3555613559934,8
2024-09-16 12:31:06.131000,415.3066597680644,1003
2024-09-16 12:31:06.167000,415.3230826095145,1003
2024-09-16 12:31:06.184000,415.312075145308,1005
2024-09-16 12:31:06.267000,415.3218468818137,8
2024-09-16 12:31:06.274000,415.33432528341217,995
2024-09-16 12:31:06.322000,415.3094643556619,1000
2024-09-16 12:31:06.642000,415.3102544997296,102
2024-09-16 12:31:06.688000,415.3264850824474,1003
2024-09-16 12:31:06.693000,415.3080130578663,999
2024-09-16 12:31:06.702000,415.34546946791374,1004
2024-09-16 12:31:06.718000,415.3511123886905,1000
2024-09-16 12:31:06.731000,415.3248164504616,10
2024-09-16 12:31:06.761000,415.3375801865005,98
2024-09-16 12:31:06.761000,415.3338129637152,101
2024-09-16 12:31:06.813000,415.3174314799392,8
2024-09-16 12:31:06.860000,415.3330378146966,7
2024-09-16 12:31:06.980000,415.3245734427903,1005
2024-09-16 12:31:07.550000,415.3157514255572,13
2024-09-16 12:31:08.015000,415.26285369821824,1004
2024-09-16 12:31:08.025000,415.3152079839815,1002
2024-09-16 12:31:08.073000,415.3178023020164,100
2024-09-16 12:31:08.169000,415.2911942618569,1004
2024-09-16 12:31:08.192000,415.2619247874554,7
2024-09-16 12:31:08.203000,415.249180892498,5
2024-09-16 12:31:08.354000,415.2966094814362,8
2024-09-16 12:31:08.402000,415.2624996413848,12
2024-09-16 12:31:08.405000,415.30926544096747,97
2024-09-16 12:31:08.409000,415.2619430172702,10
2024-09-16 12:31:08.439000,415.2974117600701,98
2024-09-16 12:31:08.471000,415.3016268118656,95
2024-09-16 12:31:08.514000,415.3008466528811,15
2024-09-16 12:31:08.516000,415.26533171031394,1004
2024-09-16 12:31:08.541000,415.2581780891265,998
2024-09-16 12:31:08.562000,415.2930525315352,97
2024-09-16 12:31:08.566000,415.28736934266914,999
2024-09-16 12:31:08.714000,415.3303010017422,996
2024-09-16 12:31:08.719000,415.2880127841752,97
2024-09-16 12:31:08.891000,415.2539664966392,1000
2024-09-16 12:31:08.997000,415.27566010834016,97
2024-09-16 12:31:09.030000,415.2865432119885,1004
2024-09-16 12:31:09.155000,415.2859759291441,15
2024-09-16 12:31:09.200000,415.2810729175585,97
2024-09-16 12:31:09.274000,415.28146934963047,1003
2024-09-16 12:31:09.286000,415.2943356696487,1003
2024-09-16 12:31:09.317000,415.26509039666615,98
2024-09-16 12:31:09.318000,415.2852333590444,1005
2024-09-16 12:31:09.349000,415.29270556791215,97
2024-09-16 12:31:09.364000,415.2946014123388,99
2024-09-16 12:31:09.392000,415.29729980174193,7
2024-09-16 12:31:09.404000,415.309681480678,99
2024-09-16 12:31:09.435000,415.2859357713654,105
2024-09-16 12:31:09.536000,415.26421198276927,996
2024-09-16 12:31:09.577000,415.2774271477108,1000
2024-09-16 12:31:09.642000,415.27673251921885,104
2024-09-16 12:31:09.738000,415.2919059708738,96
2024-09-16 12:31:09.754000,415.286329154361,1005
2024-09-16 12:31:09.766000,415.2809326679289,8
2024-09-16 12:31:09.812000,415.29413112554175,995
2024-09-16 12:31:09.856000,415.2711775020386,103
2024-09-16 12:31:09.904000,415.2760204156968,97
2024-09-16 12:31:09.918000,415.3120500503231,14
2024-09-16 12:31:09.933000,415.2578052768919,11
2024-09-16 12:31:09.944000,415.29604949808805,14
2024-09-16 12:31:09.968000,415.2920392154143,97
2024-09-16 12:31:09.984000,415.2751145753384,105
2024-09-16 12:31:10.188000,415.2859256865074,101
2024-09-16 12:31:10.607000,415.30625488953433,1002
2024-09-16 12:31:10.642000,415.2801353971072,7
2024-09-16 12:31:10.788000,415.3051588786254,1001
2024-09-16 12:31:11.009000,415.22511843926907,8
2024-09-16 12:31:11.105000,415.3237771452259,7
2024-09-16 12:31:11.117000,415.320611405351,11
2024-09-16 12:31:11.151000,415.2851570522951,6
2024-09-16 12:31:11.180000,415.2717612090877,95
2024-09-16 12:31:11.181000,415.3374416450429,995
2024-09-16 12:31:11.272000,415.3167790046989,1005
2024-09-16 12:31:11.369000,415.30850074287537,104
2024-09-16 12:31:11.382000,415.2463217347079,96
2024-09-16 12:31:11.394000,415.2785734445142,997
2024-09-16 12:31:11.406000,415.2864367529168,1000
2024-09-16 12:31:11.414000,415.3209009581475,996
2024-09-16 12:31:11.431000,415.3620411659592,5
2024-09-16 12:31:11.615000,415.34570323632187,15
2024-09-16 12:31:11.620000,415.2855739059862,1004
2024-09-16 12:31:11.680000,415.2818427431321,7
2024-09-16 12:31:11.737000,415.2733594995458,1005
2024-09-16 12:31:11.748000,415.3582906466861,97
2024-09-16 12:31:11.801000,415.32833639962496,1001
2024-09-16 12:31:11.833000,415.3258393665651,1004
2024-09-16 12:31:11.856000,415.3132139107714,13
2024-09-16 12:31:11.865000,415.26660882061424,1005
2024-09-16 12:31:11.964000,415.233892130152,999
2024-09-16 12:31:12.015000,415.2449090170463,105
2024-09-16 12:31:12.015000,415.2992297547066,102
2024-09-16 12:31:12.035000,415.25408952552993,5
2024-09-16 12:31:12.094000,415.2811078917809,9
2024-09-16 12:31:12.115000,415.24998271444287,10
2024-09-16 12:31:12.119000,415.24464444870586,97
2024-09-16 12:31:12.205000,415.2332953427119,1005
2024-09-16 12:31:12.237000,415.2649823211639,1003
2024-09-16 12:31:12.267000,415.270903966336,5
2024-09-16 12:31:12.276000,415.2545168630616,1000
2024-09-16 12:31:12.299000,415.2801530511232,12
2024-09-16 12:31:12.307000,415.25590088883,12
2024-09-16 12:31:12.358000,415.2488797863935,999
2024-09-16 12:31:12.416000,415.25537777741647,995
2024-09-16 12:31:12.433000,415.26887377285067,999
2024-09-16 12:31:12.512000,415.2640707676927,999
2024-09-16 12:31:12.606000,415.2649882456636,10
2024-09-16 12:31:12.626000,415.24515552894906,100
2024-09-16 12:31:12.805000,415.2715623157277,95
2024-09-16 12:31:12.885000,415.26566165815314,1003
2024-09-16 12:31:12.918000,415.2944745855372,105
2024-09-16 12:31:12.933000,415.2432415389921,96
2024-09-16 12:31:12.983000,415.2522301105746,10
2024-09-16 12:31:13.122000,415.3422283221653,15
2024-09-16 12:31:13.138000,415.2878857545033,1004
2024-09-16 12:31:13.146000,415.3480699442467,1005
2024-09-16 12:31:13.237000,415.2571699407145,997
2024-09-16 12:31:13.257000,415.34206631469726,99
2024-09-16 12:31:13.261000,415.2841166395188,1003
2024-09-16 12:31:13.372000,415.2814811337871,11
2024-09-16 12:31:13.422000,415.3253412152157,10
2024-09-16 12:31:13.452000,415.3096626421281,95
2024-09-16 12:31:13.454000,415.3725167423416,15
2024-09-16 12:31:13.483000,415.3395687893329,998
2024-09-16 12:31:13.532000,415.34617764200704,99
2024-09-16 12:31:13.546000,415.3714147805875,95
2024-09-16 12:31:13.555000,415.3273815963565,101
2024-09-16 12:31:13.659000,415.25763924850406,996
2024-09-16 12:31:13.669000,415.2455057262636,9
2024-09-16 12:31:13.672000,415.3235616036205,11
2024-09-16 12:31:13.672000,415.2543861498038,96
2024-09-16 12:31:13.700000,415.2897897761839,8
2024-09-16 12:31:13.704000,415.3214700639818,96
2024-09-16 12:31:13.757000,415.3068478633807,102
2024-09-16 12:31:13.761000,415.3192221877212,7
2024-09-16 12:31:13.790000,415.2779644256857,102
2024-09-16 12:31:13.856000,415.32448153868495,95
2024-09-16 12:31:13.891000,415.3349121340894,12
2024-09-16 12:31:13.894000,415.3689219556396,13
2024-09-16 12:31:13.923000,415.232986817476,9
2024-09-16 12:31:13.929000,415.36349346052987,997
2024-09-16 12:31:14,415.29299787562246,97
2024-09-16 12:31:14.015000,415.3210625824293,6
2024-09-16 12:31:14.053000,415.2860256318884,1001
2024-09-16 12:31:14.072000,415.32384061773695,996
2024-09-16 12:31:14.077000,415.27215548170585,995
2024-09-16 12:31:14.144000,415.26213930454105,97
2024-09-16 12:31:14.208000,415.2711049117508,105
2024-09-16 12:31:14.339000,415.2905613091207,101
2024-09-16 12:31:14.350000,415.3259009978741,5
2024-09-16 12:31:14.377000,415.2774986103034,11
2024-09-16 12:31:14.378000,415.2743432566628,999
2024-09-16 12:31:14.405000,415.2684432703729,15
2024-09-16 12:31:14.421000,415.2801450536477,15
2024-09-16 12:31:14.442000,415.3109705518131,14
2024-09-16 12:31:14.442000,415.31266745915184,99
2024-09-16 12:31:14.622000,415.31612922348864,99
2024-09-16 12:31:14.650000,415.26046739369895,8
2024-09-16 12:31:14.678000,415.28291950568814,101
2024-09-16 12:31:14.680000,415.2725976805633,95
2024-09-16 12:31:14.756000,415.25055169911474,13
2024-09-16 12:31:14.792000,415.25500142825337,98
2024-09-16 12:31:14.800000,415.272565417576,12
2024-09-16 12:31:14.818000,415.2471527698003,1001
2024-09-16 12:31:14.840000,415.27766222933553,1000
2024-09-16 12:31:14.929000,415.2808989723095,99
2024-09-16 12:31:14.932000,415.2735772810229,6
2024-09-16 12:31:15.202000,415.3223934917372,100
2024-09-16 12:31:15.229000,415.3419140095182,13
2024-09-16 12:31:15.326000,415.3192750089128,100
2024-09-16 12:31:15.368000,415.3315651765735,100
2024-09-16 12:31:15.556000,415.30930681159015,12
2024-09-16 12:31:16.034000,415.275729925804,1002
2024-09-16 12:31:16.059000,415.273729902631,9
2024-09-16 12:31:16.178000,415.3219221891303,101
2024-09-16 12:31:16.191000,415.3028450737445,104
2024-09-16 12:31:16.202000,415.2875921535074,101
2024-09-16 12:31:16.389000,415.2662210510471,1005
2024-09-16 12:31:16.479000,415.3037651903065,998
2024-09-16 12:31:16.499000,415.2715100586939,1001
2024-09-16 12:31:16.519000,415.3079965249319,9
2024-09-16 12:31:16.712000,415.26798624228326,98
2024-09-16 12:31:16.862000,415.2746468692105,1005
2024-09-16 12:31:17.010000,415.27100584284864,1000
2024-09-16 12:31:17.050000,415.2822949982114,996
2024-09-16 12:31:17.101000,415.3046130555864,95
2024-09-16 12:31:17.110000,415.26361765010745,1005
2024-09-16 12:31:17.130000,415.2755087864567,103
2024-09-16 12:31:17.212000,415.2779664473736,7
2024-09-16 12:31:17.307000,415.2701092227456,96
2024-09-16 12:31:17.388000,415.248649571756,95
2024-09-16 12:31:17.435000,415.2701193978048,7
2024-09-16 12:31:17.436000,415.2970286058632,104
2024-09-16 12:31:17.470000,415.275888366733,1002
2024-09-16 12:31:17.557000,415.2514418231756,10
2024-09-16 12:31:17.603000,415.2642123025009,101
2024-09-16 12:31:17.685000,415.291648607167,1002
2024-09-16 12:31:17.687000,415.2724618852805,13
2024-09-16 12:31:17.729000,415.2774068214192,10
2024-09-16 12:31:17.740000,415.2512860799947,6
2024-09-16 12:31:17.812000,415.2706247560089,101
2024-09-16 12:31:17.841000,415.273567434249,996
2024-09-16 12:31:17.867000,415.2708233414412,5
2024-09-16 12:31:17.879000,415.2958376890232,7
2024-09-16 12:31:17.903000,415.28429179207,101
2024-09-16 12:31:17.943000,415.2732932169009,8
2024-09-16 12:31:17.945000,415.2652698587004,8
2024-09-16 12:31:18.001000,415.267193345236,8
2024-09-16 12:31:18.045000,415.28124961478255,995
2024-09-16 12:31:18.145000,415.2776969346044,1000
2024-09-16 12:31:18.150000,415.2695712631024,7
2024-09-16 12:31:18.269000,415.29433676241496,996
2024-09-16 12:31:18.449000,415.2610647588343,7
2024-09-16 12:31:18.463000,415.2746903862347,997
2024-09-16 12:31:18.565000,415.2780090732153,1001
2024-09-16 12:31:18.871000,415.27357436975,1005
2024-09-16 12:31:18.880000,415.3081020193761,12
2024-09-16 12:31:19.104000,415.2861539313686,5
2024-09-16 12:31:19.577000,415.2882502353198,104
2024-09-16 12:31:19.606000,415.28668187180426,1005
2024-09-16 12:31:19.629000,415.2934951883254,14
2024-09-16 12:31:19.640000,415.27702825985136,1002
2024-09-16 12:31:19.800000,415.2964365546162,997
2024-09-16 12:31:19.990000,415.2800465356617,13
2024-09-16 12:31:20.163000,415.32173399434953,96
2024-09-16 12:31:20.176000,415.3403978315784,96
2024-09-16 12:31:20.177000,415.3700428705575,105
2024-09-16 12:31:20.483000,415.3276862376616,14
2024-09-16 12:31:20.654000,415.31437475028366,1004
2024-09-16 12:31:20.976000,415.3456567520684,13
2024-09-16 12:31:20.986000,415.32007089162846,5
2024-09-16 12:31:22.141000,415.35412533986334,98
2024-09-16 12:31:22.154000,415.3592723639083,13
2024-09-16 12:31:22.213000,415.36888942121146,103
2024-09-16 12:31:22.316000,415.48056863623424,99
2024-09-16 12:31:22.319000,415.35218079654175,10
2024-09-16 12:31:22.334000,415.4679345647864,15
2024-09-16 12:31:22.370000,415.4869271723112,7
2024-09-16 12:31:22.422000,415.3973460873989,1000
2024-09-16 12:31:22.551000,415.42045700851264,1005
2024-09-16 12:31:22.718000,415.3980685325278,5
2024-09-16 12:31:22.764000,415.4506658303856,96
2024-09-16 12:31:22.807000,415.3660881516587,9
2024-09-16 12:31:22.854000,415.46110439259417,105
2024-09-16 12:31:22.855000,415.3344872445992,996
2024-09-16 12:31:22.862000,415.438885355074,98
2024-09-16 12:31:22.908000,415.49246834426896,100
2024-09-16 12:31:22.944000,415.4455063861528,99
2024-09-16 12:31:22.967000,415.36942995455513,5
2024-09-16 12:31:22.989000,415.4251656695357,14
2024-09-16 12:31:22.995000,415.35567652548696,13
2024-09-16 12:31:23.202000,415.4673262471658,1002
2024-09-16 12:31:23.276000,415.5114751151305,104
2024-09-16 12:31:23.302000,415.4470828664782,1002
2024-09-16 12:31:23.428000,415.4625953758555,14
2024-09-16 12:31:23.441000,415.4823793887613,1002
2024-09-16 12:31:23.478000,415.46656325634,14
2024-09-16 12:31:24.128000,415.4583649450623,13
2024-09-16 12:31:24.181000,415.4716431451597,13
2024-09-16 12:31:24.231000,415.4670886291455,104
2024-09-16 12:31:24.260000,415.4613654163929,95
2024-09-16 12:31:24.935000,415.43899463853495,13
2024-09-16 12:31:25.023000,415.4292754278799,14
2024-09-16 12:31:25.145000,415.460501079387,97
2024-09-16 12:31:25.158000,415.4514703034438,14
2024-09-16 12:31:25.226000,415.39037422231854,105
2024-09-16 12:31:25.229000,415.4414524389375,96
2024-09-16 12:31:25.237000,415.4354299467351,101
2024-09-16 12:31:25.252000,415.4078731630209,12
2024-09-16 12:31:25.266000,415.4183069545253,99
2024-09-16 12:31:25.382000,415.4507128892639,99
2024-09-16 12:31:25.429000,415.4425644642593,102
2024-09-16 12:31:25.482000,415.38455621188274,95
2024-09-16 12:31:25.490000,415.4330447889698,95
2024-09-16 12:31:25.512000,415.4273014639386,100
2024-09-16 12:31:25.543000,415.4069156136599,14
2024-09-16 12:31:25.584000,415.3910369960984,100
2024-09-16 12:31:25.610000,415.4038610015284,12
2024-09-16 12:31:25.692000,415.4292235534288,15
2024-09-16 12:31:25.926000,415.3971000665912,99
2024-09-16 12:31:25.931000,415.4174543128557,1002
2024-09-16 12:31:25.970000,415.37776021345735,1000
2024-09-16 12:31:26.045000,415.4754269408528,996
2024-09-16 12:31:26.102000,415.4420666669803,1000
2024-09-16 12:31:26.207000,415.5095169053396,105
2024-09-16 12:31:26.217000,415.4974192488875,6
2024-09-16 12:31:26.531000,415.5056109978873,999
2024-09-16 12:31:26.770000,415.458128684926,102
2024-09-16 12:31:26.988000,415.48290470857455,13
2024-09-16 12:31:27.060000,415.4859846202775,95
2024-09-16 12:31:27.140000,415.42291950239263,96
2024-09-16 12:31:27.167000,415.4403421146582,8
2024-09-16 12:31:27.172000,415.5007147941951,1003
2024-09-16 12:31:27.205000,415.4654501976162,96
2024-09-16 12:31:27.220000,415.474151338484,1001
2024-09-16 12:31:27.232000,415.433046161233,9
2024-09-16 12:31:27.262000,415.4755765354645,97
2024-09-16 12:31:27.321000,415.44090288408427,99
2024-09-16 12:31:27.483000,415.4309190504497,14
2024-09-16 12:31:27.530000,415.5015177024511,1000
2024-09-16 12:31:27.543000,415.4770308152854,1005
2024-09-16 12:31:27.564000,415.4805200778152,8
2024-09-16 12:31:27.569000,415.45704249608656,14
2024-09-16 12:31:27.716000,415.4479884080262,15
2024-09-16 12:31:27.812000,415.4844971333731,15
2024-09-16 12:31:28.024000,415.4408432636817,8
2024-09-16 12:31:28.096000,415.46290185449993,10
2024-09-16 12:31:28.120000,415.4842393092798,1000
2024-09-16 12:31:28.125000,415.4916448232625,999
2024-09-16 12:31:28.136000,415.4889442838923,104
2024-09-16 12:31:28.152000,415.47225828121367,103
2024-09-16 12:31:28.263000,415.4621371949747,8
2024-09-16 12:31:28.271000,415.43854842961616,12
2024-09-16 12:31:28.285000,415.4503388380069,97
2024-09-16 12:31:28.368000,415.4570104198897,999
2024-09-16 12:31:28.378000,415.4576539254451,96
2024-09-16 12:31:28.435000,415.4459196072329,1004
2024-09-16 12:31:28.553000,415.4754899114963,13
2024-09-16 12:31:28.559000,415.4518211326549,1005
2024-09-16 12:31:28.597000,415.4522968889657,11
2024-09-16 12:31:28.639000,415.4954026812449,96
2024-09-16 12:31:28.711000,415.4924527349781,10
2024-09-16 12:31:28.748000,415.4895936577887,104
2024-09-16 12:31:28.767000,415.4639486232093,96
2024-09-16 12:31:29.041000,415.46281130892976,1003
2024-09-16 12:31:29.060000,415.4197888225745,101
2024-09-16 12:31:29.070000,415.4086798074571,101
2024-09-16 12:31:29.134000,415.3638121866424,103
2024-09-16 12:31:29.134000,415.4644009877079,12
2024-09-16 12:31:29.208000,415.4194474405902,1002
2024-09-16 12:31:29.245000,415.4053588366671,998
2024-09-16 12:31:29.342000,415.4736029725094,100
2024-09-16 12:31:29.347000,415.4215005867612,8
2024-09-16 12:31:29.368000,415.3879948627076,15
2024-09-16 12:31:29.405000,415.4234955895951,5
2024-09-16 12:31:29.413000,415.4097280548306,8
2024-09-16 12:31:29.431000,415.3600809110087,997
2024-09-16 12:31:29.498000,415.4206687723032,100
2024-09-16 12:31:29.504000,415.3826345272534,96
2024-09-16 12:31:29.522000,415.3771821376249,95
2024-09-16 12:31:29.583000,415.38540735484605,1000
2024-09-16 12:31:29.696000,415.38124370126206,14
2024-09-16 12:31:29.703000,415.4476610583232,1002
2024-09-16 12:31:29.766000,415.3784398061108,6
2024-09-16 12:31:29.778000,415.4006532736024,95
2024-09-16 12:31:29.788000,415.39809464257263,11
2024-09-16 12:31:29.823000,415.3995127872829,997
2024-09-16 12:31:29.828000,415.42113422833705,102
2024-09-16 12:31:29.876000,415.4581910358975,1004
2024-09-16 12:31:29.879000,415.3538068589675,1000
2024-09-16 12:31:29.935000,415.41033377728326,15
2024-09-16 12:31:29.988000,415.3754143512638,102
2024-09-16 12:31:30.007000,415.3693985030349,998
2024-09-16 12:31:30.035000,415.3534955738291,12
2024-09-16 12:31:30.222000,415.3668410875735,10
2024-09-16 12:31:30.239000,415.37408394713424,10
2024-09-16 12:31:30.405000,415.3570452519448,15
2024-09-16 12:31:30.412000,415.3528955011367,1000
2024-09-16 12:31:30.425000,415.3489293726015,7
2024-09-16 12:31:30.511000,415.3613163809678,5
2024-09-16 12:31:30.584000,415.3420802476332,11
2024-09-16 12:31:30.617000,415.36045971760296,997
2024-09-16 12:31:30.659000,415.3818123990037,995
2024-09-16 12:31:30.664000,415.35843042801775,100
2024-09-16 12:31:30.730000,415.379069345734,102
2024-09-16 12:31:30.733000,415.3592233011515,101
2024-09-16 12:31:30.791000,415.3696604221013,102
2024-09-16 12:31:30.814000,415.3584506392857,997
2024-09-16 12:31:30.941000,415.35221960723055,98
2024-09-16 12:31:30.951000,415.34436282416937,105
2024-09-16 12:31:30.979000,415.3585901180385,997
2024-09-16 12:31:31.028000,415.3034037446357,95
2024-09-16 12:31:31.125000,415.36646909987087,101
2024-09-16 12:31:31.132000,415.38693413872574,1003
2024-09-16 12:31:31.158000,415.3772821914311,1003
2024-09-16 12:31:31.169000,415.3603365025343,105
2024-09-16 12:31:31.190000,415.3886256326604,98
2024-09-16 12:31:31.271000,415.3593822575201,6
2024-09-16 12:31:31.298000,415.3787090718495,1005
2024-09-16 12:31:31.319000,415.3608953109043,13
2024-09-16 12:31:31.322000,415.35386147031954,13
2024-09-16 12:31:31.446000,415.3545925247061,6
2024-09-16 12:31:31.483000,415.32775615275057,101
2024-09-16 12:31:31.516000,415.3283855556579,997
2024-09-16 12:31:31.586000,415.3415612526285,95
2024-09-16 12:31:31.632000,415.3835094301746,100
2024-09-16 12:31:31.716000,415.3177617596548,996
2024-09-16 12:31:31.817000,415.368156660404,15
2024-09-16 12:31:31.828000,415.3835525974857,105
2024-09-16 12:31:31.864000,415.34745491501553,997
2024-09-16 12:31:31.880000,415.3845890939616,9
2024-09-16 12:31:31.901000,415.36748599064936,104
2024-09-16 12:31:31.959000,415.32618565811225,13
2024-09-16 12:31:32.023000,415.31971195737225,11
2024-09-16 12:31:32.089000,415.3285125286522,97
2024-09-16 12:31:32.121000,415.3040336962169,1000
2024-09-16 12:31:32.177000,415.3512266505123,100
2024-09-16 12:31:32.247000,415.33357559128456,998
2024-09-16 12:31:32.284000,415.3606692546131,98
2024-09-16 12:31:32.386000,415.32966159410455,105
2024-09-16 12:31:32.403000,415.3594891367693,1004
2024-09-16 12:31:32.444000,415.3524277983486,10
2024-09-16 12:31:32.517000,415.3330088614146,95
2024-09-16 12:31:32.551000,415.3336613332448,10
2024-09-16 12:31:32.554000,415.3673825957505,11
2024-09-16 12:31:32.706000,415.3705591153496,10
2024-09-16 12:31:32.709000,415.37112859282166,9
2024-09-16 12:31:32.729000,415.3378888126957,997
2024-09-16 12:31:32.820000,415.3044410236004,999
2024-09-16 12:31:32.872000,415.340556090267,96
2024-09-16 12:31:32.958000,415.3355239640148,12
2024-09-16 12:31:33.113000,415.39612614954666,998
2024-09-16 12:31:33.172000,415.4102299813397,15
2024-09-16 12:31:33.409000,415.3824305456572,102
2024-09-16 12:31:33.485000,415.4297472706905,101
2024-09-16 12:31:33.832000,415.3675522254106,999
2024-09-16 12:31:33.859000,415.3889232697811,1000
2024-09-16 12:31:33.987000,415.365480410983,12
2024-09-16 12:31:34.075000,415.4953502396212,11
2024-09-16 12:31:34.116000,415.50064810196574,1002
2024-09-16 12:31:34.152000,415.48620187930624,8
2024-09-16 12:31:34.155000,415.4883392597092,98
2024-09-16 12:31:34.197000,415.47147056654006,95
2024-09-16 12:31:34.227000,415.46427065233433,103
2024-09-16 12:31:34.251000,415.4504523481401,9
2024-09-16 12:31:34.357000,415.4811518748575,95
2024-09-16 12:31:34.412000,415.48301301379087,97
2024-09-16 12:31:34.497000,415.4657229387717,998
2024-09-16 12:31:34.516000,415.4282230239255,13
2024-09-16 12:31:34.622000,415.4756880939234,104
2024-09-16 12:31:34.690000,415.48644235040376,12
2024-09-16 12:31:34.704000,415.4939230739231,96
2024-09-16 12:31:34.741000,415.51102069311287,103
2024-09-16 12:31:34.751000,415.4608153447685,999
2024-09-16 12:31:34.760000,415.475130721493,104
2024-09-16 12:31:34.769000,415.4830843527601,104
2024-09-16 12:31:34.781000,415.5057974266327,1005
2024-09-16 12:31:34.805000,415.4780443919198,1005
2024-09-16 12:31:34.811000,415.4832966957625,95
2024-09-16 12:31:34.827000,415.50364676883805,104
2024-09-16 12:31:34.861000,415.4943059525074,95
2024-09-16 12:31:34.867000,415.48384730293833,1004
2024-09-16 12:31:34.933000,415.4697189116957,999
2024-09-16 12:31:35.194000,415.4914014935025,995
2024-09-16 12:31:35.305000,415.4623338091927,97
2024-09-16 12:31:35.480000,415.5010207927407,1002
2024-09-16 12:31:35.508000,415.4596444544047,997
2024-09-16 12:31:35.533000,415.46542193172695,100
2024-09-16 12:31:35.628000,415.4875896701061,1004
2024-09-16 12:31:35.655000,415.4971411317831,11
2024-09-16 12:31:35.755000,415.4830911417872,998
2024-09-16 12:31:35.757000,415.4664925062714,10
2024-09-16 12:31:35.790000,415.492313275652,1005
2024-09-16 12:31:35.852000,415.48834567510943,15
2024-09-16 12:31:35.924000,415.4432768867945,14
2024-09-16 12:31:35.990000,415.4972066396278,97
2024-09-16 12:31:36.058000,415.5889841082581,12
2024-09-16 12:31:36.071000,415.4840899886234,96
2024-09-16 12:31:36.105000,415.54921429531447,995
2024-09-16 12:31:36.130000,415.5527538363968,13
2024-09-16 12:31:36.146000,415.60069068456994,7
2024-09-16 12:31:36.197000,415.54496079429214,96
2024-09-16 12:31:36.259000,415.5203504976004,100
2024-09-16 12:31:36.319000,415.513858381541,7
2024-09-16 12:31:36.326000,415.582560212884,95
2024-09-16 12:31:36.351000,415.5055312282637,105
2024-09-16 12:31:36.371000,415.5309154416569,1004
2024-09-16 12:31:36.372000,415.5412904751984,998
2024-09-16 12:31:36.379000,415.5301144736128,8
2024-09-16 12:31:36.478000,415.54928163935335,1005
2024-09-16 12:31:36.514000,415.5591345172133,999
2024-09-16 12:31:36.559000,415.55817638394905,12
2024-09-16 12:31:36.613000,415.5409372430849,12
2024-09-16 12:31:36.620000,415.5753369186149,1001
2024-09-16 12:31:36.621000,415.4995438487055,98
2024-09-16 12:31:36.698000,415.5153602881234,105
2024-09-16 12:31:36.705000,415.575962672576,9
2024-09-16 12:31:36.731000,415.5078742109158,98
2024-09-16 12:31:36.736000,415.60858804360936,1000
2024-09-16 12:31:36.791000,415.583696302366,15
2024-09-16 12:31:36.830000,415.50367224930255,998
2024-09-16 12:31:36.852000,415.5399501236167,12
2024-09-16 12:31:36.910000,415.5396935986034,14
2024-09-16 12:31:36.980000,415.5488804697696,1005
2024-09-16 12:31:36.992000,415.5925284207275,97
2024-09-16 12:31:37.140000,415.5536385559162,1005
2024-09-16 12:31:37.175000,415.59880839950654,1002
2024-09-16 12:31:37.193000,415.6324428363007,7
2024-09-16 12:31:37.243000,415.6319057522902,1003
2024-09-16 12:31:37.269000,415.65241679610654,5
2024-09-16 12:31:37.353000,415.5851392578896,105
2024-09-16 12:31:37.358000,415.64907122100817,100
2024-09-16 12:31:37.365000,415.6215074268823,102
2024-09-16 12:31:37.372000,415.5513512296803,10
2024-09-16 12:31:37.498000,415.6527802741692,999
2024-09-16 12:31:37.511000,415.6634548235386,7
2024-09-16 12:31:37.626000,415.63447981164666,5
2024-09-16 12:31:37.657000,415.5991197998816,104
2024-09-16 12:31:37.673000,415.58944600356347,7
2024-09-16 12:31:37.699000,415.6420609406966,104
2024-09-16 12:31:37.742000,415.655499283856,1000
2024-09-16 12:31:37.909000,415.6360584647748,103
2024-09-16 12:31:38.047000,415.67917466854544,97
2024-09-16 12:31:38.098000,415.7039779988102,1001
2024-09-16 12:31:38.101000,415.68809173085685,11
2024-09-16 12:31:38.138000,415.6604722552208,8
2024-09-16 12:31:38.269000,415.6885886073935,12
2024-09-16 12:31:38.289000,415.6574340293069,102
2024-09-16 12:31:38.301000,415.69181718738224,100
2024-09-16 12:31:38.309000,415.6717683828347,104
2024-09-16 12:31:38.435000,415.66548676109,1002
2024-09-16 12:31:38.446000,415.6800345913516,996
2024-09-16 12:31:38.449000,415.6807946775311,10
2024-09-16 12:31:38.556000,415.66433893728,105
2024-09-16 12:31:38.557000,415.65504103596487,995
2024-09-16 12:31:38.597000,415.6707951706176,95
2024-09-16 12:31:38.638000,415.6557610905072,8
2024-09-16 12:31:38.642000,415.68928533078775,13
2024-09-16 12:31:38.694000,415.6777610745219,101
2024-09-16 12:31:38.707000,415.6711236647323,96
2024-09-16 12:31:38.747000,415.6713446884357,1001
2024-09-16 12:31:38.782000,415.69684685604335,1000
2024-09-16 12:31:38.834000,415.65991326281096,6
2024-09-16 12:31:38.912000,415.6906730869006,1005
2024-09-16 12:31:38.961000,415.6828580024964,105
2024-09-16 12:31:38.970000,415.7096119230093,6
2024-09-16 12:31:39.047000,415.6266543595481,8
2024-09-16 12:31:39.050000,415.6251047799682,102
2024-09-16 12:31:39.142000,415.6306577768976,95
2024-09-16 12:31:39.175000,415.6273920655672,101
2024-09-16 12:31:39.302000,415.62630460823647,999
2024-09-16 12:31:39.310000,415.6508836281138,97
2024-09-16 12:31:39.313000,415.62794605838656,96
2024-09-16 12:31:39.334000,415.6307360148831,98
2024-09-16 12:31:39.372000,415.6652363971511,1002
2024-09-16 12:31:39.432000,415.6185465314888,995
2024-09-16 12:31:39.438000,415.61966880593286,102
2024-09-16 12:31:39.459000,415.6202753532465,5
2024-09-16 12:31:39.491000,415.6403546208029,8
2024-09-16 12:31:39.547000,415.6387465296047,5
2024-09-16 12:31:39.548000,415.6291855395515,1002
2024-09-16 12:31:39.572000,415.62712194643774,11
2024-09-16 12:31:39.579000,415.67328104234457,9
2024-09-16 12:31:39.603000,415.65667021944006,101
2024-09-16 12:31:39.669000,415.67343202071874,5
2024-09-16 12:31:39.741000,415.6250274825359,15
2024-09-16 12:31:39.751000,415.6413575322709,999
2024-09-16 12:31:39.757000,415.6654098879297,103
2024-09-16 12:31:39.845000,415.65614020596513,998
2024-09-16 12:31:39.897000,415.6217605003084,997
2024-09-16 12:31:39.928000,415.6315087351978,95
2024-09-16 12:31:39.963000,415.65040596388457,103
2024-09-16 12:31:40.050000,415.7127187700102,11
2024-09-16 12:31:40.084000,415.7368004253353,1002
2024-09-16 12:31:40.181000,415.7228015514,11
2024-09-16 12:31:40.213000,415.6540454038724,1001
2024-09-16 12:31:40.338000,415.66801834609385,997
2024-09-16 12:31:40.359000,415.7268124913267,1000
2024-09-16 12:31:40.480000,415.72999994112143,105
2024-09-16 12:31:40.537000,415.6526341170506,1005
2024-09-16 12:31:40.747000,415.6598001396123,97
2024-09-16 12:31:40.812000,415.7245800635702,11
2024-09-16 12:31:40.835000,415.6594171372643,97
2024-09-16 12:31:40.840000,415.7203305905725,1005
2024-09-16 12:31:40.863000,415.7286295938046,1001
2024-09-16 12:31:40.875000,415.7370192484401,5
2024-09-16 12:31:41.276000,415.73801401321975,1004
2024-09-16 12:31:41.299000,415.78386731835394,96
2024-09-16 12:31:41.325000,415.7334367329215,10
2024-09-16 12:31:41.329000,415.7364993355121,12
2024-09-16 12:31:41.458000,415.7602325217544,999
2024-09-16 12:31:41.625000,415.744717673478,9
2024-09-16 12:31:41.641000,415.7589286005044,102
2024-09-16 12:31:42.102000,415.7927245413178,999
2024-09-16 12:31:42.135000,415.8129068355471,103
2024-09-16 12:31:42.232000,415.8180594463413,7
2024-09-16 12:31:42.248000,415.8440904866206,999
2024-09-16 12:31:42.377000,415.79935612200734,100
2024-09-16 12:31:42.487000,415.7814941828806,96
2024-09-16 12:31:42.617000,415.80827713104816,104
2024-09-16 12:31:42.670000,415.80578255623766,102
2024-09-16 12:31:42.677000,415.8055205901188,9
2024-09-16 12:31:42.694000,415.81211102902313,998
2024-09-16 12:31:42.733000,415.825067254575,1005
2024-09-16 12:31:42.760000,415.7782191083167,100
2024-09-16 12:31:42.865000,415.79400048814,97
2024-09-16 12:31:42.985000,415.7955346831341,1004
2024-09-16 12:31:43.022000,415.8244912503128,96
2024-09-16 12:31:43.042000,415.82873548634666,14
2024-09-16 12:31:43.080000,415.8621794936601,11
2024-09-16 12:31:43.146000,415.8230417933224,9
2024-09-16 12:31:43.149000,415.8361350708312,11
2024-09-16 12:31:43.251000,415.8364836392794,1003
2024-09-16 12:31:43.274000,415.84234516373135,998
2024-09-16 12:31:43.340000,415.8307227414533,1005
2024-09-16 12:31:43.391000,415.82834289789895,8
2024-09-16 12:31:43.493000,415.873749834448,10
2024-09-16 12:31:43.497000,415.8493555296804,103
2024-09-16 12:31:43.530000,415.8690502005587,100
2024-09-16 12:31:43.539000,415.86266993883567,996
2024-09-16 12:31:43.544000,415.82034815928574,96
2024-09-16 12:31:43.621000,415.8420021164344,998
2024-09-16 12:31:43.651000,415.8782673690179,98
2024-09-16 12:31:43.672000,415.8086729023793,1002
2024-09-16 12:31:43.781000,415.82269586642417,101
2024-09-16 12:31:43.783000,415.8342430907612,7
2024-09-16 12:31:43.807000,415.85542273455536,101
2024-09-16 12:31:43.830000,415.844935814408,10
2024-09-16 12:31:43.880000,415.8803169739306,100
2024-09-16 12:31:43.892000,415.8271730433333,9
2024-09-16 12:31:43.897000,415.8180210722931,997
2024-09-16 12:31:43.917000,415.8506009497953,104
2024-09-16 12:31:43.928000,415.8453310845127,102
2024-09-16 12:31:43.963000,415.83089048329566,96
2024-09-16 12:31:43.972000,415.82112315872433,104
2024-09-16 12:31:44.017000,415.8701145696305,1000
2024-09-16 12:31:44.019000,415.8054277256305,97
2024-09-16 12:31:44.070000,415.8364007283089,6
2024-09-16 12:31:44.189000,415.84474837786513,101
2024-09-16 12:31:44.204000,415.7872072597913,97
2024-09-16 12:31:44.220000,415.8606562590103,1002
2024-09-16 12:31:44.273000,415.7762418338757,95
2024-09-16 12:31:44.274000,415.7641821604923,103
2024-09-16 12:31:44.345000,415.7794586694171,9
2024-09-16 12:31:44.393000,415.7639384604908,10
2024-09-16 12:31:44.469000,415.7487903516379,102
2024-09-16 12:31:44.503000,415.8235303084137,1001
2024-09-16 12:31:44.518000,415.7625614492078,996
2024-09-16 12:31:44.540000,415.827577681139,1001
2024-09-16 12:31:44.627000,415.7926785302703,1003
2024-09-16 12:31:44.663000,415.7737394601373,1004
2024-09-16 12:31:44.675000,415.7887620389303,105
2024-09-16 12:31:44.677000,415.7884084600082,9
2024-09-16 12:31:44.743000,415.7728782294057,96
2024-09-16 12:31:44.781000,415.8540665056176,99
2024-09-16 12:31:44.789000,415.8602676672097,99
2024-09-16 12:31:44.885000,415.79144949427854,97
2024-09-16 12:31:44.977000,415.767335491002,13
2024-09-16 12:31:45.015000,415.8118316774298,1003
2024-09-16 12:31:45.169000,415.7857310423476,7
2024-09-16 12:31:45.333000,415.8037832136228,97
2024-09-16 12:31:45.513000,415.79193840317936,101
2024-09-16 12:31:45.554000,415.7613870991812,998
2024-09-16 12:31:45.578000,415.7480904663346,998
2024-09-16 12:31:45.617000,415.7568033899213,1004
2024-09-16 12:31:45.652000,415.7384096687561,104
2024-09-16 12:31:45.832000,415.7438899800933,96
2024-09-16 12:31:46.117000,415.7938273023806,98
2024-09-16 12:31:46.161000,415.854729011374,9
2024-09-16 12:31:46.231000,415.8064277354325,101
2024-09-16 12:31:46.236000,415.79367730641616,1000
2024-09-16 12:31:46.253000,415.8362307970911,12
2024-09-16 12:31:46.267000,415.81056833603,1000
2024-09-16 12:31:46.319000,415.7905477470284,97
2024-09-16 12:31:46.364000,415.773109230525,1005
2024-09-16 12:31:46.368000,415.8570529344948,104
2024-09-16 12:31:46.369000,415.8053005309125,102
2024-09-16 12:31:46.373000,415.7872121440909,997
2024-09-16 12:31:46.382000,415.7716002226704,14
2024-09-16 12:31:46.440000,415.83739511324,105
2024-09-16 12:31:46.470000,415.8605774724383,1004
2024-09-16 12:31:46.481000,415.8445931948128,95
2024-09-16 12:31:46.545000,415.882559615732,97
2024-09-16 12:31:46.574000,415.8081318550525,104
2024-09-16 12:31:46.574000,415.787880677826,98
2024-09-16 12:31:46.627000,415.8603199805677,996
2024-09-16 12:31:46.649000,415.7685265854364,10
2024-09-16 12:31:46.695000,415.8450882488174,96
2024-09-16 12:31:46.740000,415.845306994068,103
2024-09-16 12:31:46.760000,415.78930464066485,1002
2024-09-16 12:31:46.792000,415.84566920321697,6
2024-09-16 12:31:46.898000,415.8070897602825,999
2024-09-16 12:31:46.936000,415.7897331978671,996
2024-09-16 12:31:46.946000,415.7887613413754,5
2024-09-16 12:31:46.961000,415.7789794245419,105
2024-09-16 12:31:47.116000,415.8678302909977,1002
2024-09-16 12:31:47.134000,415.8713393214804,9
2024-09-16 12:31:47.287000,415.84568860993846,1004
2024-09-16 12:31:47.342000,415.8362184326207,101
2024-09-16 12:31:47.387000,415.8668546092424,15
2024-09-16 12:31:47.389000,415.8835727395935,96
2024-09-16 12:31:47.433000,415.853072364536,1000
2024-09-16 12:31:47.554000,415.8574079976453,998
2024-09-16 12:31:47.564000,415.84912987553616,1000
2024-09-16 12:31:47.625000,415.8732634451341,13
2024-09-16 12:31:47.636000,415.835941100786,8
2024-09-16 12:31:47.664000,415.8682162780912,1002
2024-09-16 12:31:47.706000,415.86557230186384,12
2024-09-16 12:31:47.718000,415.8486506342716,8
2024-09-16 12:31:47.745000,415.8478576158891,9
2024-09-16 12:31:47.791000,415.8763968875922,7
2024-09-16 12:31:47.860000,415.8718752098175,95
2024-09-16 12:31:47.886000,415.8802421260402,104
2024-09-16 12:31:47.899000,415.848100022148,1005
2024-09-16 12:31:47.979000,415.8701075352568,1005
2024-09-16 12:31:48.065000,415.8764814084364,97
2024-09-16 12:31:48.093000,415.8842925820529,9
2024-09-16 12:31:48.206000,415.8529038611021,1005
2024-09-16 12:31:48.244000,415.8841311838754,103
2024-09-16 12:31:48.326000,415.8655465735434,96
2024-09-16 12:31:48.369000,415.8914114625687,105
2024-09-16 12:31:48.395000,415.8675429149205,14
2024-09-16 12:31:48.492000,415.8629858573032,998
2024-09-16 12:31:48.526000,415.8726473443997,1002
2024-09-16 12:31:48.576000,415.8828358325929,10
2024-09-16 12:31:48.588000,415.8776029497988,99
2024-09-16 12:31:48.634000,415.8713140305218,1005
2024-09-16 12:31:48.733000,415.8488485962264,95
2024-09-16 12:31:48.972000,415.8851160033567,9
2024-09-16 12:31:48.999000,415.8970719413487,12
2024-09-16 12:31:49.070000,415.8638410253634,97
2024-09-16 12:31:49.783000,415.8641111634573,1002
2024-09-16 12:31:49.814000,415.88001232157126,1002
2024-09-16 12:31:50.114000,415.8459444278099,98
2024-09-16 12:31:50.164000,415.8229164570138,1000
2024-09-16 12:31:50.252000,415.84224084792817,102
2024-09-16 12:31:50.261000,415.8166808068361,100
2024-09-16 12:31:50.435000,415.85010997340447,98
2024-09-16 12:31:50.469000,415.8597884551649,97
2024-09-16 12:31:50.482000,415.86952417908776,999
2024-09-16 12:31:50.508000,415.86122926243,1005
2024-09-16 12:31:50.571000,415.8146257151725,96
2024-09-16 12:31:50.592000,415.8790491913125,1005
2024-09-16 12:31:50.603000,415.8366667173599,100
2024-09-16 12:31:50.665000,415.8130700838316,1001
2024-09-16 12:31:50.671000,415.8750774719119,14
2024-09-16 12:31:50.695000,415.8318323793178,1000
2024-09-16 12:31:50.756000,415.8489848630202,6
2024-09-16 12:31:50.782000,415.8568505843506,9
2024-09-16 12:31:50.794000,415.8530162628706,99
2024-09-16 12:31:50.843000,415.8698231571052,100
2024-09-16 12:31:50.949000,415.8575990784289,1005
2024-09-16 12:31:51.203000,415.8531397034209,10
2024-09-16 12:31:51.218000,415.85798461186863,998
2024-09-16 12:31:51.318000,415.8357351014636,1003
2024-09-16 12:31:51.416000,415.8484567769515,1000
2024-09-16 12:31:51.533000,415.8513087168178,101
2024-09-16 12:31:51.605000,415.841712501749,1001
2024-09-16 12:31:51.668000,415.8526406225852,95
2024-09-16 12:31:51.710000,415.8429546723146,102
2024-09-16 12:31:51.776000,415.8340084922892,96
2024-09-16 12:31:51.819000,415.862267296653,95
2024-09-16 12:31:51.824000,415.8371269619011,996
2024-09-16 12:31:51.878000,415.8709609758104,1002
2024-09-16 12:31:52.072000,415.83374390898393,12
2024-09-16 12:31:52.136000,415.7701015596692,9
2024-09-16 12:31:52.189000,415.8289562609581,996
2024-09-16 12:31:52.200000,415.7704315352759,15
2024-09-16 12:31:52.240000,415.8500300154014,1005
2024-09-16 12:31:52.283000,415.7792632282825,8
2024-09-16 12:31:52.324000,415.80564330386926,99
2024-09-16 12:31:52.416000,415.783647470093,10
2024-09-16 12:31:52.419000,415.8385436856617,6
2024-09-16 12:31:52.438000,415.7860321408448,1004
2024-09-16 12:31:52.486000,415.7879824288684,105
2024-09-16 12:31:52.545000,415.8348520426871,97
2024-09-16 12:31:52.549000,415.7921908040776,995
2024-09-16 12:31:52.630000,415.7952492157223,12
2024-09-16 12:31:52.634000,415.8070372884268,12
2024-09-16 12:31:52.688000,415.7834649681058,100
2024-09-16 12:31:52.744000,415.7913950347238,104
2024-09-16 12:31:52.755000,415.77941411482334,97
2024-09-16 12:31:52.953000,415.8257718036147,98
2024-09-16 12:31:52.964000,415.7808444080268,13
2024-09-16 12:31:52.968000,415.8531312079711,105
2024-09-16 12:31:53.100000,415.7336878047872,95
2024-09-16 12:31:53.266000,415.75274574679656,6
2024-09-16 12:31:53.455000,415.7181692480051,10
2024-09-16 12:31:53.485000,415.7652289351065,6
2024-09-16 12:31:54.028000,415.7347889245753,7
2024-09-16 12:31:54.048000,415.7412046151058,98
2024-09-16 12:31:54.070000,415.7806068721344,6
2024-09-16 12:31:54.074000,415.7521339751778,104
2024-09-16 12:31:54.109000,415.7611947251463,99
2024-09-16 12:31:54.228000,415.7591563011654,14
2024-09-16 12:31:54.233000,415.7877807132455,97
2024-09-16 12:31:54.313000,415.7807144654197,12
2024-09-16 12:31:54.396000,415.7375356931377,14
2024-09-16 12:31:54.493000,415.7452117843029,5
2024-09-16 12:31:54.624000,415.7709046023821,8
2024-09-16 12:31:54.624000,415.7562078400213,996
2024-09-16 12:31:54.684000,415.74951531357146,8
2024-09-16 12:31:54.749000,415.7461686760019,997
2024-09-16 12:31:54.798000,415.75137497345287,14
2024-09-16 12:31:54.826000,415.78705459307406,105
2024-09-16 12:31:54.833000,415.7709355714226,99
2024-09-16 12:31:54.856000,415.7641341363809,104
2024-09-16 12:31:54.924000,415.7637651595779,15
2024-09-16 12:31:54.943000,415.7579442033964,95
2024-09-16 12:31:54.946000,415.7877605916996,7
2024-09-16 12:31:55.021000,415.7389543059061,1004
2024-09-16 12:31:55.087000,415.7491487547972,12
2024-09-16 12:31:55.091000,415.76573755603874,996
2024-09-16 12:31:55.187000,415.7536364600802,997
2024-09-16 12:31:55.204000,415.7611803372428,98
2024-09-16 12:31:55.561000,415.7575809430776,1000
2024-09-16 12:31:56.031000,415.6951789630984,104
2024-09-16 12:31:56.089000,415.69545809538783,101
2024-09-16 12:31:56.099000,415.7054560226027,1001
2024-09-16 12:31:56.183000,415.6893463766041,1001
2024-09-16 12:31:56.207000,415.6803155310962,996
2024-09-16 12:31:56.273000,415.683282423245,1005
2024-09-16 12:31:56.286000,415.70669926156233,6
2024-09-16 12:31:56.337000,415.6884446845826,1004
2024-09-16 12:31:56.368000,415.7218918714875,97
2024-09-16 12:31:56.378000,415.67890361701313,1003
2024-09-16 12:31:56.422000,415.6798647863725,1004
2024-09-16 12:31:56.477000,415.662428698614,998
2024-09-16 12:31:56.490000,415.7095888268275,13
2024-09-16 12:31:56.513000,415.68137050887344,14
2024-09-16 12:31:56.535000,415.6873960562982,96
2024-09-16 12:31:56.576000,415.7363221393866,997
2024-09-16 12:31:56.587000,415.6630305117213,98
2024-09-16 12:31:56.716000,415.698876380598,13
2024-09-16 12:31:56.762000,415.6549688340831,102
2024-09-16 12:31:56.941000,415.7157846716496,8
2024-09-16 12:31:56.945000,415.66851061474847,1000
2024-09-16 12:31:57.091000,415.6475732373543,996
2024-09-16 12:31:57.263000,415.65600288762215,102
2024-09-16 12:31:57.278000,415.6703508732817,1002
2024-09-16 12:31:57.729000,415.65748103048975,997
2024-09-16 12:31:57.833000,415.65180464776086,5
2024-09-16 12:31:57.835000,415.65609430082935,997
2024-09-16 12:31:57.937000,415.6343107197659,996
2024-09-16 12:31:57.953000,415.65096863264256,10
2024-09-16 12:31:58.057000,415.6062932046021,996
2024-09-16 12:31:58.174000,415.6142946105555,1005
2024-09-16 12:31:58.198000,415.6065172131436,102
2024-09-16 12:31:58.439000,415.6393181960416,100
2024-09-16 12:31:58.482000,415.6222823757243,12
2024-09-16 12:31:58.648000,415.6241183541022,996
2024-09-16 12:31:58.883000,415.6352604351681,98
2024-09-16 12:31:59.016000,415.65553635071245,1000
2024-09-16 12:31:59.042000,415.6229747140305,105
2024-09-16 12:31:59.077000,415.65323046680567,15
2024-09-16 12:31:59.083000,415.6465767878893,1004
2024-09-16 12:31:59.244000,415.6241567593612,96
2024-09-16 12:31:59.444000,415.6513884499128,15
2024-09-16 12:31:59.469000,415.6692479596778,97
2024-09-16 12:31:59.511000,415.6195172088348,15
2024-09-16 12:31:59.535000,415.6391328837756,96
2024-09-16 12:31:59.550000,415.6558598603432,95
2024-09-16 12:31:59.591000,415.6668824353847,1003
2024-09-16 12:31:59.609000,415.6156252784597,1005
2024-09-16 12:31:59.640000,415.65833282444174,11
2024-09-16 12:31:59.644000,415.6639211341837,1005
2024-09-16 12:31:59.683000,415.6182234602643,995
2024-09-16 12:31:59.685000,415.62453800474464,1003
2024-09-16 12:31:59.747000,415.6715183121086,995
2024-09-16 12:31:59.774000,415.6497416795453,996
2024-09-16 12:31:59.794000,415.6503310557586,999
2024-09-16 12:31:59.813000,415.68066851161177,996
2024-09-16 12:31:59.858000,415.6672091835971,98
2024-09-16 12:31:59.865000,415.6810068838827,999
2024-09-16 12:31:59.889000,415.648726562597,1004
2024-09-16 12:31:59.931000,415.6402954605003,1000
2024-09-16 12:31:59.965000,415.6274366294325,1000
2024-09-16 12:31:59.975000,415.6324591400504,11
2024-09-16 12:31:59.996000,415.6431815251699,103
