Timestamp,Price,Size
2024-09-17 13:08:00.046000,404.6425142755262,8
2024-09-17 13:08:00.060000,404.6321462712235,999
2024-09-17 13:08:00.067000,404.6352401726614,104
2024-09-17 13:08:00.334000,404.637652949326,999
2024-09-17 13:08:00.375000,404.6396552958988,1000
2024-09-17 13:08:00.693000,404.6250411967155,98
2024-09-17 13:08:00.843000,404.6466031252962,998
2024-09-17 13:08:00.895000,404.6234904983642,100
2024-09-17 13:08:01.245000,404.6468175754299,1001
2024-09-17 13:08:01.698000,404.6658155250854,8
2024-09-17 13:08:01.737000,404.6451309014401,7
2024-09-17 13:08:02.005000,404.618109795427,5
2024-09-17 13:08:02.121000,404.6444397793185,1001
2024-09-17 13:08:02.130000,404.6516235124505,11
2024-09-17 13:08:02.132000,404.60954615883446,12
2024-09-17 13:08:02.171000,404.6342107817063,101
2024-09-17 13:08:02.192000,404.62255820589246,99
2024-09-17 13:08:02.251000,404.63667661845705,12
2024-09-17 13:08:02.267000,404.6679454777374,95
2024-09-17 13:08:02.268000,404.6301396571226,14
2024-09-17 13:08:02.294000,404.66792634037984,995
2024-09-17 13:08:02.316000,404.6842949312811,1004
2024-09-17 13:08:02.338000,404.6435732874382,5
2024-09-17 13:08:02.347000,404.6260357837073,95
2024-09-17 13:08:02.350000,404.6650369779848,13
2024-09-17 13:08:02.529000,404.65854353839626,95
2024-09-17 13:08:02.550000,404.6438365286384,12
2024-09-17 13:08:02.560000,404.61115740906416,102
2024-09-17 13:08:02.622000,404.6041686926623,103
2024-09-17 13:08:02.639000,404.6401525063764,1002
2024-09-17 13:08:02.664000,404.6422083066719,103
2024-09-17 13:08:02.716000,404.6786754450228,99
2024-09-17 13:08:02.751000,404.67027470447016,104
2024-09-17 13:08:02.752000,404.61026641434415,1004
2024-09-17 13:08:02.757000,404.6068756817752,1001
2024-09-17 13:08:02.846000,404.6468743363408,995
2024-09-17 13:08:02.970000,404.6451481274366,1005
2024-09-17 13:08:03.038000,404.61974927398506,12
2024-09-17 13:08:03.065000,404.6211112761371,5
2024-09-17 13:08:03.128000,404.60171442600335,101
2024-09-17 13:08:03.192000,404.60753385075583,10
2024-09-17 13:08:03.268000,404.6055071497319,9
2024-09-17 13:08:03.340000,404.6133512006367,103
2024-09-17 13:08:03.385000,404.6250550135738,95
2024-09-17 13:08:03.391000,404.58760779009054,95
2024-09-17 13:08:03.402000,404.5718570804397,96
2024-09-17 13:08:03.435000,404.61658724371017,1004
2024-09-17 13:08:03.437000,404.61834568823065,998
2024-09-17 13:08:03.450000,404.6125919700097,1004
2024-09-17 13:08:03.469000,404.5877457650553,996
2024-09-17 13:08:03.517000,404.6043358675473,7
2024-09-17 13:08:03.557000,404.61569141189096,5
2024-09-17 13:08:03.585000,404.6193711780486,105
2024-09-17 13:08:03.599000,404.61199634837214,5
2024-09-17 13:08:03.636000,404.6056700757495,101
2024-09-17 13:08:03.645000,404.5811544919306,7
2024-09-17 13:08:03.683000,404.618337018859,97
2024-09-17 13:08:03.725000,404.6328925583812,98
2024-09-17 13:08:03.735000,404.6218899615637,11
2024-09-17 13:08:03.779000,404.6059809548545,998
2024-09-17 13:08:03.790000,404.59187744827983,102
2024-09-17 13:08:03.828000,404.604778722887,15
2024-09-17 13:08:03.831000,404.6190205664943,999
2024-09-17 13:08:03.887000,404.60071320017215,1003
2024-09-17 13:08:03.914000,404.5720386882488,102
2024-09-17 13:08:03.995000,404.6233646126117,100
2024-09-17 13:08:04.026000,404.64327207558375,12
2024-09-17 13:08:04.036000,404.7082524070782,998
2024-09-17 13:08:04.064000,404.6536417146262,997
2024-09-17 13:08:04.077000,404.6955861255104,1005
2024-09-17 13:08:04.082000,404.7141974432049,15
2024-09-17 13:08:04.093000,404.6814981594701,1005
2024-09-17 13:08:04.173000,404.7112068423463,995
2024-09-17 13:08:04.181000,404.63564243824,101
2024-09-17 13:08:04.281000,404.670166195129,7
2024-09-17 13:08:04.386000,404.70722090662383,7
2024-09-17 13:08:04.409000,404.6828416333829,105
2024-09-17 13:08:04.479000,404.642415778498,105
2024-09-17 13:08:04.587000,404.6749252365081,97
2024-09-17 13:08:04.704000,404.68720999607234,98
2024-09-17 13:08:04.727000,404.62411994985735,95
2024-09-17 13:08:04.729000,404.6466794790702,98
2024-09-17 13:08:04.810000,404.6377238675768,95
2024-09-17 13:08:04.893000,404.6991105998759,1001
2024-09-17 13:08:04.901000,404.639168721081,5
2024-09-17 13:08:04.918000,404.6770081473084,6
2024-09-17 13:08:04.984000,404.6823390502329,11
2024-09-17 13:08:05.039000,404.6947827223744,8
2024-09-17 13:08:05.076000,404.6795080778935,9
2024-09-17 13:08:05.219000,404.677179046781,104
2024-09-17 13:08:05.250000,404.6851198799069,8
2024-09-17 13:08:05.253000,404.6913863441196,14
2024-09-17 13:08:05.261000,404.7044121799682,15
2024-09-17 13:08:05.269000,404.7130525798013,1004
2024-09-17 13:08:05.270000,404.7023674517148,14
2024-09-17 13:08:05.273000,404.6952754231231,96
2024-09-17 13:08:05.282000,404.7026830071782,997
2024-09-17 13:08:05.287000,404.7255601606623,102
2024-09-17 13:08:05.323000,404.6806798478565,100
2024-09-17 13:08:05.365000,404.68366729075433,96
2024-09-17 13:08:05.376000,404.69561223108366,5
2024-09-17 13:08:05.386000,404.6883830311574,7
2024-09-17 13:08:05.423000,404.68616797319663,14
2024-09-17 13:08:05.478000,404.70948198203786,996
2024-09-17 13:08:05.510000,404.6983308090736,996
2024-09-17 13:08:05.559000,404.7015912419293,96
2024-09-17 13:08:05.574000,404.7045145254031,996
2024-09-17 13:08:05.660000,404.7022515386413,1004
2024-09-17 13:08:05.690000,404.7164290074344,998
2024-09-17 13:08:05.695000,404.6986860332196,1004
2024-09-17 13:08:05.780000,404.7087507395494,6
2024-09-17 13:08:05.783000,404.667260146632,15
2024-09-17 13:08:05.917000,404.6852811960652,998
2024-09-17 13:08:05.947000,404.67986723960735,1000
2024-09-17 13:08:06.002000,404.7217450320833,1000
2024-09-17 13:08:06.017000,404.72358329416375,15
2024-09-17 13:08:06.034000,404.74987461648425,10
2024-09-17 13:08:06.094000,404.74059150099714,10
2024-09-17 13:08:06.101000,404.6741243478603,1002
2024-09-17 13:08:06.186000,404.6835510339093,7
2024-09-17 13:08:06.355000,404.7386413454511,5
2024-09-17 13:08:06.397000,404.7573279019644,9
2024-09-17 13:08:06.411000,404.7055634155871,8
2024-09-17 13:08:06.420000,404.72881129304585,11
2024-09-17 13:08:06.462000,404.74187767405465,8
2024-09-17 13:08:06.488000,404.7360042877433,102
2024-09-17 13:08:06.514000,404.65910616509217,100
2024-09-17 13:08:06.530000,404.6816694769574,999
2024-09-17 13:08:06.588000,404.6911670620858,1002
2024-09-17 13:08:06.601000,404.663616022786,15
2024-09-17 13:08:06.685000,404.7110077076861,101
2024-09-17 13:08:06.733000,404.6501152982879,97
2024-09-17 13:08:06.813000,404.66332375670095,100
2024-09-17 13:08:06.816000,404.727766173374,15
2024-09-17 13:08:06.819000,404.6509786831143,1001
2024-09-17 13:08:06.828000,404.6769017948352,997
2024-09-17 13:08:06.838000,404.7205503531159,1000
2024-09-17 13:08:06.856000,404.6675326274258,1005
2024-09-17 13:08:06.876000,404.7041098551488,8
2024-09-17 13:08:06.888000,404.6591487768151,12
2024-09-17 13:08:06.908000,404.72713077752894,15
2024-09-17 13:08:07.114000,404.6872788271343,1000
2024-09-17 13:08:07.181000,404.6913888481103,1004
2024-09-17 13:08:07.246000,404.6850428254291,102
2024-09-17 13:08:07.304000,404.7228415043329,997
2024-09-17 13:08:07.315000,404.7126097152473,1002
2024-09-17 13:08:07.337000,404.7194660028966,7
2024-09-17 13:08:07.539000,404.690762573496,8
2024-09-17 13:08:07.591000,404.6762832804806,102
2024-09-17 13:08:08.012000,404.6589343526833,100
2024-09-17 13:08:08.066000,404.6410424813858,103
2024-09-17 13:08:08.098000,404.6273618811744,97
2024-09-17 13:08:08.129000,404.6597754672721,995
2024-09-17 13:08:08.142000,404.6641514390422,6
2024-09-17 13:08:08.146000,404.6559755098008,7
2024-09-17 13:08:08.207000,404.6489366535722,13
2024-09-17 13:08:08.214000,404.6813664098103,8
2024-09-17 13:08:08.335000,404.6212214078712,9
2024-09-17 13:08:08.342000,404.6667180971148,7
2024-09-17 13:08:08.400000,404.6588723481822,1000
2024-09-17 13:08:08.422000,404.6590648267012,10
2024-09-17 13:08:08.457000,404.6362839039261,101
2024-09-17 13:08:08.562000,404.6710004885003,995
2024-09-17 13:08:08.592000,404.64703752009024,10
2024-09-17 13:08:08.631000,404.6542113210119,995
2024-09-17 13:08:08.693000,404.6748846213415,104
2024-09-17 13:08:08.696000,404.6613078004999,1004
2024-09-17 13:08:08.697000,404.6556848704031,98
2024-09-17 13:08:08.755000,404.6603478819954,96
2024-09-17 13:08:08.802000,404.6296948477689,1000
2024-09-17 13:08:08.935000,404.6302036742583,1004
2024-09-17 13:08:08.963000,404.6617450997866,99
2024-09-17 13:08:08.972000,404.63214026743793,15
2024-09-17 13:08:08.981000,404.6570080667059,1001
2024-09-17 13:08:09.126000,404.6935792503179,100
2024-09-17 13:08:09.234000,404.6756347770254,995
2024-09-17 13:08:09.306000,404.6737930374858,1005
2024-09-17 13:08:09.345000,404.67065613396505,97
2024-09-17 13:08:09.365000,404.68452237340944,1001
2024-09-17 13:08:09.602000,404.6982067476399,10
2024-09-17 13:08:09.669000,404.6788669583772,1003
2024-09-17 13:08:09.747000,404.68155023716514,1005
2024-09-17 13:08:09.818000,404.6853497871988,995
2024-09-17 13:08:09.880000,404.7008257108436,101
2024-09-17 13:08:09.897000,404.6869306439961,5
2024-09-17 13:08:10.001000,404.78309286765966,8
2024-09-17 13:08:10.128000,404.7430316732892,96
2024-09-17 13:08:10.149000,404.7659388041919,12
2024-09-17 13:08:10.293000,404.6984992319362,995
2024-09-17 13:08:10.320000,404.709920163368,6
2024-09-17 13:08:10.326000,404.69236975269496,998
2024-09-17 13:08:10.357000,404.7645819476946,1000
2024-09-17 13:08:10.397000,404.709324815511,1004
2024-09-17 13:08:10.467000,404.6858232325495,995
2024-09-17 13:08:10.711000,404.7157002947474,996
2024-09-17 13:08:10.714000,404.6937299531388,999
2024-09-17 13:08:10.761000,404.68604182831706,11
2024-09-17 13:08:10.799000,404.736864250641,1004
2024-09-17 13:08:10.860000,404.7844672722046,1005
2024-09-17 13:08:10.873000,404.7292648232057,100
2024-09-17 13:08:12.020000,404.7403859584069,998
2024-09-17 13:08:12.068000,404.75099619218105,102
2024-09-17 13:08:12.093000,404.7308357439961,5
2024-09-17 13:08:12.273000,404.737663470806,97
2024-09-17 13:08:12.273000,404.7341419407359,1005
2024-09-17 13:08:12.806000,404.7452175463717,1005
2024-09-17 13:08:12.808000,404.7454226144057,999
2024-09-17 13:08:14.033000,404.78623418223896,5
2024-09-17 13:08:14.109000,404.7623450866275,997
2024-09-17 13:08:14.259000,404.7421856381992,100
2024-09-17 13:08:14.340000,404.7723333346199,105
2024-09-17 13:08:14.379000,404.7465692772805,995
2024-09-17 13:08:14.430000,404.790626254984,1002
2024-09-17 13:08:14.523000,404.7518233862842,1000
2024-09-17 13:08:14.546000,404.749563890734,99
2024-09-17 13:08:14.600000,404.7637097320202,14
2024-09-17 13:08:14.603000,404.8078806684458,104
2024-09-17 13:08:14.630000,404.7987877631641,105
2024-09-17 13:08:14.644000,404.7407879612038,99
2024-09-17 13:08:14.651000,404.80827079593945,1000
2024-09-17 13:08:14.776000,404.8208315312195,14
2024-09-17 13:08:14.777000,404.7469407504827,1002
2024-09-17 13:08:14.869000,404.79384284914806,105
2024-09-17 13:08:14.874000,404.7475763025388,6
2024-09-17 13:08:14.933000,404.82163289774905,9
2024-09-17 13:08:15.072000,404.7985291206734,1004
2024-09-17 13:08:15.096000,404.8413765119936,100
2024-09-17 13:08:15.133000,404.8340900374551,96
2024-09-17 13:08:15.134000,404.7593368264375,995
2024-09-17 13:08:15.405000,404.84380604841175,104
2024-09-17 13:08:15.502000,404.80205686681376,1005
2024-09-17 13:08:15.531000,404.8252240865197,99
2024-09-17 13:08:15.590000,404.8143990374829,11
2024-09-17 13:08:15.595000,404.8117774597422,105
2024-09-17 13:08:15.618000,404.833950596819,996
2024-09-17 13:08:15.678000,404.81754621367816,998
2024-09-17 13:08:15.721000,404.8203211617695,1005
2024-09-17 13:08:15.747000,404.8310252026571,99
2024-09-17 13:08:15.808000,404.8297339724237,998
2024-09-17 13:08:15.841000,404.8440703706029,996
2024-09-17 13:08:15.847000,404.77918653401366,1004
2024-09-17 13:08:15.955000,404.8232226619284,15
2024-09-17 13:08:15.976000,404.8004911471912,103
2024-09-17 13:08:16.035000,404.8327847131141,105
2024-09-17 13:08:16.328000,404.8343114085287,7
2024-09-17 13:08:16.584000,404.83248177731775,13
2024-09-17 13:08:17.139000,404.8391059027637,8
2024-09-17 13:08:17.144000,404.8209113697469,998
2024-09-17 13:08:17.187000,404.8517801710506,1001
2024-09-17 13:08:17.220000,404.83426113306297,995
2024-09-17 13:08:17.266000,404.83360531115807,103
2024-09-17 13:08:17.313000,404.82508082889166,1001
2024-09-17 13:08:17.334000,404.8475101665039,7
2024-09-17 13:08:17.518000,404.8236210471615,95
2024-09-17 13:08:17.665000,404.8247401733883,997
2024-09-17 13:08:17.766000,404.8082926256632,101
2024-09-17 13:08:17.875000,404.84707413550666,8
2024-09-17 13:08:17.901000,404.805726330695,9
2024-09-17 13:08:17.954000,404.8282363259855,1003
2024-09-17 13:08:18.004000,404.86399375745714,14
2024-09-17 13:08:18.005000,404.8557287593784,11
2024-09-17 13:08:18.109000,404.8514583555092,104
2024-09-17 13:08:18.225000,404.9290994636576,998
2024-09-17 13:08:18.242000,404.8651756622882,1003
2024-09-17 13:08:18.251000,404.8496330751025,10
2024-09-17 13:08:18.336000,404.8929786883716,998
2024-09-17 13:08:18.456000,404.8826154824343,7
2024-09-17 13:08:18.517000,404.85444294777966,1000
2024-09-17 13:08:18.527000,404.8884899026716,101
2024-09-17 13:08:18.585000,404.8739843344627,13
2024-09-17 13:08:18.629000,404.8793725327807,95
2024-09-17 13:08:18.695000,404.8522714213491,95
2024-09-17 13:08:18.746000,404.8402774444216,997
2024-09-17 13:08:18.807000,404.91402119221954,1002
2024-09-17 13:08:18.930000,404.8583925147007,14
2024-09-17 13:08:18.975000,404.8716735264867,999
2024-09-17 13:08:18.982000,404.87158946171166,100
2024-09-17 13:08:18.986000,404.8899636540071,5
2024-09-17 13:08:18.987000,404.9167406215736,995
2024-09-17 13:08:19.009000,404.8366099317732,13
2024-09-17 13:08:19.059000,404.9267037087184,99
2024-09-17 13:08:19.157000,404.95448055516937,14
2024-09-17 13:08:19.214000,404.839465140584,996
2024-09-17 13:08:19.237000,404.87685709941167,104
2024-09-17 13:08:19.238000,404.82449803493273,99
2024-09-17 13:08:19.270000,404.81231795607073,105
2024-09-17 13:08:19.279000,404.81971094314144,1004
2024-09-17 13:08:19.288000,404.84307521325246,10
2024-09-17 13:08:19.377000,404.8406785730033,996
2024-09-17 13:08:19.430000,404.8307350508583,102
2024-09-17 13:08:19.438000,404.8664841076615,104
2024-09-17 13:08:19.491000,404.81013313368726,105
2024-09-17 13:08:19.503000,404.8465246022896,12
2024-09-17 13:08:19.550000,404.9330665161359,98
2024-09-17 13:08:19.587000,404.81555149532335,1000
2024-09-17 13:08:19.652000,404.8191617677281,95
2024-09-17 13:08:19.691000,404.81456129727445,1005
2024-09-17 13:08:19.716000,404.83483976804825,97
2024-09-17 13:08:19.756000,404.8401651000217,1003
2024-09-17 13:08:19.770000,404.89461308158985,97
2024-09-17 13:08:19.817000,404.8287119593396,1000
2024-09-17 13:08:19.919000,404.8377023605932,101
2024-09-17 13:08:19.930000,404.93118733911615,10
2024-09-17 13:08:19.932000,404.9144796228225,7
2024-09-17 13:08:19.942000,404.84265463562735,11
2024-09-17 13:08:19.967000,404.9193572110241,1004
2024-09-17 13:08:19.968000,404.93146722869295,99
2024-09-17 13:08:20.039000,404.7932542862023,1000
2024-09-17 13:08:20.079000,404.7858294949498,96
2024-09-17 13:08:20.172000,404.7834211515109,11
2024-09-17 13:08:20.189000,404.8322395365916,999
2024-09-17 13:08:20.288000,404.7829787879703,104
2024-09-17 13:08:20.440000,404.7967332540703,999
2024-09-17 13:08:20.449000,404.79224002068736,995
2024-09-17 13:08:20.539000,404.7932100908943,8
2024-09-17 13:08:20.572000,404.8033940079763,13
2024-09-17 13:08:20.582000,404.7732110256336,1004
2024-09-17 13:08:20.704000,404.7882441971984,9
2024-09-17 13:08:20.885000,404.8303166283246,997
2024-09-17 13:08:20.895000,404.8008519949618,13
2024-09-17 13:08:21.048000,404.7909637831528,995
2024-09-17 13:08:21.391000,404.7988020882252,6
2024-09-17 13:08:21.456000,404.79137474416,104
2024-09-17 13:08:21.462000,404.80173680184953,1005
2024-09-17 13:08:21.567000,404.7794478542576,13
2024-09-17 13:08:21.643000,404.788189690218,95
2024-09-17 13:08:21.789000,404.80259825098216,999
2024-09-17 13:08:21.887000,404.7894508880864,1004
2024-09-17 13:08:22.255000,404.8024921170549,14
2024-09-17 13:08:22.271000,404.8058435375685,5
2024-09-17 13:08:22.456000,404.79681085066966,96
2024-09-17 13:08:22.483000,404.8079476554584,999
2024-09-17 13:08:22.666000,404.79524037646274,102
2024-09-17 13:08:22.674000,404.8212535037312,998
2024-09-17 13:08:22.794000,404.8228577908381,97
2024-09-17 13:08:22.893000,404.8167931892046,998
2024-09-17 13:08:23.085000,404.7957939038477,98
2024-09-17 13:08:23.102000,404.8475361724074,100
2024-09-17 13:08:23.146000,404.8128112283005,995
2024-09-17 13:08:23.164000,404.8264466251789,8
2024-09-17 13:08:23.248000,404.8102204306372,1005
2024-09-17 13:08:23.274000,404.78475210266566,6
2024-09-17 13:08:23.299000,404.7747812954741,998
2024-09-17 13:08:23.302000,404.80031794858894,998
2024-09-17 13:08:23.328000,404.8409524327992,996
2024-09-17 13:08:23.372000,404.7980346765584,102
2024-09-17 13:08:23.419000,404.812178214266,997
2024-09-17 13:08:23.429000,404.8151844469882,998
2024-09-17 13:08:23.489000,404.8304745570473,998
2024-09-17 13:08:23.505000,404.8125966843848,105
2024-09-17 13:08:23.540000,404.7906257024976,996
2024-09-17 13:08:23.568000,404.7912767473177,998
2024-09-17 13:08:23.620000,404.8094000739669,1002
2024-09-17 13:08:23.637000,404.7928414017161,1001
2024-09-17 13:08:23.648000,404.7734103610199,14
2024-09-17 13:08:23.701000,404.7778391098716,12
2024-09-17 13:08:23.748000,404.7903622435268,995
2024-09-17 13:08:23.880000,404.8203644723034,1003
2024-09-17 13:08:23.929000,404.7913766881257,105
2024-09-17 13:08:23.968000,404.80713037295095,104
2024-09-17 13:08:23.990000,404.8318273846273,11
2024-09-17 13:08:24.140000,404.8465266720895,99
2024-09-17 13:08:24.161000,404.86430208513167,5
2024-09-17 13:08:24.177000,404.8613722520251,1002
2024-09-17 13:08:24.290000,404.8573541548701,103
2024-09-17 13:08:24.329000,404.8562838663221,8
2024-09-17 13:08:24.501000,404.8638838987616,997
2024-09-17 13:08:24.651000,404.8735652281642,96
2024-09-17 13:08:24.669000,404.8815946180652,7
2024-09-17 13:08:24.669000,404.8797565853445,10
2024-09-17 13:08:24.734000,404.8809995343683,104
2024-09-17 13:08:24.740000,404.8543411979628,10
2024-09-17 13:08:24.842000,404.89205069641895,13
2024-09-17 13:08:24.916000,404.8307965026498,1000
2024-09-17 13:08:24.995000,404.8792984760644,1000
2024-09-17 13:08:25.047000,404.8943179907976,6
2024-09-17 13:08:25.119000,404.9395074920378,1004
2024-09-17 13:08:25.124000,404.9267282107761,997
2024-09-17 13:08:25.202000,404.9036610462287,1005
2024-09-17 13:08:25.270000,404.9103524275559,104
2024-09-17 13:08:25.320000,404.9224368002895,1005
2024-09-17 13:08:25.452000,404.9235950044221,999
2024-09-17 13:08:25.519000,404.89416834899134,995
2024-09-17 13:08:25.688000,404.8758104955445,12
2024-09-17 13:08:25.725000,404.9125679559645,105
2024-09-17 13:08:25.734000,404.92162071981033,9
2024-09-17 13:08:25.739000,404.885483150448,105
2024-09-17 13:08:25.750000,404.8932940494219,98
2024-09-17 13:08:25.926000,404.9066983817755,10
2024-09-17 13:08:26.003000,404.936809517025,14
2024-09-17 13:08:26.182000,404.9409254494319,103
2024-09-17 13:08:26.442000,404.9394723410744,102
2024-09-17 13:08:26.794000,404.9394896950316,96
2024-09-17 13:08:26.832000,404.9404700558445,1002
2024-09-17 13:08:26.888000,404.93349511768406,1003
2024-09-17 13:08:26.941000,404.9240121363338,104
2024-09-17 13:08:26.951000,404.9363822799572,1001
2024-09-17 13:08:26.995000,404.9519881777467,102
2024-09-17 13:08:27.081000,404.9957987153291,99
2024-09-17 13:08:27.215000,404.9449464374503,12
2024-09-17 13:08:27.227000,404.96262920531984,14
2024-09-17 13:08:27.231000,404.97593951422,12
2024-09-17 13:08:27.392000,404.9713511141085,101
2024-09-17 13:08:27.402000,405.0025079164625,995
2024-09-17 13:08:27.417000,404.9474581669999,7
2024-09-17 13:08:27.454000,404.9876058625509,5
2024-09-17 13:08:27.475000,404.9470839115325,7
2024-09-17 13:08:27.536000,405.0018619591862,104
2024-09-17 13:08:27.624000,405.0233694841844,11
2024-09-17 13:08:27.767000,405.0098412857413,12
2024-09-17 13:08:27.802000,405.0026770709112,13
2024-09-17 13:08:27.805000,405.01805916552127,999
2024-09-17 13:08:27.831000,404.9875990617567,996
2024-09-17 13:08:27.967000,404.9967271759549,10
2024-09-17 13:08:28.076000,405.0006479561928,95
2024-09-17 13:08:28.178000,405.0241168477618,1000
2024-09-17 13:08:28.288000,405.0134025340536,1003
2024-09-17 13:08:28.301000,405.0018988119684,999
2024-09-17 13:08:28.438000,405.0071710964755,102
2024-09-17 13:08:28.614000,404.9941783740502,5
2024-09-17 13:08:28.930000,405.010463851812,998
2024-09-17 13:08:28.975000,404.9822288816417,1003
2024-09-17 13:08:29.457000,404.9899548771288,104
2024-09-17 13:08:29.715000,404.97757202332747,1005
2024-09-17 13:08:29.919000,404.9737040446714,5
2024-09-17 13:08:30.033000,404.96018622231736,1000
2024-09-17 13:08:30.064000,404.9997210307697,997
2024-09-17 13:08:30.101000,404.96414644158745,996
2024-09-17 13:08:30.102000,405.0172180666808,95
2024-09-17 13:08:30.102000,404.97340400459,98
2024-09-17 13:08:30.109000,404.9493491814482,9
2024-09-17 13:08:30.134000,404.9782899994241,995
2024-09-17 13:08:30.137000,404.9501997130377,996
2024-09-17 13:08:30.143000,404.9715005546465,1004
2024-09-17 13:08:30.173000,405.0154311246838,95
2024-09-17 13:08:30.234000,404.9437129112575,104
2024-09-17 13:08:30.271000,405.0218862704173,100
2024-09-17 13:08:30.316000,404.937399406266,1003
2024-09-17 13:08:30.384000,404.9634838358508,102
2024-09-17 13:08:30.420000,405.0002569295529,6
2024-09-17 13:08:30.498000,404.980025048888,5
2024-09-17 13:08:30.724000,404.9781243542404,9
2024-09-17 13:08:30.760000,405.0079513873433,1001
2024-09-17 13:08:30.790000,405.02688958984777,13
2024-09-17 13:08:30.803000,404.9437243303551,1001
2024-09-17 13:08:30.819000,405.0192085609479,98
2024-09-17 13:08:30.836000,404.94872374538767,15
2024-09-17 13:08:30.874000,404.950149427943,996
2024-09-17 13:08:30.902000,404.9677487654846,8
2024-09-17 13:08:30.909000,404.9878702412308,1004
2024-09-17 13:08:30.942000,405.00298831496696,12
2024-09-17 13:08:30.986000,404.96587554341465,997
2024-09-17 13:08:31.057000,404.94612324954585,1002
2024-09-17 13:08:31.084000,404.91084065975406,6
2024-09-17 13:08:31.163000,404.9283480507396,102
2024-09-17 13:08:31.258000,404.9611928724208,1005
2024-09-17 13:08:31.294000,404.89681674578566,103
2024-09-17 13:08:31.304000,404.9705553991036,102
2024-09-17 13:08:31.315000,404.94840299625935,9
2024-09-17 13:08:31.340000,404.9358730550466,99
2024-09-17 13:08:31.342000,404.9965891206886,11
2024-09-17 13:08:31.418000,404.9429200264676,14
2024-09-17 13:08:31.445000,404.90315375011886,998
2024-09-17 13:08:31.464000,404.95190167978967,97
2024-09-17 13:08:31.495000,404.9895342063832,999
2024-09-17 13:08:31.502000,404.9463318273089,105
2024-09-17 13:08:31.553000,404.9808729004686,995
2024-09-17 13:08:31.560000,404.9830988322042,100
2024-09-17 13:08:31.655000,404.9640365464618,995
2024-09-17 13:08:31.700000,404.9400253771744,12
2024-09-17 13:08:31.774000,404.9683342936185,11
2024-09-17 13:08:31.777000,404.9939741919,7
2024-09-17 13:08:31.782000,404.9258447476384,6
2024-09-17 13:08:31.866000,404.9731268468289,104
2024-09-17 13:08:31.956000,404.9353591182236,95
2024-09-17 13:08:31.957000,404.9519573444504,6
2024-09-17 13:08:31.962000,404.9949799035584,97
2024-09-17 13:08:32.047000,405.0040615279224,8
2024-09-17 13:08:32.097000,404.9920614847738,101
2024-09-17 13:08:32.148000,405.0245071526156,1002
2024-09-17 13:08:32.160000,405.03295742094855,12
2024-09-17 13:08:32.160000,405.000411923949,97
2024-09-17 13:08:32.185000,405.0217991851933,100
2024-09-17 13:08:32.375000,404.9843772532476,97
2024-09-17 13:08:32.604000,405.0060947765581,11
2024-09-17 13:08:32.665000,405.0228831064605,14
2024-09-17 13:08:32.721000,405.0431238554677,103
2024-09-17 13:08:32.896000,405.0194352604753,102
2024-09-17 13:08:32.958000,404.9913838252859,100
2024-09-17 13:08:33.249000,405.0359772966058,15
2024-09-17 13:08:33.942000,405.03361737070014,95
2024-09-17 13:08:34.023000,405.0887366924543,10
2024-09-17 13:08:34.082000,405.078195590044,6
2024-09-17 13:08:34.111000,405.0802655405337,14
2024-09-17 13:08:34.132000,405.0419369107933,997
2024-09-17 13:08:34.155000,405.04068305772495,1005
2024-09-17 13:08:34.174000,405.0525590008647,12
2024-09-17 13:08:34.250000,405.0377167081733,105
2024-09-17 13:08:34.329000,405.0621348783353,15
2024-09-17 13:08:34.360000,405.0848553359306,97
2024-09-17 13:08:34.386000,405.04582927748055,5
2024-09-17 13:08:34.406000,405.0678518823212,1001
2024-09-17 13:08:34.435000,405.0753004233162,1000
2024-09-17 13:08:34.446000,405.055357446226,95
2024-09-17 13:08:34.562000,405.0517995718158,7
2024-09-17 13:08:34.599000,405.07748403930105,13
2024-09-17 13:08:34.652000,405.03671093140287,5
2024-09-17 13:08:34.668000,405.0828095360359,1001
2024-09-17 13:08:34.697000,405.0401702022798,104
2024-09-17 13:08:34.723000,405.0768058154637,1004
2024-09-17 13:08:34.748000,405.0869711374795,1001
2024-09-17 13:08:34.789000,405.0337854922219,98
2024-09-17 13:08:34.808000,405.0641885670014,99
2024-09-17 13:08:34.826000,405.078483025448,1003
2024-09-17 13:08:34.837000,405.0722290249623,96
2024-09-17 13:08:34.885000,405.06876886707016,102
2024-09-17 13:08:34.935000,405.0671713201911,102
2024-09-17 13:08:34.938000,405.0652670470087,102
2024-09-17 13:08:34.974000,405.0440606360663,1002
2024-09-17 13:08:35.019000,405.0330701214163,997
2024-09-17 13:08:35.107000,405.05708502812496,5
2024-09-17 13:08:35.120000,405.05314073572833,96
2024-09-17 13:08:35.205000,405.0116110865253,998
2024-09-17 13:08:35.205000,405.0092318115505,1002
2024-09-17 13:08:35.220000,405.0481998931752,14
2024-09-17 13:08:35.250000,405.0678640343661,102
2024-09-17 13:08:35.271000,405.0636916999188,1001
2024-09-17 13:08:35.287000,405.05618480333385,6
2024-09-17 13:08:35.342000,405.0774922706721,95
2024-09-17 13:08:35.361000,405.0431532183394,96
2024-09-17 13:08:35.362000,405.06412383628594,8
2024-09-17 13:08:35.434000,405.0818754415489,103
2024-09-17 13:08:35.436000,405.0204512927825,97
2024-09-17 13:08:35.441000,405.03620512927785,999
2024-09-17 13:08:35.443000,405.0622650045586,7
2024-09-17 13:08:35.513000,405.0356926366413,101
2024-09-17 13:08:35.543000,405.0516487395404,96
2024-09-17 13:08:35.581000,405.05642972272767,1003
2024-09-17 13:08:35.592000,405.0415835281732,97
2024-09-17 13:08:35.725000,405.0286994235165,6
2024-09-17 13:08:35.925000,405.0318982710595,101
2024-09-17 13:08:35.994000,405.0389319187847,15
2024-09-17 13:08:35.994000,405.0572166561704,997
2024-09-17 13:08:36.020000,405.06637704280536,997
2024-09-17 13:08:36.122000,405.0911144508176,1001
2024-09-17 13:08:36.132000,405.08732716657386,1005
2024-09-17 13:08:36.145000,405.0360602540956,105
2024-09-17 13:08:36.216000,405.051530880184,14
2024-09-17 13:08:36.303000,405.04365205592063,100
2024-09-17 13:08:36.527000,405.0363628065643,13
2024-09-17 13:08:36.568000,405.0581818492015,1002
2024-09-17 13:08:36.597000,405.0845473941914,998
2024-09-17 13:08:36.687000,405.0825029146105,997
2024-09-17 13:08:36.718000,405.0413379879544,101
2024-09-17 13:08:36.731000,405.0421062559399,101
2024-09-17 13:08:36.735000,405.0710438125347,8
2024-09-17 13:08:36.738000,405.0566213225,96
2024-09-17 13:08:36.782000,405.0447368914119,998
2024-09-17 13:08:36.819000,405.05376944648833,998
2024-09-17 13:08:36.822000,405.0508294429743,95
2024-09-17 13:08:36.882000,405.0644068078433,100
2024-09-17 13:08:36.996000,405.0670154013548,15
2024-09-17 13:08:37.018000,405.09710331379614,996
2024-09-17 13:08:37.088000,405.0512052883256,7
2024-09-17 13:08:37.224000,405.088091080217,9
2024-09-17 13:08:37.362000,405.0997879310861,5
2024-09-17 13:08:37.409000,405.1017266866223,14
2024-09-17 13:08:37.441000,405.09955020041446,1002
2024-09-17 13:08:37.519000,405.0358810197488,1002
2024-09-17 13:08:37.573000,405.0911906660942,95
2024-09-17 13:08:37.620000,405.1098613256517,9
2024-09-17 13:08:37.886000,405.0361420582733,100
2024-09-17 13:08:37.994000,405.11139405283535,998
2024-09-17 13:08:38.024000,405.09184087722986,999
2024-09-17 13:08:38.055000,405.08867821540224,97
2024-09-17 13:08:38.120000,405.096704985757,995
2024-09-17 13:08:38.122000,405.1276099323631,998
2024-09-17 13:08:38.183000,405.0720539369421,997
2024-09-17 13:08:38.258000,405.105867140274,13
2024-09-17 13:08:38.318000,405.08954859059406,996
2024-09-17 13:08:38.406000,405.0926316331986,995
2024-09-17 13:08:38.495000,405.0927544193372,998
2024-09-17 13:08:38.544000,405.1005295910418,97
2024-09-17 13:08:38.556000,405.0985108156996,13
2024-09-17 13:08:38.587000,405.0882551814994,998
2024-09-17 13:08:38.700000,405.07921496148657,97
2024-09-17 13:08:38.847000,405.0902765879755,998
2024-09-17 13:08:38.858000,405.1261827052416,105
2024-09-17 13:08:38.860000,405.07187116385694,1003
2024-09-17 13:08:38.861000,405.0821611981864,11
2024-09-17 13:08:38.900000,405.1177731980608,99
2024-09-17 13:08:38.978000,405.1084257501253,95
2024-09-17 13:08:38.982000,405.0949427025913,9
2024-09-17 13:08:41.134000,405.157678222202,995
2024-09-17 13:08:41.181000,405.1457547130653,1001
2024-09-17 13:08:41.197000,405.15954552218335,999
2024-09-17 13:08:41.309000,405.1373722019711,100
2024-09-17 13:08:41.475000,405.14484781647695,6
2024-09-17 13:08:41.484000,405.1481686583717,998
2024-09-17 13:08:41.621000,405.1410479605194,12
2024-09-17 13:08:41.658000,405.1524535652169,11
2024-09-17 13:08:41.735000,405.1373115694698,1004
2024-09-17 13:08:41.842000,405.16838497754406,96
2024-09-17 13:08:41.884000,405.1480724050291,97
2024-09-17 13:08:41.924000,405.1759254047604,995
2024-09-17 13:08:42.040000,405.1992742979188,15
2024-09-17 13:08:42.057000,405.1573326714101,1003
2024-09-17 13:08:42.080000,405.1565407877125,96
2024-09-17 13:08:42.138000,405.1904628062069,96
2024-09-17 13:08:42.185000,405.1586121035952,5
2024-09-17 13:08:42.192000,405.1875800448757,997
2024-09-17 13:08:42.394000,405.1603182779159,104
2024-09-17 13:08:42.423000,405.1861372823553,11
2024-09-17 13:08:42.546000,405.1870996861677,8
2024-09-17 13:08:42.660000,405.1937298505433,995
2024-09-17 13:08:42.711000,405.1933840549787,97
2024-09-17 13:08:42.827000,405.1698417722619,96
2024-09-17 13:08:42.936000,405.1684926653198,105
2024-09-17 13:08:43.057000,405.18828539205,15
2024-09-17 13:08:43.159000,405.1613505775091,99
2024-09-17 13:08:43.175000,405.1797279713551,997
2024-09-17 13:08:43.177000,405.1499380111301,5
2024-09-17 13:08:43.227000,405.144106270205,96
2024-09-17 13:08:43.227000,405.1545640358521,12
2024-09-17 13:08:43.299000,405.15896749092354,99
2024-09-17 13:08:43.304000,405.1886576850577,7
2024-09-17 13:08:43.494000,405.14938362150247,1004
2024-09-17 13:08:43.545000,405.18003790889935,1004
2024-09-17 13:08:43.565000,405.18732116528565,102
2024-09-17 13:08:43.603000,405.1809401326449,996
2024-09-17 13:08:43.710000,405.132916768398,6
2024-09-17 13:08:43.749000,405.1559170221777,1003
2024-09-17 13:08:43.931000,405.1705826553537,12
2024-09-17 13:08:44.066000,405.17699224645753,105
2024-09-17 13:08:44.196000,405.16337696232887,7
2024-09-17 13:08:44.286000,405.1788961616205,9
2024-09-17 13:08:44.368000,405.17799577634247,1005
2024-09-17 13:08:44.602000,405.16867236056913,11
2024-09-17 13:08:44.638000,405.1816420616845,13
2024-09-17 13:08:45.387000,405.1862807188585,997
2024-09-17 13:08:45.426000,405.1598175234037,996
2024-09-17 13:08:45.430000,405.1388074562215,15
2024-09-17 13:08:45.577000,405.1455990659624,14
2024-09-17 13:08:45.644000,405.1435906828901,1002
2024-09-17 13:08:45.673000,405.1695077031573,15
2024-09-17 13:08:45.732000,405.1268777122149,999
2024-09-17 13:08:45.747000,405.1336967926947,104
2024-09-17 13:08:46.018000,405.1322395243109,102
2024-09-17 13:08:46.039000,405.1280236041116,103
2024-09-17 13:08:46.056000,405.0821247566958,12
2024-09-17 13:08:46.076000,405.0848431109986,13
2024-09-17 13:08:46.147000,405.0972636338458,1001
2024-09-17 13:08:46.148000,405.0996548360017,6
2024-09-17 13:08:46.234000,405.1103444569381,8
2024-09-17 13:08:46.250000,405.07607939585967,1002
2024-09-17 13:08:46.366000,405.09184967764986,997
2024-09-17 13:08:46.407000,405.08436485424494,101
2024-09-17 13:08:46.659000,405.12734193471874,100
2024-09-17 13:08:46.798000,405.0933943552928,1004
2024-09-17 13:08:46.902000,405.0924630051521,96
2024-09-17 13:08:47.032000,405.12756318252497,7
2024-09-17 13:08:47.247000,405.1260783190827,103
2024-09-17 13:08:47.447000,405.0879968062967,12
2024-09-17 13:08:47.451000,405.08701686981306,6
2024-09-17 13:08:47.604000,405.1604960906865,6
2024-09-17 13:08:47.710000,405.0944477488152,102
2024-09-17 13:08:47.950000,405.0911983066106,8
2024-09-17 13:08:48.009000,405.1437923103863,11
2024-09-17 13:08:48.043000,405.1495193946446,14
2024-09-17 13:08:48.193000,405.18972410350193,6
2024-09-17 13:08:48.264000,405.161289340047,101
2024-09-17 13:08:48.327000,405.1748063171277,98
2024-09-17 13:08:48.347000,405.1661716417856,105
2024-09-17 13:08:48.599000,405.1741140932442,1000
2024-09-17 13:08:48.763000,405.1531936476749,98
2024-09-17 13:08:48.919000,405.177825850043,12
2024-09-17 13:08:49.016000,405.1339498541332,10
2024-09-17 13:08:49.041000,405.1453188806204,7
2024-09-17 13:08:49.121000,405.1303191136501,100
2024-09-17 13:08:49.141000,405.1557242838624,995
2024-09-17 13:08:49.152000,405.1400498887866,102
2024-09-17 13:08:49.182000,405.168702460013,9
2024-09-17 13:08:49.194000,405.1685318918634,998
2024-09-17 13:08:49.203000,405.1922256352532,96
2024-09-17 13:08:49.232000,405.1605742301332,6
2024-09-17 13:08:49.278000,405.1393009953163,1004
2024-09-17 13:08:49.284000,405.19904059401546,13
2024-09-17 13:08:49.316000,405.1843590975385,98
2024-09-17 13:08:49.327000,405.1384335038682,105
2024-09-17 13:08:49.372000,405.2014990965508,14
2024-09-17 13:08:49.394000,405.16265757833946,8
2024-09-17 13:08:49.481000,405.1445030761333,996
2024-09-17 13:08:49.496000,405.19655831408494,1000
2024-09-17 13:08:49.544000,405.1713421438035,6
2024-09-17 13:08:49.553000,405.1433029045583,105
2024-09-17 13:08:49.673000,405.1434051435606,12
2024-09-17 13:08:49.697000,405.16448869598776,10
2024-09-17 13:08:49.855000,405.2030649459285,1004
2024-09-17 13:08:49.987000,405.1786116568381,101
2024-09-17 13:08:50.120000,405.12369275951,12
2024-09-17 13:08:50.157000,405.1468192138892,10
2024-09-17 13:08:50.165000,405.1013860265321,1000
2024-09-17 13:08:50.341000,405.1432695633469,1003
2024-09-17 13:08:50.397000,405.1047888152695,104
2024-09-17 13:08:50.426000,405.0979255268265,1005
2024-09-17 13:08:50.525000,405.13579321531984,15
2024-09-17 13:08:50.604000,405.1680838931225,102
2024-09-17 13:08:50.781000,405.15231886980985,998
2024-09-17 13:08:50.863000,405.133435924813,995
2024-09-17 13:08:50.875000,405.1215055438435,101
2024-09-17 13:08:50.991000,405.12984382142565,102
2024-09-17 13:08:50.998000,405.1637143834524,105
2024-09-17 13:08:51.103000,405.1644734871707,104
2024-09-17 13:08:51.117000,405.1445656423159,1003
2024-09-17 13:08:51.170000,405.14294212103,1005
2024-09-17 13:08:51.174000,405.1979976105743,12
2024-09-17 13:08:51.231000,405.14628036840816,10
2024-09-17 13:08:51.374000,405.11370344960113,1000
2024-09-17 13:08:51.400000,405.1401992829931,998
2024-09-17 13:08:51.435000,405.17759412757687,8
2024-09-17 13:08:51.527000,405.1216086929722,1005
2024-09-17 13:08:51.696000,405.17290557334985,13
2024-09-17 13:08:51.830000,405.18424860781766,102
2024-09-17 13:08:51.917000,405.1930052654274,13
2024-09-17 13:08:52.002000,405.142891206253,1000
2024-09-17 13:08:52.018000,405.1312418149418,97
2024-09-17 13:08:52.138000,405.1316637309065,98
2024-09-17 13:08:52.172000,405.175581625822,997
2024-09-17 13:08:52.240000,405.12563479729016,6
2024-09-17 13:08:52.260000,405.1606858003952,104
2024-09-17 13:08:52.263000,405.17399438064064,1002
2024-09-17 13:08:52.432000,405.1664713197947,95
2024-09-17 13:08:52.448000,405.1518097206629,1001
2024-09-17 13:08:52.488000,405.1582228446644,97
2024-09-17 13:08:52.550000,405.16051299572615,101
2024-09-17 13:08:52.552000,405.14731433040873,103
2024-09-17 13:08:52.583000,405.1588759221318,1003
2024-09-17 13:08:52.587000,405.1353447199229,12
2024-09-17 13:08:52.809000,405.1501346865192,1000
2024-09-17 13:08:52.816000,405.1379893707769,996
2024-09-17 13:08:52.861000,405.16812591187744,105
2024-09-17 13:08:52.878000,405.1612371961801,102
2024-09-17 13:08:52.898000,405.16554548238906,1004
2024-09-17 13:08:52.903000,405.11633573372575,99
2024-09-17 13:08:52.913000,405.1616145704532,6
2024-09-17 13:08:52.976000,405.1349804899171,1002
2024-09-17 13:08:53.022000,405.17519790397176,1001
2024-09-17 13:08:53.070000,405.1733955490483,5
2024-09-17 13:08:53.249000,405.1586094310522,104
2024-09-17 13:08:53.302000,405.16310434179854,10
2024-09-17 13:08:53.372000,405.16938138624096,5
2024-09-17 13:08:53.426000,405.1530280224457,5
2024-09-17 13:08:53.497000,405.16698155033134,1003
2024-09-17 13:08:53.524000,405.1717159465052,9
2024-09-17 13:08:53.573000,405.14004842737927,1005
2024-09-17 13:08:53.659000,405.1664441567965,1005
2024-09-17 13:08:53.683000,405.15753984168106,997
2024-09-17 13:08:53.686000,405.1752671946997,99
2024-09-17 13:08:54.028000,405.1987780744804,995
2024-09-17 13:08:54.044000,405.1709551275071,1005
2024-09-17 13:08:54.074000,405.1729523514764,8
2024-09-17 13:08:54.076000,405.20334074421896,13
2024-09-17 13:08:54.079000,405.2110207871621,9
2024-09-17 13:08:54.173000,405.2030675586781,995
2024-09-17 13:08:54.176000,405.15006458841896,1005
2024-09-17 13:08:54.230000,405.147422340374,8
2024-09-17 13:08:54.253000,405.18207073185727,1001
2024-09-17 13:08:54.331000,405.154709403271,14
2024-09-17 13:08:54.352000,405.1895602357911,96
2024-09-17 13:08:54.594000,405.1742517669995,999
2024-09-17 13:08:54.597000,405.1686015875241,101
2024-09-17 13:08:54.608000,405.192761024278,1005
2024-09-17 13:08:54.635000,405.1873905819524,104
2024-09-17 13:08:54.764000,405.12444257736615,10
2024-09-17 13:08:54.767000,405.1846321134778,12
2024-09-17 13:08:54.811000,405.17060792071175,105
2024-09-17 13:08:54.835000,405.10445127933735,15
2024-09-17 13:08:54.837000,405.1559577567889,96
2024-09-17 13:08:54.884000,405.19710411043405,9
2024-09-17 13:08:54.936000,405.1064552044418,6
2024-09-17 13:08:54.939000,405.1216906062016,101
2024-09-17 13:08:54.956000,405.18223460036336,102
2024-09-17 13:08:54.966000,405.1683842959828,1003
2024-09-17 13:08:55.074000,405.1422867999818,104
2024-09-17 13:08:55.203000,405.1165971790772,999
2024-09-17 13:08:55.268000,405.1268718345257,100
2024-09-17 13:08:55.315000,405.1114847850153,1005
2024-09-17 13:08:55.333000,405.098500209369,102
2024-09-17 13:08:55.932000,405.157254836722,12
2024-09-17 13:08:56.001000,405.1411398941653,8
2024-09-17 13:08:56.213000,405.0962008105842,11
2024-09-17 13:08:56.317000,405.1154060498854,1004
2024-09-17 13:08:56.363000,405.1289179510556,997
2024-09-17 13:08:56.395000,405.1026885889251,11
2024-09-17 13:08:56.456000,405.1242767993239,1001
2024-09-17 13:08:56.477000,405.1428554178928,1000
2024-09-17 13:08:56.550000,405.1577667215766,95
2024-09-17 13:08:56.572000,405.150661956098,13
2024-09-17 13:08:56.688000,405.1546189381918,998
2024-09-17 13:08:56.745000,405.1295917474913,101
2024-09-17 13:08:56.779000,405.1189482937413,97
2024-09-17 13:08:56.790000,405.0953739096489,104
2024-09-17 13:08:56.853000,405.12403080060494,999
2024-09-17 13:08:56.938000,405.11066092457816,104
2024-09-17 13:08:57.072000,405.1736807333644,105
2024-09-17 13:08:57.130000,405.1473015131487,7
2024-09-17 13:08:57.243000,405.1671138027682,96
2024-09-17 13:08:57.352000,405.1539871388304,997
2024-09-17 13:08:57.393000,405.1525903711727,97
2024-09-17 13:08:57.485000,405.1642106815793,97
2024-09-17 13:08:57.537000,405.16114659447794,1002
2024-09-17 13:08:57.648000,405.1633881007733,10
2024-09-17 13:08:57.670000,405.17438212260856,1005
2024-09-17 13:08:57.713000,405.16787208077005,104
2024-09-17 13:08:57.798000,405.15355665598014,105
2024-09-17 13:08:57.822000,405.165109567599,996
2024-09-17 13:08:57.893000,405.1518150115375,13
2024-09-17 13:08:57.901000,405.1559112378747,1002
2024-09-17 13:08:57.934000,405.1541500339204,100
2024-09-17 13:08:57.943000,405.1477966471568,995
2024-09-17 13:08:57.975000,405.1330660712215,5
2024-09-17 13:08:58.028000,405.02543432304174,100
2024-09-17 13:08:58.092000,405.0965013045586,10
2024-09-17 13:08:58.093000,405.149497401593,13
2024-09-17 13:08:58.097000,405.08821552830256,1001
2024-09-17 13:08:58.144000,405.0487253695408,9
2024-09-17 13:08:58.144000,405.1208702343794,98
2024-09-17 13:08:58.147000,405.1341055476961,998
2024-09-17 13:08:58.174000,405.1091270138805,997
2024-09-17 13:08:58.235000,405.0703920695452,15
2024-09-17 13:08:58.258000,405.1302249885045,10
2024-09-17 13:08:58.303000,405.13505632819846,103
2024-09-17 13:08:58.330000,405.11907288818537,95
2024-09-17 13:08:58.357000,405.1249833203661,105
2024-09-17 13:08:58.358000,405.1377901237668,97
2024-09-17 13:08:58.418000,405.1191300897837,1005
2024-09-17 13:08:58.451000,405.088120367645,997
2024-09-17 13:08:58.508000,405.0276422474588,10
2024-09-17 13:08:58.556000,405.103366019822,100
2024-09-17 13:08:58.584000,405.0803820316037,5
2024-09-17 13:08:58.646000,405.1174408964381,103
2024-09-17 13:08:58.675000,405.1240521957234,100
2024-09-17 13:08:58.758000,405.1236761558768,1005
2024-09-17 13:08:58.767000,405.13411676715737,101
2024-09-17 13:08:58.797000,405.1137761759889,95
2024-09-17 13:08:58.805000,405.1149367444502,99
2024-09-17 13:08:58.851000,405.1023709179475,11
2024-09-17 13:08:58.972000,405.1255393458953,8
2024-09-17 13:08:58.994000,405.1299254029692,95
2024-09-17 13:08:59.011000,404.9624219040592,8
2024-09-17 13:08:59.035000,404.9540255933078,102
2024-09-17 13:08:59.043000,404.9885293646345,102
2024-09-17 13:08:59.068000,405.0481522627881,14
2024-09-17 13:08:59.084000,404.9672464885381,6
2024-09-17 13:08:59.187000,404.97388730366913,996
2024-09-17 13:08:59.421000,405.0009229051725,8
2024-09-17 13:08:59.434000,404.9620761794759,105
2024-09-17 13:08:59.470000,405.037197647562,996
2024-09-17 13:08:59.530000,405.0311833835344,996
2024-09-17 13:08:59.547000,404.9648609826126,100
2024-09-17 13:08:59.582000,404.977078526872,7
2024-09-17 13:08:59.597000,404.9829307946984,103
2024-09-17 13:08:59.688000,404.9630891627648,101
2024-09-17 13:08:59.723000,404.9718703157877,998
2024-09-17 13:08:59.869000,404.97120156178727,1005
2024-09-17 13:08:59.950000,404.9463864417717,105
