Timestamp,Price,Size
2024-09-16 14:13:00.119000,415.639212950737,99
2024-09-16 14:13:00.214000,415.6424108386764,999
2024-09-16 14:13:00.219000,415.6643537222616,6
2024-09-16 14:13:00.224000,415.6350839967656,998
2024-09-16 14:13:00.332000,415.6429737822121,100
2024-09-16 14:13:00.365000,415.6451794604525,99
2024-09-16 14:13:00.461000,415.6201747720463,101
2024-09-16 14:13:00.559000,415.6488707412404,1004
2024-09-16 14:13:00.583000,415.6632359830521,1005
2024-09-16 14:13:00.610000,415.6325819366685,11
2024-09-16 14:13:00.614000,415.63916035281005,14
2024-09-16 14:13:00.650000,415.64434326032494,97
2024-09-16 14:13:00.842000,415.6345474995346,5
2024-09-16 14:13:00.863000,415.6238507311024,15
2024-09-16 14:13:01.073000,415.5793560029721,97
2024-09-16 14:13:01.083000,415.6657225365457,15
2024-09-16 14:13:01.129000,415.6254746331901,11
2024-09-16 14:13:01.166000,415.5665851683616,98
2024-09-16 14:13:01.241000,415.6316391987861,105
2024-09-16 14:13:01.250000,415.6248143644361,1001
2024-09-16 14:13:01.318000,415.6584798072649,998
2024-09-16 14:13:01.339000,415.5648427776749,9
2024-09-16 14:13:01.366000,415.61867113177806,99
2024-09-16 14:13:01.390000,415.64686339057033,995
2024-09-16 14:13:01.473000,415.6359569559801,1001
2024-09-16 14:13:01.499000,415.5584114819095,10
2024-09-16 14:13:01.586000,415.55933156339546,995
2024-09-16 14:13:01.595000,415.6641768651459,15
2024-09-16 14:13:01.614000,415.6398485110868,1003
2024-09-16 14:13:01.680000,415.60996443052113,1002
2024-09-16 14:13:01.681000,415.56198840962617,14
2024-09-16 14:13:01.683000,415.6060092735237,101
2024-09-16 14:13:01.723000,415.6365999915504,1005
2024-09-16 14:13:01.753000,415.6211252381104,7
2024-09-16 14:13:01.758000,415.666049690479,999
2024-09-16 14:13:01.763000,415.625314473084,96
2024-09-16 14:13:01.847000,415.577000840441,1003
2024-09-16 14:13:01.880000,415.5547340166067,9
2024-09-16 14:13:01.891000,415.6469346675124,7
2024-09-16 14:13:01.974000,415.5625807307835,7
2024-09-16 14:13:01.981000,415.6178200813978,104
2024-09-16 14:13:01.984000,415.6274143656899,1004
2024-09-16 14:13:01.988000,415.5764579751595,102
2024-09-16 14:13:02.021000,415.58515460483454,101
2024-09-16 14:13:02.063000,415.53226905738353,10
2024-09-16 14:13:02.095000,415.52567696278015,96
2024-09-16 14:13:02.101000,415.5368992269534,10
2024-09-16 14:13:02.160000,415.5453001915414,97
2024-09-16 14:13:02.168000,415.5105203179145,99
2024-09-16 14:13:02.176000,415.5748119562616,104
2024-09-16 14:13:02.290000,415.56991751406326,1000
2024-09-16 14:13:02.364000,415.51649820926326,95
2024-09-16 14:13:02.403000,415.5442146474448,6
2024-09-16 14:13:02.411000,415.51794604008273,12
2024-09-16 14:13:02.454000,415.52707083502776,998
2024-09-16 14:13:02.522000,415.5863457093412,15
2024-09-16 14:13:02.538000,415.5746679634753,5
2024-09-16 14:13:02.609000,415.5440374206146,999
2024-09-16 14:13:02.616000,415.5547033503572,995
2024-09-16 14:13:02.895000,415.5470364818498,999
2024-09-16 14:13:02.917000,415.54847351469175,998
2024-09-16 14:13:02.967000,415.5055673447607,97
2024-09-16 14:13:03.012000,415.55562311677926,998
2024-09-16 14:13:03.070000,415.5724702784062,1003
2024-09-16 14:13:03.071000,415.4938161518988,97
2024-09-16 14:13:03.073000,415.5403010789769,14
2024-09-16 14:13:03.119000,415.5241751760144,1004
2024-09-16 14:13:03.123000,415.5621580799614,100
2024-09-16 14:13:03.130000,415.53090798617,9
2024-09-16 14:13:03.145000,415.547429380583,999
2024-09-16 14:13:03.166000,415.5056803382852,95
2024-09-16 14:13:03.218000,415.5141547018215,13
2024-09-16 14:13:03.235000,415.5424138513095,1003
2024-09-16 14:13:03.257000,415.5564970557496,1004
2024-09-16 14:13:03.330000,415.56377927348126,996
2024-09-16 14:13:03.359000,415.5513340973318,999
2024-09-16 14:13:03.369000,415.5807762635055,14
2024-09-16 14:13:03.387000,415.56910443528096,995
2024-09-16 14:13:03.393000,415.5151730696912,98
2024-09-16 14:13:03.503000,415.5799954306755,105
2024-09-16 14:13:03.528000,415.5338645629669,104
2024-09-16 14:13:03.547000,415.52276569055664,996
2024-09-16 14:13:03.548000,415.4844486031456,8
2024-09-16 14:13:03.554000,415.57000942672335,95
2024-09-16 14:13:03.586000,415.517650468768,11
2024-09-16 14:13:03.594000,415.50822660137607,14
2024-09-16 14:13:03.631000,415.5618746928462,96
2024-09-16 14:13:03.656000,415.5681620752997,103
2024-09-16 14:13:03.665000,415.5049270401132,10
2024-09-16 14:13:03.884000,415.5698893168058,996
2024-09-16 14:13:03.910000,415.56195469080535,1001
2024-09-16 14:13:04.050000,415.483919712847,1000
2024-09-16 14:13:04.050000,415.4859583205889,7
2024-09-16 14:13:04.127000,415.4687219771238,103
2024-09-16 14:13:04.165000,415.5201623737296,5
2024-09-16 14:13:04.166000,415.4623749327119,12
2024-09-16 14:13:04.194000,415.5160662627055,997
2024-09-16 14:13:04.261000,415.4717980888268,1001
2024-09-16 14:13:04.279000,415.49284921760216,1001
2024-09-16 14:13:04.336000,415.52283638482464,11
2024-09-16 14:13:04.341000,415.4652459459016,9
2024-09-16 14:13:04.450000,415.4656643523225,105
2024-09-16 14:13:04.455000,415.4905214362051,14
2024-09-16 14:13:04.509000,415.4950321838149,8
2024-09-16 14:13:04.551000,415.51800091340647,97
2024-09-16 14:13:04.620000,415.4883273331973,102
2024-09-16 14:13:04.630000,415.4907114074107,1002
2024-09-16 14:13:04.663000,415.524184564044,998
2024-09-16 14:13:04.669000,415.4821291452403,6
2024-09-16 14:13:04.683000,415.5283510086737,97
2024-09-16 14:13:04.700000,415.5008382473206,995
2024-09-16 14:13:04.782000,415.4577446785632,14
2024-09-16 14:13:04.796000,415.4829136817848,6
2024-09-16 14:13:04.855000,415.5142241671796,1003
2024-09-16 14:13:04.872000,415.493665701528,997
2024-09-16 14:13:04.908000,415.4872768149164,98
2024-09-16 14:13:04.970000,415.5214130179285,99
2024-09-16 14:13:05.016000,415.4766584200223,103
2024-09-16 14:13:05.051000,415.4806811080966,7
2024-09-16 14:13:05.063000,415.4877067051001,102
2024-09-16 14:13:05.071000,415.4728384794056,97
2024-09-16 14:13:05.084000,415.47713869474,5
2024-09-16 14:13:05.136000,415.5385768131837,98
2024-09-16 14:13:05.136000,415.4722419590567,7
2024-09-16 14:13:05.148000,415.4917200671995,11
2024-09-16 14:13:05.173000,415.46902090528414,9
2024-09-16 14:13:05.174000,415.4899317428279,996
2024-09-16 14:13:05.176000,415.4763696614871,96
2024-09-16 14:13:05.222000,415.4958789577054,15
2024-09-16 14:13:05.225000,415.4664559834072,97
2024-09-16 14:13:05.232000,415.46530695235407,101
2024-09-16 14:13:05.342000,415.4657948451766,996
2024-09-16 14:13:05.441000,415.476895990924,102
2024-09-16 14:13:05.612000,415.4823818394344,98
2024-09-16 14:13:05.625000,415.4625336032127,8
2024-09-16 14:13:05.632000,415.476870693076,999
2024-09-16 14:13:05.641000,415.48518403524207,13
2024-09-16 14:13:05.697000,415.5394874029043,14
2024-09-16 14:13:05.733000,415.50238560177326,15
2024-09-16 14:13:05.736000,415.5329997180908,96
2024-09-16 14:13:05.737000,415.4939093272631,12
2024-09-16 14:13:05.824000,415.502344750051,105
2024-09-16 14:13:05.884000,415.48874701463177,998
2024-09-16 14:13:05.953000,415.4565893703544,996
2024-09-16 14:13:05.966000,415.4890489422031,12
2024-09-16 14:13:05.967000,415.4990511731528,11
2024-09-16 14:13:06.099000,415.5886901204633,7
2024-09-16 14:13:06.104000,415.6506433411697,1003
2024-09-16 14:13:06.183000,415.5909471704885,99
2024-09-16 14:13:06.191000,415.6373333296119,15
2024-09-16 14:13:06.197000,415.6183196170064,996
2024-09-16 14:13:06.220000,415.5770481657258,103
2024-09-16 14:13:06.241000,415.57106285695386,96
2024-09-16 14:13:06.287000,415.62366247734457,95
2024-09-16 14:13:06.341000,415.6360893592134,100
2024-09-16 14:13:06.368000,415.5609329859408,97
2024-09-16 14:13:06.446000,415.6021368348967,105
2024-09-16 14:13:06.460000,415.59703798386175,998
2024-09-16 14:13:06.461000,415.5819286894748,1001
2024-09-16 14:13:06.593000,415.60339013249467,95
2024-09-16 14:13:06.608000,415.5473577835471,9
2024-09-16 14:13:06.735000,415.6032565091386,5
2024-09-16 14:13:06.778000,415.6339179138846,6
2024-09-16 14:13:06.779000,415.54818016031953,95
2024-09-16 14:13:06.829000,415.60630419325,13
2024-09-16 14:13:06.866000,415.5919146124664,95
2024-09-16 14:13:06.894000,415.54888318039633,97
2024-09-16 14:13:06.931000,415.58041946073513,9
2024-09-16 14:13:06.948000,415.6063579959856,11
2024-09-16 14:13:06.981000,415.580709341134,103
2024-09-16 14:13:07.002000,415.5741172628444,11
2024-09-16 14:13:07.016000,415.5583441002193,999
2024-09-16 14:13:07.069000,415.5693766265999,7
2024-09-16 14:13:07.103000,415.5639325431314,9
2024-09-16 14:13:07.103000,415.59270374192056,8
2024-09-16 14:13:07.149000,415.5534687812184,5
2024-09-16 14:13:07.205000,415.5521005728923,1003
2024-09-16 14:13:07.291000,415.587030510902,99
2024-09-16 14:13:07.310000,415.6079440292489,1000
2024-09-16 14:13:07.320000,415.5638198939387,102
2024-09-16 14:13:07.328000,415.5407368687792,11
2024-09-16 14:13:07.453000,415.59202237640017,1001
2024-09-16 14:13:07.500000,415.5779198802461,12
2024-09-16 14:13:07.595000,415.5503076743785,95
2024-09-16 14:13:07.637000,415.5769829362059,998
2024-09-16 14:13:07.639000,415.58775073610246,5
2024-09-16 14:13:07.802000,415.5634011797207,1000
2024-09-16 14:13:07.984000,415.6261532439826,1004
2024-09-16 14:13:08.010000,415.561179427412,999
2024-09-16 14:13:08.131000,415.57519988973314,5
2024-09-16 14:13:08.139000,415.5644316192024,105
2024-09-16 14:13:08.177000,415.5838418160377,999
2024-09-16 14:13:08.233000,415.5334429097575,995
2024-09-16 14:13:08.239000,415.56859883626106,12
2024-09-16 14:13:08.323000,415.5424534606037,1000
2024-09-16 14:13:08.339000,415.5789698160423,999
2024-09-16 14:13:08.384000,415.5499453004802,14
2024-09-16 14:13:08.394000,415.5865850676794,95
2024-09-16 14:13:08.448000,415.563541076558,996
2024-09-16 14:13:08.524000,415.5191497917931,105
2024-09-16 14:13:08.528000,415.5842101330576,99
2024-09-16 14:13:08.540000,415.5829390627338,1002
2024-09-16 14:13:08.584000,415.58549518059766,1004
2024-09-16 14:13:08.629000,415.5582982958068,6
2024-09-16 14:13:08.654000,415.57891070404713,105
2024-09-16 14:13:08.679000,415.5322810679622,1003
2024-09-16 14:13:08.681000,415.5407853057937,1002
2024-09-16 14:13:08.718000,415.5705089944073,995
2024-09-16 14:13:08.725000,415.55155769090015,98
2024-09-16 14:13:08.791000,415.56373713378986,996
2024-09-16 14:13:08.857000,415.5681324154682,1000
2024-09-16 14:13:08.887000,415.5894121836022,1005
2024-09-16 14:13:09.036000,415.5373275264648,95
2024-09-16 14:13:09.058000,415.5634789203176,1001
2024-09-16 14:13:09.084000,415.5460613104684,996
2024-09-16 14:13:09.379000,415.5384476085052,12
2024-09-16 14:13:09.478000,415.55521387975983,102
2024-09-16 14:13:09.526000,415.5792689545207,6
2024-09-16 14:13:09.697000,415.55263477644087,5
2024-09-16 14:13:09.937000,415.54745564866016,15
2024-09-16 14:13:09.945000,415.5973316047405,14
2024-09-16 14:13:10.004000,415.63926342189234,15
2024-09-16 14:13:10.020000,415.647078183232,999
2024-09-16 14:13:10.043000,415.6428554132109,101
2024-09-16 14:13:10.248000,415.6511122411398,95
2024-09-16 14:13:10.251000,415.63316221328375,12
2024-09-16 14:13:10.269000,415.6309411851841,11
2024-09-16 14:13:10.278000,415.6598755894075,97
2024-09-16 14:13:10.373000,415.65501647091855,11
2024-09-16 14:13:10.404000,415.63221286868367,1001
2024-09-16 14:13:10.578000,415.6323101303796,99
2024-09-16 14:13:10.582000,415.618457342896,999
2024-09-16 14:13:10.662000,415.6653871260688,99
2024-09-16 14:13:10.795000,415.65488362833264,1001
2024-09-16 14:13:10.799000,415.6355266411328,101
2024-09-16 14:13:10.848000,415.6194730549833,1004
2024-09-16 14:13:10.913000,415.63768991274594,15
2024-09-16 14:13:10.913000,415.6334893337724,1000
2024-09-16 14:13:10.917000,415.6436197738257,13
2024-09-16 14:13:10.950000,415.62496374620974,1005
2024-09-16 14:13:10.971000,415.6613939124148,99
2024-09-16 14:13:11.093000,415.6856651234617,1001
2024-09-16 14:13:11.260000,415.6781426420762,15
2024-09-16 14:13:11.302000,415.6969986923804,6
2024-09-16 14:13:11.412000,415.67783154415,15
2024-09-16 14:13:11.483000,415.692363655054,99
2024-09-16 14:13:11.489000,415.7210404174895,13
2024-09-16 14:13:11.523000,415.6964620115807,1002
2024-09-16 14:13:11.593000,415.6917869720963,14
2024-09-16 14:13:11.614000,415.690330685102,103
2024-09-16 14:13:11.616000,415.6878149471191,8
2024-09-16 14:13:11.643000,415.69565463808175,1004
2024-09-16 14:13:11.698000,415.6920646324115,995
2024-09-16 14:13:11.718000,415.68743788989553,105
2024-09-16 14:13:11.728000,415.6970366509084,997
2024-09-16 14:13:11.746000,415.7025721313913,5
2024-09-16 14:13:11.812000,415.6842683668829,1003
2024-09-16 14:13:11.858000,415.71177247692935,1000
2024-09-16 14:13:11.912000,415.66871986540247,14
2024-09-16 14:13:11.951000,415.6829729996036,105
2024-09-16 14:13:11.983000,415.68116162363737,105
2024-09-16 14:13:13.160000,415.7016842819072,13
2024-09-16 14:13:13.381000,415.6990246955785,996
2024-09-16 14:13:13.557000,415.68715405666944,998
2024-09-16 14:13:13.681000,415.6805549486808,6
2024-09-16 14:13:14.301000,415.7091702265853,98
2024-09-16 14:13:14.306000,415.723061653479,998
2024-09-16 14:13:14.325000,415.7121072581952,1003
2024-09-16 14:13:14.375000,415.730565612806,1000
2024-09-16 14:13:14.413000,415.676105766136,7
2024-09-16 14:13:14.437000,415.6979382845273,997
2024-09-16 14:13:14.512000,415.7306005985084,1002
2024-09-16 14:13:14.727000,415.7213838182967,6
2024-09-16 14:13:14.769000,415.6861507817554,14
2024-09-16 14:13:14.784000,415.72008897598624,1004
2024-09-16 14:13:14.786000,415.7294994294419,9
2024-09-16 14:13:14.978000,415.70769434510754,14
2024-09-16 14:13:15.128000,415.7774865684591,11
2024-09-16 14:13:15.214000,415.7970708231588,6
2024-09-16 14:13:15.220000,415.7754784600205,9
2024-09-16 14:13:15.241000,415.7835568440965,1005
2024-09-16 14:13:15.266000,415.8039820738696,104
2024-09-16 14:13:15.288000,415.7846227724375,10
2024-09-16 14:13:15.489000,415.7410185056033,6
2024-09-16 14:13:15.519000,415.7811506181605,101
2024-09-16 14:13:15.521000,415.7925301743976,997
2024-09-16 14:13:15.584000,415.7587096570202,998
2024-09-16 14:13:15.611000,415.7305723851943,104
2024-09-16 14:13:15.629000,415.7731262091356,96
2024-09-16 14:13:15.678000,415.8116213313142,998
2024-09-16 14:13:15.767000,415.7380372092315,9
2024-09-16 14:13:15.841000,415.8198823070527,103
2024-09-16 14:13:15.903000,415.73650102726685,9
2024-09-16 14:13:15.947000,415.73006900855904,1001
2024-09-16 14:13:15.958000,415.73564534675495,98
2024-09-16 14:13:15.983000,415.7675652500998,11
2024-09-16 14:13:15.995000,415.8187023335557,11
2024-09-16 14:13:16.116000,415.8314284082757,96
2024-09-16 14:13:16.187000,415.871013416244,96
2024-09-16 14:13:16.216000,415.86718138459776,101
2024-09-16 14:13:16.411000,415.8614488457995,103
2024-09-16 14:13:16.476000,415.8456860471125,1005
2024-09-16 14:13:16.476000,415.88069123434366,12
2024-09-16 14:13:16.481000,415.82755971793455,104
2024-09-16 14:13:16.492000,415.8605148562641,103
2024-09-16 14:13:16.500000,415.8548273507805,12
2024-09-16 14:13:16.545000,415.8086895183552,1000
2024-09-16 14:13:16.787000,415.81428543733705,1002
2024-09-16 14:13:16.882000,415.8655580355157,102
2024-09-16 14:13:16.975000,415.8660322446604,96
2024-09-16 14:13:17.035000,415.8016480857112,105
2024-09-16 14:13:17.246000,415.7955534985917,103
2024-09-16 14:13:17.384000,415.7914192412067,7
2024-09-16 14:13:17.469000,415.8375536585424,15
2024-09-16 14:13:17.522000,415.8008366251749,98
2024-09-16 14:13:17.657000,415.79728887855066,8
2024-09-16 14:13:17.681000,415.8006624218797,101
2024-09-16 14:13:17.911000,415.7825324666298,95
2024-09-16 14:13:18.015000,415.8334430374283,103
2024-09-16 14:13:18.070000,415.8100395077332,999
2024-09-16 14:13:18.077000,415.7853253183497,6
2024-09-16 14:13:18.096000,415.8074433062836,997
2024-09-16 14:13:18.124000,415.8412077238806,99
2024-09-16 14:13:18.161000,415.8043695659272,95
2024-09-16 14:13:18.173000,415.81887223911264,97
2024-09-16 14:13:18.214000,415.7608483370853,103
2024-09-16 14:13:18.268000,415.8098120752781,998
2024-09-16 14:13:18.428000,415.80087111256194,100
2024-09-16 14:13:18.514000,415.78654649412766,1001
2024-09-16 14:13:18.674000,415.8424726712608,15
2024-09-16 14:13:18.693000,415.79247623035576,8
2024-09-16 14:13:18.754000,415.8251699143453,1004
2024-09-16 14:13:18.851000,415.813611642111,97
2024-09-16 14:13:18.984000,415.8153537383387,103
2024-09-16 14:13:19.014000,415.7689013053384,102
2024-09-16 14:13:19.073000,415.783778300637,10
2024-09-16 14:13:19.291000,415.7626227302338,103
2024-09-16 14:13:19.389000,415.76788899838846,8
2024-09-16 14:13:19.405000,415.7585796574432,102
2024-09-16 14:13:19.436000,415.767929784408,13
2024-09-16 14:13:19.504000,415.7920295523737,105
2024-09-16 14:13:19.505000,415.79772183250384,102
2024-09-16 14:13:19.553000,415.7781293116279,97
2024-09-16 14:13:19.593000,415.78334889706855,104
2024-09-16 14:13:19.715000,415.7858070455715,96
2024-09-16 14:13:19.879000,415.7686572239729,15
2024-09-16 14:13:19.883000,415.8013511680047,95
2024-09-16 14:13:19.891000,415.8093573552114,98
2024-09-16 14:13:20.024000,415.82738332787375,9
2024-09-16 14:13:20.155000,415.82020118993904,1002
2024-09-16 14:13:20.300000,415.7898042539381,1005
2024-09-16 14:13:20.343000,415.8225460842161,13
2024-09-16 14:13:20.478000,415.8166625380928,13
2024-09-16 14:13:20.494000,415.81341933372977,14
2024-09-16 14:13:20.509000,415.809420279119,998
2024-09-16 14:13:20.574000,415.80860657770745,1002
2024-09-16 14:13:20.685000,415.774220907693,96
2024-09-16 14:13:20.694000,415.819818434809,102
2024-09-16 14:13:20.712000,415.8220714005214,99
2024-09-16 14:13:20.767000,415.8256093937985,10
2024-09-16 14:13:20.782000,415.7614203635448,102
2024-09-16 14:13:20.787000,415.8311695342013,104
2024-09-16 14:13:20.797000,415.8047089704472,95
2024-09-16 14:13:20.805000,415.80725610666224,999
2024-09-16 14:13:20.821000,415.8232337901503,999
2024-09-16 14:13:20.914000,415.8086704535369,98
2024-09-16 14:13:20.935000,415.8210533945993,99
2024-09-16 14:13:20.940000,415.7935122161992,1001
2024-09-16 14:13:21.009000,415.7283141202422,998
2024-09-16 14:13:21.020000,415.7597760236048,999
2024-09-16 14:13:21.074000,415.7648849257697,96
2024-09-16 14:13:21.149000,415.7687661065657,5
2024-09-16 14:13:21.163000,415.76454142059873,1003
2024-09-16 14:13:21.278000,415.7386632806581,999
2024-09-16 14:13:21.284000,415.77376820934137,10
2024-09-16 14:13:21.301000,415.8000513771813,15
2024-09-16 14:13:21.333000,415.7460572141643,1003
2024-09-16 14:13:21.357000,415.8008457101999,98
2024-09-16 14:13:21.407000,415.73118438313776,1000
2024-09-16 14:13:21.417000,415.7588036981068,1001
2024-09-16 14:13:21.432000,415.7961137363231,10
2024-09-16 14:13:21.436000,415.7918099342304,6
2024-09-16 14:13:21.437000,415.7832953026066,996
2024-09-16 14:13:21.451000,415.7750857159749,997
2024-09-16 14:13:21.480000,415.7657211970755,997
2024-09-16 14:13:21.489000,415.7494067250958,1004
2024-09-16 14:13:21.552000,415.7938296955116,997
2024-09-16 14:13:21.586000,415.756837418873,13
2024-09-16 14:13:21.620000,415.8073073718007,996
2024-09-16 14:13:21.745000,415.750151207424,97
2024-09-16 14:13:21.800000,415.76438566158527,1001
2024-09-16 14:13:21.806000,415.7829543472353,1005
2024-09-16 14:13:21.859000,415.75455900400414,95
2024-09-16 14:13:21.995000,415.7759124902543,95
2024-09-16 14:13:21.997000,415.7841248635728,1003
2024-09-16 14:13:22.003000,415.7110522009156,11
2024-09-16 14:13:22.100000,415.70301242757904,995
2024-09-16 14:13:22.117000,415.7139641354416,11
2024-09-16 14:13:22.432000,415.7081526712141,997
2024-09-16 14:13:22.885000,415.71823971101406,99
2024-09-16 14:13:22.974000,415.7265797300309,997
2024-09-16 14:13:23.049000,415.7156467397552,12
2024-09-16 14:13:23.056000,415.7211633140707,1000
2024-09-16 14:13:23.068000,415.6871909830764,996
2024-09-16 14:13:23.134000,415.7313958906444,14
2024-09-16 14:13:23.215000,415.6887953894596,98
2024-09-16 14:13:23.222000,415.7027187639102,10
2024-09-16 14:13:23.247000,415.6787902503648,5
2024-09-16 14:13:23.288000,415.6950757742748,96
2024-09-16 14:13:23.361000,415.688544092764,1001
2024-09-16 14:13:23.427000,415.6948987531021,97
2024-09-16 14:13:23.453000,415.7275908760014,102
2024-09-16 14:13:23.526000,415.7150297184822,13
2024-09-16 14:13:23.557000,415.7053010168326,1004
2024-09-16 14:13:23.612000,415.7326220161627,7
2024-09-16 14:13:23.617000,415.6735362097105,99
2024-09-16 14:13:23.680000,415.73600432918687,9
2024-09-16 14:13:23.691000,415.68968581572005,97
2024-09-16 14:13:23.716000,415.7292284622317,996
2024-09-16 14:13:23.755000,415.69774336574335,1002
2024-09-16 14:13:23.758000,415.701811215399,1000
2024-09-16 14:13:23.765000,415.72065230424647,98
2024-09-16 14:13:23.790000,415.7347382775136,8
2024-09-16 14:13:23.852000,415.6933008445181,1002
2024-09-16 14:13:23.912000,415.7288082569023,8
2024-09-16 14:13:24.017000,415.6696957991636,101
2024-09-16 14:13:24.197000,415.6952135633634,99
2024-09-16 14:13:24.215000,415.7105835349839,999
2024-09-16 14:13:24.289000,415.7351704635445,5
2024-09-16 14:13:24.297000,415.7145930080888,97
2024-09-16 14:13:24.336000,415.6824161269854,100
2024-09-16 14:13:24.357000,415.6749554975661,11
2024-09-16 14:13:24.358000,415.6778509248184,7
2024-09-16 14:13:24.366000,415.68087403513374,1002
2024-09-16 14:13:24.387000,415.67369280729565,1004
2024-09-16 14:13:24.415000,415.6762425962664,102
2024-09-16 14:13:24.426000,415.7109648676928,96
2024-09-16 14:13:24.451000,415.7327428408086,999
2024-09-16 14:13:24.536000,415.684111972191,98
2024-09-16 14:13:24.567000,415.6813352566372,105
2024-09-16 14:13:24.569000,415.6683973739115,7
2024-09-16 14:13:24.585000,415.6692076024143,102
2024-09-16 14:13:24.645000,415.7098339429768,10
2024-09-16 14:13:24.701000,415.7228230933353,10
2024-09-16 14:13:24.713000,415.7049614021578,1000
2024-09-16 14:13:24.772000,415.67840829163697,9
2024-09-16 14:13:25.007000,415.6600821277426,8
2024-09-16 14:13:25.016000,415.6529857136552,996
2024-09-16 14:13:25.068000,415.6202217712692,98
2024-09-16 14:13:25.138000,415.6707922341493,96
2024-09-16 14:13:25.150000,415.6701416182424,101
2024-09-16 14:13:25.310000,415.6620195865392,103
2024-09-16 14:13:25.363000,415.6490667602184,10
2024-09-16 14:13:25.377000,415.6968838473812,98
2024-09-16 14:13:25.494000,415.672466120235,95
2024-09-16 14:13:25.533000,415.70449766396575,96
2024-09-16 14:13:25.600000,415.6438563338431,99
2024-09-16 14:13:25.607000,415.6635076429648,1002
2024-09-16 14:13:25.610000,415.6662471704878,997
2024-09-16 14:13:25.632000,415.6851914237317,999
2024-09-16 14:13:25.657000,415.65793408712057,101
2024-09-16 14:13:25.662000,415.66421421332967,1002
2024-09-16 14:13:25.672000,415.6361227731084,96
2024-09-16 14:13:25.735000,415.61907837338833,99
2024-09-16 14:13:25.740000,415.66007597028687,14
2024-09-16 14:13:25.891000,415.64902144078434,13
2024-09-16 14:13:25.985000,415.63839906595473,13
2024-09-16 14:13:26.192000,415.5965955192112,6
2024-09-16 14:13:26.230000,415.627947170078,103
2024-09-16 14:13:26.272000,415.6051155556681,10
2024-09-16 14:13:26.384000,415.61972412127466,102
2024-09-16 14:13:26.387000,415.6334518757989,997
2024-09-16 14:13:26.403000,415.62811730153953,7
2024-09-16 14:13:26.403000,415.6400706681016,12
2024-09-16 14:13:26.517000,415.6365665129367,1001
2024-09-16 14:13:26.531000,415.61762429630994,105
2024-09-16 14:13:26.728000,415.6226947444652,104
2024-09-16 14:13:26.855000,415.6204199626318,10
2024-09-16 14:13:27.089000,415.6247658640503,1004
2024-09-16 14:13:27.160000,415.5810337415072,12
2024-09-16 14:13:27.193000,415.64192004899695,103
2024-09-16 14:13:27.300000,415.6440432952664,7
2024-09-16 14:13:27.308000,415.6129801061922,1000
2024-09-16 14:13:27.386000,415.6024242218713,98
2024-09-16 14:13:27.415000,415.5959095124396,103
2024-09-16 14:13:27.422000,415.5829709174954,7
2024-09-16 14:13:27.468000,415.6199764433188,9
2024-09-16 14:13:27.501000,415.5744462430368,1002
2024-09-16 14:13:27.521000,415.6379775013826,11
2024-09-16 14:13:27.596000,415.6243223408193,10
2024-09-16 14:13:27.629000,415.62873799814815,12
2024-09-16 14:13:27.679000,415.5926728019709,995
2024-09-16 14:13:27.716000,415.5926789162244,11
2024-09-16 14:13:27.737000,415.6222449735972,95
2024-09-16 14:13:27.801000,415.613230310897,97
2024-09-16 14:13:27.924000,415.5917903122324,1003
2024-09-16 14:13:27.958000,415.6114986554678,7
2024-09-16 14:13:27.959000,415.58914468973416,7
2024-09-16 14:13:27.972000,415.6110413306911,1002
2024-09-16 14:13:28.077000,415.6433708493469,996
2024-09-16 14:13:28.122000,415.6337660733975,10
2024-09-16 14:13:28.580000,415.6340958964244,8
2024-09-16 14:13:28.629000,415.6435620848962,9
2024-09-16 14:13:28.720000,415.6532620920266,102
2024-09-16 14:13:29.098000,415.6743992467948,1000
2024-09-16 14:13:29.109000,415.6564838556713,13
2024-09-16 14:13:29.129000,415.6925427247989,102
2024-09-16 14:13:29.222000,415.7112162037412,1000
2024-09-16 14:13:29.264000,415.6651413199967,14
2024-09-16 14:13:29.276000,415.6831857460173,14
2024-09-16 14:13:29.301000,415.6560561130464,998
2024-09-16 14:13:29.333000,415.69309936005885,5
2024-09-16 14:13:29.339000,415.7184077122503,999
2024-09-16 14:13:29.396000,415.6758422729481,1005
2024-09-16 14:13:29.427000,415.6930240525661,97
2024-09-16 14:13:29.488000,415.6727015306844,8
2024-09-16 14:13:29.525000,415.7084088264056,12
2024-09-16 14:13:29.534000,415.676528256298,13
2024-09-16 14:13:29.551000,415.7136552227691,995
2024-09-16 14:13:29.592000,415.68007221044087,8
2024-09-16 14:13:29.740000,415.7219978385113,8
2024-09-16 14:13:29.778000,415.6807044477334,99
2024-09-16 14:13:29.876000,415.6813745009299,8
2024-09-16 14:13:29.999000,415.6547305182288,7
2024-09-16 14:13:30.048000,415.73480785851314,10
2024-09-16 14:13:30.135000,415.6937095378848,99
2024-09-16 14:13:30.196000,415.70673774386415,96
2024-09-16 14:13:30.219000,415.7253137031671,97
2024-09-16 14:13:30.256000,415.6731024572399,100
2024-09-16 14:13:30.350000,415.7462373642183,15
2024-09-16 14:13:30.352000,415.7563850125936,14
2024-09-16 14:13:30.403000,415.6711867841661,9
2024-09-16 14:13:30.514000,415.709584377202,14
2024-09-16 14:13:30.572000,415.73833327564455,1000
2024-09-16 14:13:30.580000,415.72602482460064,13
2024-09-16 14:13:30.705000,415.7154193626183,14
2024-09-16 14:13:30.744000,415.72316398081455,1002
2024-09-16 14:13:30.834000,415.7110729077252,98
2024-09-16 14:13:30.882000,415.7185962136128,997
2024-09-16 14:13:31.056000,415.73476910591,15
2024-09-16 14:13:31.177000,415.7293660705875,1003
2024-09-16 14:13:31.267000,415.7271766195499,11
2024-09-16 14:13:31.318000,415.73835777882056,103
2024-09-16 14:13:31.350000,415.71828793865313,100
2024-09-16 14:13:31.371000,415.71729496520425,9
2024-09-16 14:13:31.437000,415.7454565995045,100
2024-09-16 14:13:31.443000,415.7266361805235,15
2024-09-16 14:13:31.453000,415.7004023687275,97
2024-09-16 14:13:31.475000,415.69450170393714,100
2024-09-16 14:13:31.494000,415.7190473706008,98
2024-09-16 14:13:31.497000,415.708936728015,95
2024-09-16 14:13:31.567000,415.7374801719535,998
2024-09-16 14:13:31.636000,415.7025148918119,11
2024-09-16 14:13:31.659000,415.7115470773292,9
2024-09-16 14:13:31.745000,415.71734916450754,104
2024-09-16 14:13:31.767000,415.7365192562162,995
2024-09-16 14:13:31.772000,415.7334068148528,11
2024-09-16 14:13:31.842000,415.7316258825477,998
2024-09-16 14:13:31.849000,415.71798969512247,995
2024-09-16 14:13:31.849000,415.6920693195028,998
2024-09-16 14:13:31.954000,415.7299991256576,10
2024-09-16 14:13:31.993000,415.6980630945557,99
2024-09-16 14:13:31.998000,415.7262265392356,999
2024-09-16 14:13:32.351000,415.6804260473152,100
2024-09-16 14:13:32.488000,415.6796685776728,97
2024-09-16 14:13:32.781000,415.67493535891776,1001
2024-09-16 14:13:32.998000,415.68472925565305,8
2024-09-16 14:13:33.031000,415.6453646922929,95
2024-09-16 14:13:33.052000,415.6582122219264,103
2024-09-16 14:13:33.124000,415.6479313516759,100
2024-09-16 14:13:33.140000,415.6498277028074,1000
2024-09-16 14:13:33.197000,415.644832992237,999
2024-09-16 14:13:33.213000,415.65721037478886,96
2024-09-16 14:13:33.701000,415.6411467442453,98
2024-09-16 14:13:33.929000,415.6671692275344,995
2024-09-16 14:13:34.081000,415.6672822870905,97
2024-09-16 14:13:34.135000,415.7181401112891,1003
2024-09-16 14:13:34.188000,415.64532042169225,997
2024-09-16 14:13:34.224000,415.6506959143746,996
2024-09-16 14:13:34.243000,415.668886541637,102
2024-09-16 14:13:34.253000,415.6996225285503,1001
2024-09-16 14:13:34.256000,415.6453948040093,8
2024-09-16 14:13:34.371000,415.6699569032854,100
2024-09-16 14:13:34.502000,415.7235238165503,995
2024-09-16 14:13:34.539000,415.6323864684275,5
2024-09-16 14:13:34.745000,415.6588164044487,15
2024-09-16 14:13:34.932000,415.6497682130329,98
2024-09-16 14:13:35.045000,415.7511621789407,101
2024-09-16 14:13:35.129000,415.74659481584905,96
2024-09-16 14:13:35.150000,415.7303137738349,104
2024-09-16 14:13:35.187000,415.73013742901776,9
2024-09-16 14:13:35.261000,415.7309902046777,14
2024-09-16 14:13:35.660000,415.75535691386585,8
2024-09-16 14:13:35.818000,415.7065998822965,9
2024-09-16 14:13:36.072000,415.7717822574936,15
2024-09-16 14:13:36.117000,415.7624784932357,11
2024-09-16 14:13:36.193000,415.7681979634081,95
2024-09-16 14:13:36.218000,415.78112273171735,9
2024-09-16 14:13:36.270000,415.76771244627616,12
2024-09-16 14:13:36.406000,415.7670775143779,8
2024-09-16 14:13:36.558000,415.77893768670407,1000
2024-09-16 14:13:36.608000,415.7660138820647,14
2024-09-16 14:13:36.666000,415.7428268516626,14
2024-09-16 14:13:36.734000,415.7798599560781,103
2024-09-16 14:13:36.747000,415.7940616203063,1000
2024-09-16 14:13:36.924000,415.78833720917305,105
2024-09-16 14:13:37.035000,415.8086014834634,1004
2024-09-16 14:13:37.056000,415.8369382743134,101
2024-09-16 14:13:37.081000,415.8218518257814,15
2024-09-16 14:13:37.122000,415.8283085053209,6
2024-09-16 14:13:37.147000,415.82959699834527,99
2024-09-16 14:13:37.151000,415.83322399509245,15
2024-09-16 14:13:37.184000,415.7994332144521,7
2024-09-16 14:13:37.252000,415.8356673223242,98
2024-09-16 14:13:37.703000,415.81280582745103,996
2024-09-16 14:13:37.823000,415.8182986346162,8
2024-09-16 14:13:37.840000,415.8221332841008,5
2024-09-16 14:13:38.004000,415.8422734257915,997
2024-09-16 14:13:38.092000,415.84901656066967,97
2024-09-16 14:13:38.183000,415.8388885692233,8
2024-09-16 14:13:38.189000,415.8699119149891,995
2024-09-16 14:13:38.208000,415.83878446067314,12
2024-09-16 14:13:38.286000,415.868449728581,999
2024-09-16 14:13:38.334000,415.8350386347615,96
2024-09-16 14:13:38.407000,415.8511151197041,1000
2024-09-16 14:13:38.411000,415.8623860971751,14
2024-09-16 14:13:38.438000,415.8621801379954,15
2024-09-16 14:13:38.458000,415.8517994356435,998
2024-09-16 14:13:38.464000,415.83932410234667,8
2024-09-16 14:13:38.564000,415.8606772355925,14
2024-09-16 14:13:38.569000,415.8666349133586,1003
2024-09-16 14:13:38.585000,415.857917684871,12
2024-09-16 14:13:38.591000,415.8348659515975,995
2024-09-16 14:13:38.599000,415.8451435966031,13
2024-09-16 14:13:38.627000,415.8787566838545,14
2024-09-16 14:13:38.654000,415.8607555476368,15
2024-09-16 14:13:38.684000,415.84965678248346,1005
2024-09-16 14:13:38.684000,415.8330902407561,96
2024-09-16 14:13:38.740000,415.8442922393312,996
2024-09-16 14:13:38.807000,415.8771824503463,1000
2024-09-16 14:13:38.817000,415.8237778138638,1004
2024-09-16 14:13:38.864000,415.85049968320914,998
2024-09-16 14:13:38.929000,415.85519561556384,10
2024-09-16 14:13:38.935000,415.8499006382139,1001
2024-09-16 14:13:38.937000,415.8579457443167,98
2024-09-16 14:13:38.946000,415.8486188470311,997
2024-09-16 14:13:39.042000,415.8136040488977,15
2024-09-16 14:13:39.062000,415.8349248533504,1005
2024-09-16 14:13:39.083000,415.85067312821553,997
2024-09-16 14:13:39.114000,415.8444818606542,104
2024-09-16 14:13:39.343000,415.8406228736813,8
2024-09-16 14:13:39.443000,415.7836273954647,11
2024-09-16 14:13:39.539000,415.8622782765413,99
2024-09-16 14:13:39.563000,415.8429647773393,999
2024-09-16 14:13:39.817000,415.8666698379632,102
2024-09-16 14:13:40.037000,415.7967774951698,7
2024-09-16 14:13:40.051000,415.7910271486135,6
2024-09-16 14:13:40.058000,415.8157589361082,98
2024-09-16 14:13:40.080000,415.8495822741921,6
2024-09-16 14:13:40.133000,415.7733463922821,12
2024-09-16 14:13:40.145000,415.81355430729405,13
2024-09-16 14:13:40.146000,415.76911124837295,12
2024-09-16 14:13:40.184000,415.7670680630427,100
2024-09-16 14:13:40.231000,415.78236386426096,103
2024-09-16 14:13:40.236000,415.7858193556573,15
2024-09-16 14:13:40.243000,415.8194918447433,998
2024-09-16 14:13:40.259000,415.7897681770386,5
2024-09-16 14:13:40.318000,415.8402633634748,105
2024-09-16 14:13:40.388000,415.79108507169576,13
2024-09-16 14:13:40.538000,415.79631351042974,11
2024-09-16 14:13:40.542000,415.7710853771866,1003
2024-09-16 14:13:40.604000,415.82327042971167,98
2024-09-16 14:13:40.616000,415.8235213346457,1005
2024-09-16 14:13:40.617000,415.840096067057,102
2024-09-16 14:13:40.641000,415.76190048973217,7
2024-09-16 14:13:40.660000,415.7776259411162,1002
2024-09-16 14:13:40.827000,415.7864283189236,99
2024-09-16 14:13:40.849000,415.8141246290227,96
2024-09-16 14:13:40.916000,415.7689821573582,10
2024-09-16 14:13:40.954000,415.7986186827674,1003
2024-09-16 14:13:40.963000,415.76455954225406,101
2024-09-16 14:13:40.982000,415.7786752808564,12
2024-09-16 14:13:40.983000,415.7824581892212,1005
2024-09-16 14:13:40.998000,415.8454346709925,996
2024-09-16 14:13:41.047000,415.831492059387,9
2024-09-16 14:13:41.134000,415.8194996306683,998
2024-09-16 14:13:41.137000,415.829326314772,104
2024-09-16 14:13:41.160000,415.8305418793794,101
2024-09-16 14:13:41.268000,415.83137489051546,14
2024-09-16 14:13:41.284000,415.8246026378014,8
2024-09-16 14:13:41.348000,415.8180562062821,10
2024-09-16 14:13:41.356000,415.8180094596461,999
2024-09-16 14:13:41.532000,415.8400756302637,104
2024-09-16 14:13:41.554000,415.8378056359838,7
2024-09-16 14:13:41.580000,415.83207316348654,1001
2024-09-16 14:13:41.582000,415.8431352740657,14
2024-09-16 14:13:41.597000,415.8266721894446,15
2024-09-16 14:13:41.640000,415.830700574456,97
2024-09-16 14:13:41.684000,415.8294836587059,96
2024-09-16 14:13:41.756000,415.8222874327205,105
2024-09-16 14:13:41.770000,415.83256682344165,1001
2024-09-16 14:13:41.829000,415.8183521432312,103
2024-09-16 14:13:41.921000,415.819320529072,5
2024-09-16 14:13:42.001000,415.7878594865395,1002
2024-09-16 14:13:42.167000,415.81594320148304,995
2024-09-16 14:13:42.208000,415.8131759208539,103
2024-09-16 14:13:42.294000,415.7799432541735,15
2024-09-16 14:13:42.296000,415.8421163097603,100
2024-09-16 14:13:42.339000,415.8377163797282,1004
2024-09-16 14:13:42.349000,415.780959460804,100
2024-09-16 14:13:42.367000,415.8063764421429,13
2024-09-16 14:13:42.375000,415.8219807055598,15
2024-09-16 14:13:42.381000,415.8325579106418,1001
2024-09-16 14:13:42.396000,415.8069304057409,6
2024-09-16 14:13:42.553000,415.79604968087,999
2024-09-16 14:13:42.683000,415.812632917269,1004
2024-09-16 14:13:42.696000,415.81237445580143,102
2024-09-16 14:13:42.865000,415.8521754807567,1000
2024-09-16 14:13:42.876000,415.8024797267428,9
2024-09-16 14:13:42.904000,415.80106983627127,996
2024-09-16 14:13:42.966000,415.7903180928018,99
2024-09-16 14:13:43.055000,415.80651179993134,7
2024-09-16 14:13:43.097000,415.8046444081661,7
2024-09-16 14:13:43.100000,415.8561520475854,14
2024-09-16 14:13:43.147000,415.803487417222,996
2024-09-16 14:13:43.163000,415.8618876079677,6
2024-09-16 14:13:43.196000,415.8488396351137,6
2024-09-16 14:13:43.217000,415.8795190418007,103
2024-09-16 14:13:43.231000,415.87043168673137,15
2024-09-16 14:13:43.306000,415.86948551121526,1004
2024-09-16 14:13:43.318000,415.8593787819379,1003
2024-09-16 14:13:43.336000,415.8272288789833,103
2024-09-16 14:13:43.386000,415.7946377942813,1005
2024-09-16 14:13:43.473000,415.80441466476185,104
2024-09-16 14:13:43.492000,415.7956806223936,14
2024-09-16 14:13:43.496000,415.7993995742227,5
2024-09-16 14:13:43.505000,415.88276516948247,99
2024-09-16 14:13:43.611000,415.7789240704772,1004
2024-09-16 14:13:43.751000,415.77771537536967,14
2024-09-16 14:13:43.818000,415.7964462101436,96
2024-09-16 14:13:43.869000,415.8439749333237,99
2024-09-16 14:13:43.917000,415.8026361474009,99
2024-09-16 14:13:43.944000,415.8807797029991,1001
2024-09-16 14:13:44.039000,415.8385831008391,11
2024-09-16 14:13:44.092000,415.8992068724236,997
2024-09-16 14:13:44.161000,415.7760126680796,1005
2024-09-16 14:13:44.165000,415.884115526578,1000
2024-09-16 14:13:44.168000,415.8366150361683,105
2024-09-16 14:13:44.178000,415.86053643655214,12
2024-09-16 14:13:44.217000,415.82452663832527,996
2024-09-16 14:13:44.218000,415.8281479309965,7
2024-09-16 14:13:44.251000,415.8704024805128,1004
2024-09-16 14:13:44.342000,415.8828538115383,995
2024-09-16 14:13:44.399000,415.822227430792,8
2024-09-16 14:13:44.425000,415.8977579732448,997
2024-09-16 14:13:44.442000,415.83356842977423,104
2024-09-16 14:13:44.443000,415.884318208559,96
2024-09-16 14:13:44.638000,415.8359007394866,9
2024-09-16 14:13:44.652000,415.85625430947937,8
2024-09-16 14:13:44.734000,415.8233852330399,998
2024-09-16 14:13:44.861000,415.8234536487301,7
2024-09-16 14:13:44.922000,415.8123022116848,998
2024-09-16 14:13:44.977000,415.8125585848828,995
2024-09-16 14:13:45.150000,415.80770470315946,1000
2024-09-16 14:13:45.162000,415.8014599028294,97
2024-09-16 14:13:45.248000,415.78978381399446,98
2024-09-16 14:13:45.268000,415.80208372220176,100
2024-09-16 14:13:45.370000,415.8015767766898,9
2024-09-16 14:13:45.417000,415.7969370205756,997
2024-09-16 14:13:45.454000,415.7985026907438,1000
2024-09-16 14:13:45.520000,415.8150562132207,11
2024-09-16 14:13:45.790000,415.8097582403789,999
2024-09-16 14:13:45.929000,415.8113374584093,6
2024-09-16 14:13:45.931000,415.7870825697305,100
2024-09-16 14:13:45.940000,415.801902438158,11
2024-09-16 14:13:46.001000,415.7662893099792,13
2024-09-16 14:13:46.032000,415.7764941198951,1001
2024-09-16 14:13:46.138000,415.7959432685231,997
2024-09-16 14:13:46.172000,415.8159045009631,101
2024-09-16 14:13:46.174000,415.798373577817,101
2024-09-16 14:13:46.314000,415.8198365192684,998
2024-09-16 14:13:46.373000,415.7894340147475,7
2024-09-16 14:13:46.383000,415.8223747756692,996
2024-09-16 14:13:46.395000,415.7721262253826,102
2024-09-16 14:13:46.406000,415.8235435031952,7
2024-09-16 14:13:46.430000,415.8038312008881,12
2024-09-16 14:13:46.519000,415.799242648553,1000
2024-09-16 14:13:46.546000,415.7783468415591,1005
2024-09-16 14:13:46.561000,415.7533641440944,95
2024-09-16 14:13:46.604000,415.8357293295351,6
2024-09-16 14:13:46.650000,415.8000728505463,997
2024-09-16 14:13:46.682000,415.81766593422617,100
2024-09-16 14:13:46.723000,415.7682045012029,103
2024-09-16 14:13:46.759000,415.787528058254,998
2024-09-16 14:13:46.790000,415.7682024135949,99
2024-09-16 14:13:46.802000,415.822466074779,7
2024-09-16 14:13:46.806000,415.805005610909,96
2024-09-16 14:13:46.922000,415.8037257045629,997
2024-09-16 14:13:46.960000,415.81252173072494,7
2024-09-16 14:13:46.964000,415.8247329478109,999
2024-09-16 14:13:46.971000,415.82329052435495,1002
2024-09-16 14:13:46.981000,415.761140487816,1000
2024-09-16 14:13:47.017000,415.7527603600403,1000
2024-09-16 14:13:47.022000,415.7947943245685,10
2024-09-16 14:13:47.110000,415.7199000929141,995
2024-09-16 14:13:47.139000,415.8023870697292,105
2024-09-16 14:13:47.189000,415.7407764958477,9
2024-09-16 14:13:47.255000,415.74076465542,96
2024-09-16 14:13:47.304000,415.7891108369563,12
2024-09-16 14:13:47.379000,415.7177935240832,96
2024-09-16 14:13:47.464000,415.7538752240872,101
2024-09-16 14:13:47.572000,415.7324586646206,998
2024-09-16 14:13:47.779000,415.8044001973885,98
2024-09-16 14:13:47.786000,415.7304842385844,995
2024-09-16 14:13:47.826000,415.7659076142695,102
2024-09-16 14:13:47.828000,415.7710818350192,1002
2024-09-16 14:13:47.840000,415.723702224174,13
2024-09-16 14:13:47.844000,415.75767479596607,995
2024-09-16 14:13:47.931000,415.72242750674405,13
2024-09-16 14:13:47.997000,415.7668453928715,1001
2024-09-16 14:13:48.115000,415.7732819124646,9
2024-09-16 14:13:48.197000,415.7593506920748,8
2024-09-16 14:13:48.295000,415.7540620720212,1000
2024-09-16 14:13:48.368000,415.7662306078656,7
2024-09-16 14:13:48.405000,415.76423449305497,10
2024-09-16 14:13:48.575000,415.7710571672054,1003
2024-09-16 14:13:48.613000,415.7680258131186,11
2024-09-16 14:13:48.726000,415.7500264230296,9
2024-09-16 14:13:48.750000,415.7510133418819,1001
2024-09-16 14:13:48.760000,415.7711925317043,999
2024-09-16 14:13:48.765000,415.7696742033616,104
2024-09-16 14:13:48.787000,415.77765386552426,1000
2024-09-16 14:13:48.929000,415.7261720122935,98
2024-09-16 14:13:49.266000,415.7584433246651,1001
2024-09-16 14:13:49.296000,415.7535519582222,104
2024-09-16 14:13:49.512000,415.7497341479603,996
2024-09-16 14:13:49.572000,415.7348655466621,97
2024-09-16 14:13:49.944000,415.7481974307445,1000
2024-09-16 14:13:49.958000,415.7684482230394,15
2024-09-16 14:13:50.056000,415.7404959976183,6
2024-09-16 14:13:50.066000,415.7626106226426,101
2024-09-16 14:13:50.076000,415.7480279942386,100
2024-09-16 14:13:50.111000,415.77949640203167,6
2024-09-16 14:13:50.133000,415.7651157191351,14
2024-09-16 14:13:50.190000,415.7614185180787,8
2024-09-16 14:13:50.203000,415.7826421542347,95
2024-09-16 14:13:50.222000,415.728324597836,13
2024-09-16 14:13:50.317000,415.77791080640543,14
2024-09-16 14:13:50.369000,415.7268022301701,8
2024-09-16 14:13:50.477000,415.7560368243497,1005
2024-09-16 14:13:50.498000,415.7675958115395,6
2024-09-16 14:13:50.502000,415.7620981583002,11
2024-09-16 14:13:50.530000,415.7572963289012,14
2024-09-16 14:13:50.626000,415.7564106993438,11
2024-09-16 14:13:50.633000,415.75931734833904,15
2024-09-16 14:13:50.670000,415.7502831068894,97
2024-09-16 14:13:50.721000,415.754975753056,5
2024-09-16 14:13:50.764000,415.76461941414135,10
2024-09-16 14:13:50.895000,415.777040325076,12
2024-09-16 14:13:50.922000,415.73249285585376,102
2024-09-16 14:13:51.059000,415.7505616771895,997
2024-09-16 14:13:51.072000,415.73761071976816,1005
2024-09-16 14:13:51.093000,415.7145624419744,8
2024-09-16 14:13:51.135000,415.7422536166376,8
2024-09-16 14:13:51.156000,415.7418536698612,995
2024-09-16 14:13:51.216000,415.7446777059597,15
2024-09-16 14:13:51.264000,415.6754574950454,15
2024-09-16 14:13:51.313000,415.7140824222114,12
2024-09-16 14:13:51.336000,415.7093660089556,10
2024-09-16 14:13:51.436000,415.7283862400901,999
2024-09-16 14:13:51.460000,415.7552320054272,9
2024-09-16 14:13:51.523000,415.7372954430284,10
2024-09-16 14:13:51.528000,415.7018434104563,9
2024-09-16 14:13:51.583000,415.673038392354,997
2024-09-16 14:13:51.604000,415.7003077345302,101
2024-09-16 14:13:51.609000,415.7562116581679,101
2024-09-16 14:13:51.622000,415.7308942079018,7
2024-09-16 14:13:51.680000,415.6895720510268,12
2024-09-16 14:13:51.916000,415.73241063231205,1001
2024-09-16 14:13:51.941000,415.74782681411926,13
2024-09-16 14:13:52.025000,415.6948375292259,104
2024-09-16 14:13:52.069000,415.6688769600566,995
2024-09-16 14:13:52.117000,415.67539462751097,105
2024-09-16 14:13:52.250000,415.6792464420522,996
2024-09-16 14:13:52.257000,415.6681957747042,997
2024-09-16 14:13:52.420000,415.6951837819093,98
2024-09-16 14:13:52.761000,415.6760684383562,105
2024-09-16 14:13:52.864000,415.69359193296407,1005
2024-09-16 14:13:52.873000,415.6656576597083,102
2024-09-16 14:13:53.310000,415.6800911094464,1004
2024-09-16 14:13:53.533000,415.6648915541288,105
2024-09-16 14:13:54.016000,415.66701397861925,995
2024-09-16 14:13:54.024000,415.7165764650376,997
2024-09-16 14:13:54.058000,415.6874525226818,12
2024-09-16 14:13:54.071000,415.7147147882238,96
2024-09-16 14:13:54.099000,415.7186795682281,5
2024-09-16 14:13:54.178000,415.7155960191637,100
2024-09-16 14:13:54.217000,415.7034069576941,95
2024-09-16 14:13:54.238000,415.7045698709834,98
2024-09-16 14:13:54.241000,415.70340328048667,5
2024-09-16 14:13:54.259000,415.71729712770224,7
2024-09-16 14:13:54.311000,415.7140204560802,98
2024-09-16 14:13:54.331000,415.7244322001344,1002
2024-09-16 14:13:54.381000,415.6801158809663,996
2024-09-16 14:13:54.465000,415.70931854562895,1003
2024-09-16 14:13:54.474000,415.70530356934455,1001
2024-09-16 14:13:54.479000,415.695607552208,995
2024-09-16 14:13:54.496000,415.67791175901226,6
2024-09-16 14:13:54.580000,415.7093807998999,1003
2024-09-16 14:13:54.603000,415.710252383196,1000
2024-09-16 14:13:54.609000,415.69567425839153,1002
2024-09-16 14:13:54.655000,415.7110636282988,8
2024-09-16 14:13:54.670000,415.6964126701184,996
2024-09-16 14:13:54.691000,415.705738571877,100
2024-09-16 14:13:54.705000,415.68641881384735,11
2024-09-16 14:13:54.775000,415.6928752119801,100
2024-09-16 14:13:54.796000,415.7041271704241,996
2024-09-16 14:13:54.878000,415.7074572641621,96
2024-09-16 14:13:54.935000,415.6934325826412,15
2024-09-16 14:13:54.938000,415.6852571145305,103
2024-09-16 14:13:54.977000,415.66846751017016,6
2024-09-16 14:13:55.045000,415.6741024066847,6
2024-09-16 14:13:55.115000,415.69523763175147,998
2024-09-16 14:13:55.169000,415.7126686147473,997
2024-09-16 14:13:55.340000,415.68170507954153,105
2024-09-16 14:13:55.378000,415.6986505374878,5
2024-09-16 14:13:55.382000,415.75297716626056,102
2024-09-16 14:13:55.407000,415.6836977399774,101
2024-09-16 14:13:55.515000,415.6660927568552,99
2024-09-16 14:13:55.518000,415.6779897980537,7
2024-09-16 14:13:55.523000,415.6939167055721,997
2024-09-16 14:13:55.556000,415.6618515812729,7
2024-09-16 14:13:55.566000,415.7074529012048,101
2024-09-16 14:13:55.586000,415.73857137497873,13
2024-09-16 14:13:55.656000,415.6711385987351,98
2024-09-16 14:13:55.659000,415.68547692952177,9
2024-09-16 14:13:55.737000,415.6696134182085,103
2024-09-16 14:13:55.830000,415.71478723937736,996
2024-09-16 14:13:55.842000,415.68237314004114,97
2024-09-16 14:13:55.889000,415.6798986436515,11
2024-09-16 14:13:55.952000,415.67693220475286,97
2024-09-16 14:13:56.071000,415.73018911359503,1001
2024-09-16 14:13:56.894000,415.73436146951946,1004
2024-09-16 14:13:57.040000,415.7425718651804,1001
2024-09-16 14:13:57.054000,415.67549648282267,95
2024-09-16 14:13:57.088000,415.71435121765,99
2024-09-16 14:13:57.132000,415.7535686119104,101
2024-09-16 14:13:57.141000,415.7092115053493,1005
2024-09-16 14:13:57.207000,415.697589890141,99
2024-09-16 14:13:57.218000,415.7428245614147,13
2024-09-16 14:13:57.223000,415.7576207599128,995
2024-09-16 14:13:57.371000,415.7062064783336,1004
2024-09-16 14:13:57.375000,415.73973338586944,1005
2024-09-16 14:13:57.529000,415.72481981783847,100
2024-09-16 14:13:57.538000,415.72542719160464,1001
2024-09-16 14:13:57.754000,415.7388172266418,12
2024-09-16 14:13:57.755000,415.76302332659344,101
2024-09-16 14:13:57.759000,415.7264514178395,14
2024-09-16 14:13:57.776000,415.7406665985319,98
2024-09-16 14:13:57.789000,415.6810470011709,103
2024-09-16 14:13:57.900000,415.70164039893285,1000
2024-09-16 14:13:57.915000,415.756385971236,995
2024-09-16 14:13:57.917000,415.74164958241766,1002
2024-09-16 14:13:57.964000,415.7510893762784,101
2024-09-16 14:13:57.981000,415.7174711278014,15
2024-09-16 14:13:57.996000,415.7493406020014,12
2024-09-16 14:13:58.348000,415.6618377684336,999
2024-09-16 14:13:58.804000,415.6727263293092,1003
2024-09-16 14:13:58.872000,415.6669440739005,95
2024-09-16 14:13:58.876000,415.6818178202208,10
2024-09-16 14:13:59.012000,415.6905704018862,5
2024-09-16 14:13:59.012000,415.6874375386293,15
2024-09-16 14:13:59.197000,415.7418923794899,103
2024-09-16 14:13:59.203000,415.6950240883506,12
2024-09-16 14:13:59.225000,415.6777201965141,101
2024-09-16 14:13:59.509000,415.7168507115345,6
2024-09-16 14:13:59.538000,415.7476873370897,102
2024-09-16 14:13:59.543000,415.7149358297967,15
2024-09-16 14:13:59.614000,415.7059251976893,102
2024-09-16 14:13:59.654000,415.7307605062007,99
2024-09-16 14:13:59.691000,415.69491116735287,12
2024-09-16 14:13:59.767000,415.70467783370015,101
2024-09-16 14:13:59.805000,415.7559543801704,96
2024-09-16 14:13:59.863000,415.6913397520536,103
2024-09-16 14:13:59.867000,415.7046034822854,102
