Timestamp,Price,Size
2024-09-20 14:33:00.003000,431.3780222726317,96
2024-09-20 14:33:00.248000,431.4339646285248,15
2024-09-20 14:33:00.325000,431.4335324226674,98
2024-09-20 14:33:00.330000,431.4485879183622,12
2024-09-20 14:33:00.345000,421.9190737236764,10
2024-09-20 14:33:00.464000,431.3888880960507,11
2024-09-20 14:33:00.484000,431.4219494828563,11
2024-09-20 14:33:00.497000,431.3940494708783,998
2024-09-20 14:33:00.503000,431.3915596435256,104
2024-09-20 14:33:00.506000,431.3891369425979,1000
2024-09-20 14:33:00.555000,431.3927911827979,99
2024-09-20 14:33:00.603000,431.4357587395394,14
2024-09-20 14:33:00.631000,431.4233505687098,14
2024-09-20 14:33:00.665000,421.8948373178104,97
2024-09-20 14:33:00.674000,431.390418564005,9
2024-09-20 14:33:00.681000,431.388976722541,96
2024-09-20 14:33:00.687000,431.45100812365627,1001
2024-09-20 14:33:00.701000,431.4392093527216,1001
2024-09-20 14:33:00.723000,431.4331396520138,1002
2024-09-20 14:33:00.728000,431.4369792921847,999
2024-09-20 14:33:00.750000,431.4329928921735,995
2024-09-20 14:33:00.756000,431.390125527927,97
2024-09-20 14:33:00.857000,431.4570734009061,95
2024-09-20 14:33:00.963000,431.3933713315645,99
2024-09-20 14:33:00.965000,431.4440772909202,1005
2024-09-20 14:33:01.096000,431.4590364907014,11
2024-09-20 14:33:01.236000,431.4625141244852,14
2024-09-20 14:33:01.241000,431.4136503920877,996
2024-09-20 14:33:01.273000,431.4160020825317,999
2024-09-20 14:33:01.333000,431.459193077542,7
2024-09-20 14:33:01.347000,431.4609076018834,1003
2024-09-20 14:33:01.380000,431.467407163673,1003
2024-09-20 14:33:01.388000,431.4509120046356,995
2024-09-20 14:33:01.500000,431.44570484001343,998
2024-09-20 14:33:01.514000,431.4704279971269,8
2024-09-20 14:33:01.573000,431.43178644526745,97
2024-09-20 14:33:01.617000,431.46984371983126,8
2024-09-20 14:33:01.635000,431.4240773021369,101
2024-09-20 14:33:01.651000,431.4705292067787,1001
2024-09-20 14:33:01.752000,431.4605788771165,98
2024-09-20 14:33:01.891000,431.4493963432112,5
2024-09-20 14:33:01.971000,431.4674127440284,1000
2024-09-20 14:33:03.165000,431.48498174349,15
2024-09-20 14:33:03.590000,431.4836081002596,8
2024-09-20 14:33:04.063000,431.4269248790336,11
2024-09-20 14:33:04.600000,431.4230061376936,97
2024-09-20 14:33:04.624000,431.46810068417,997
2024-09-20 14:33:04.656000,431.4186423326459,97
2024-09-20 14:33:04.682000,431.4398619433754,98
2024-09-20 14:33:04.968000,431.46260138586985,1000
2024-09-20 14:33:06.043000,431.4743675591874,1001
2024-09-20 14:33:06.104000,431.437468138064,1000
2024-09-20 14:33:06.149000,431.47079745520927,996
2024-09-20 14:33:06.179000,431.3905849960102,100
2024-09-20 14:33:06.186000,431.4707680083037,104
2024-09-20 14:33:06.201000,431.40905898386353,1005
2024-09-20 14:33:06.247000,431.4570730733027,104
2024-09-20 14:33:06.303000,431.47018229554135,996
2024-09-20 14:33:06.320000,431.4709250305792,96
2024-09-20 14:33:06.368000,431.4233856962829,100
2024-09-20 14:33:06.500000,431.4179993142741,97
2024-09-20 14:33:06.501000,431.4497543386856,102
2024-09-20 14:33:06.514000,431.4192366027799,9
2024-09-20 14:33:06.563000,431.4389359361368,14
2024-09-20 14:33:06.644000,431.4258691555343,1001
2024-09-20 14:33:06.674000,431.47856834998055,1004
2024-09-20 14:33:06.687000,431.4777612899715,1001
2024-09-20 14:33:06.887000,431.4683335576668,1002
2024-09-20 14:33:06.950000,431.42006936720543,12
2024-09-20 14:33:07.078000,431.4936324552346,102
2024-09-20 14:33:07.095000,431.52237876104266,1002
2024-09-20 14:33:07.154000,431.4289630159777,102
2024-09-20 14:33:07.183000,431.5220444862829,995
2024-09-20 14:33:07.262000,431.4923153462578,9
2024-09-20 14:33:07.321000,431.5018706074357,9
2024-09-20 14:33:07.416000,431.4543285269652,96
2024-09-20 14:33:07.499000,431.4946797045886,98
2024-09-20 14:33:07.500000,431.4755453194349,97
2024-09-20 14:33:07.684000,431.4776064488337,99
2024-09-20 14:33:07.748000,431.440675264089,8
2024-09-20 14:33:07.810000,431.4923623245962,9
2024-09-20 14:33:07.879000,431.4464890570909,105
2024-09-20 14:33:08.018000,431.42458795796193,1005
2024-09-20 14:33:08.180000,431.4457659867132,6
2024-09-20 14:33:08.182000,431.44981444626666,96
2024-09-20 14:33:08.419000,431.462808759724,998
2024-09-20 14:33:08.436000,431.4633769877568,104
2024-09-20 14:33:08.476000,431.4943567806916,100
2024-09-20 14:33:08.674000,431.4471266346709,1000
2024-09-20 14:33:08.687000,431.4519068856364,102
2024-09-20 14:33:08.704000,431.43948708748286,12
2024-09-20 14:33:08.721000,431.43922232951695,104
2024-09-20 14:33:08.726000,431.4828481319531,10
2024-09-20 14:33:08.753000,431.4385748700206,100
2024-09-20 14:33:08.900000,431.46355483167406,9
2024-09-20 14:33:08.931000,431.4570378772836,101
2024-09-20 14:33:09.043000,431.5406766316297,999
2024-09-20 14:33:09.089000,431.5242219285533,999
2024-09-20 14:33:09.219000,431.5009929147065,98
2024-09-20 14:33:09.275000,431.5102909046597,104
2024-09-20 14:33:09.540000,431.5071189921256,999
2024-09-20 14:33:09.580000,431.5346934633145,14
2024-09-20 14:33:09.602000,431.5273278824589,9
2024-09-20 14:33:09.773000,431.5211411947852,7
2024-09-20 14:33:09.774000,431.5044772438963,7
2024-09-20 14:33:09.795000,431.5008358156675,1003
2024-09-20 14:33:09.835000,431.51362306214776,8
2024-09-20 14:33:09.913000,431.53221273732976,102
2024-09-20 14:33:09.939000,431.5322611177991,104
2024-09-20 14:33:09.971000,431.5267280435641,6
2024-09-20 14:33:09.997000,431.5318467586138,9
2024-09-20 14:33:10.027000,431.52740448709466,1003
2024-09-20 14:33:10.191000,431.5080710240962,998
2024-09-20 14:33:10.872000,431.5234229227859,11
2024-09-20 14:33:11.437000,431.5615109198683,10
2024-09-20 14:33:11.749000,431.5333805095556,102
2024-09-20 14:33:12,431.5019709175481,15
2024-09-20 14:33:12.082000,431.5194935493861,5
2024-09-20 14:33:12.116000,431.45863388462544,105
2024-09-20 14:33:12.117000,431.45584480996575,8
2024-09-20 14:33:12.117000,431.4437979199101,97
2024-09-20 14:33:12.217000,431.50835804988446,11
2024-09-20 14:33:12.268000,431.45431266023854,1001
2024-09-20 14:33:12.278000,431.47708646231126,105
2024-09-20 14:33:12.362000,431.48407310516063,95
2024-09-20 14:33:12.407000,431.5280141352096,1005
2024-09-20 14:33:12.450000,431.4738532412725,12
2024-09-20 14:33:12.480000,431.5573670699859,996
2024-09-20 14:33:12.483000,431.5558856196934,11
2024-09-20 14:33:12.487000,431.5011752445028,11
2024-09-20 14:33:12.492000,431.51835457979473,1000
2024-09-20 14:33:12.524000,431.5615462012822,996
2024-09-20 14:33:12.569000,431.4752704634784,13
2024-09-20 14:33:12.612000,431.4485065727382,995
2024-09-20 14:33:12.614000,431.5458888799407,1003
2024-09-20 14:33:12.624000,431.4892983825477,95
2024-09-20 14:33:12.641000,431.5014934251908,98
2024-09-20 14:33:12.650000,431.552447427491,997
2024-09-20 14:33:12.740000,431.4992814757411,14
2024-09-20 14:33:12.783000,431.5583206246634,6
2024-09-20 14:33:12.814000,431.4991235505072,1001
2024-09-20 14:33:12.996000,431.49442616064624,11
2024-09-20 14:33:13.169000,431.3817165128167,105
2024-09-20 14:33:13.212000,431.3460007706809,5
2024-09-20 14:33:13.277000,431.3460100152523,11
2024-09-20 14:33:13.289000,431.415966692528,10
2024-09-20 14:33:13.370000,431.4220108702568,1003
2024-09-20 14:33:13.383000,431.4191220470676,997
2024-09-20 14:33:13.396000,431.3889140748707,11
2024-09-20 14:33:13.412000,431.4421650271709,103
2024-09-20 14:33:13.458000,431.4145898543774,103
2024-09-20 14:33:13.480000,431.350952355621,6
2024-09-20 14:33:13.484000,431.3425139922269,100
2024-09-20 14:33:13.596000,431.3701867384821,105
2024-09-20 14:33:13.699000,431.35965688416616,1005
2024-09-20 14:33:13.838000,431.3287116694249,102
2024-09-20 14:33:13.889000,431.4239450239084,14
2024-09-20 14:33:13.999000,431.4215215584923,997
2024-09-20 14:33:14.254000,431.37406708876114,995
2024-09-20 14:33:14.259000,431.3430479686775,99
2024-09-20 14:33:14.296000,431.3615760916736,103
2024-09-20 14:33:14.349000,431.35654756116753,105
2024-09-20 14:33:15.004000,431.30871206328897,13
2024-09-20 14:33:15.036000,431.3006346901465,1004
2024-09-20 14:33:15.048000,431.2870043483799,13
2024-09-20 14:33:15.113000,431.3083023861786,7
2024-09-20 14:33:15.161000,431.2898021077591,97
2024-09-20 14:33:15.175000,431.3100872903438,999
2024-09-20 14:33:15.221000,431.281049903963,10
2024-09-20 14:33:15.289000,431.3185417833368,999
2024-09-20 14:33:15.348000,431.33186761144106,1003
2024-09-20 14:33:15.375000,431.3335685937872,100
2024-09-20 14:33:15.397000,431.3198291064975,103
2024-09-20 14:33:15.436000,431.29307529328327,99
2024-09-20 14:33:15.507000,431.30899027639,999
2024-09-20 14:33:15.517000,431.3027570224334,10
2024-09-20 14:33:15.720000,431.3087962554288,101
2024-09-20 14:33:15.722000,431.2984816841476,998
2024-09-20 14:33:15.723000,431.2930579601602,996
2024-09-20 14:33:15.789000,431.29261400518726,1003
2024-09-20 14:33:15.812000,431.2580573145474,7
2024-09-20 14:33:15.846000,431.306123238722,995
2024-09-20 14:33:15.898000,431.2797849324271,1005
2024-09-20 14:33:15.955000,431.2951175443447,99
2024-09-20 14:33:15.988000,431.27293153130046,5
2024-09-20 14:33:16.050000,431.2385163253038,98
2024-09-20 14:33:16.073000,431.30686640786007,15
2024-09-20 14:33:16.151000,431.26339555181096,98
2024-09-20 14:33:16.239000,431.2776199738001,12
2024-09-20 14:33:16.252000,431.3260193245519,97
2024-09-20 14:33:16.266000,431.2742912329085,999
2024-09-20 14:33:16.315000,431.3037929988445,998
2024-09-20 14:33:16.328000,431.2623498252384,12
2024-09-20 14:33:16.354000,431.2619619799215,104
2024-09-20 14:33:16.381000,431.2614459688658,999
2024-09-20 14:33:16.409000,431.34208297021854,995
2024-09-20 14:33:16.427000,431.2951263374501,5
2024-09-20 14:33:16.471000,431.2475501997829,13
2024-09-20 14:33:16.500000,431.3233449181017,100
2024-09-20 14:33:16.521000,431.30029937560886,999
2024-09-20 14:33:16.596000,431.3280878518368,98
2024-09-20 14:33:16.618000,431.28947940588006,96
2024-09-20 14:33:16.647000,431.27839035152704,9
2024-09-20 14:33:16.713000,431.2908467138803,9
2024-09-20 14:33:16.765000,431.265252215931,104
2024-09-20 14:33:16.803000,431.2835697875737,97
2024-09-20 14:33:16.899000,431.3467759190914,995
2024-09-20 14:33:16.923000,431.2927005633272,9
2024-09-20 14:33:16.946000,431.2562930089578,10
2024-09-20 14:33:17.017000,431.2104077919017,11
2024-09-20 14:33:17.044000,431.29461560107006,998
2024-09-20 14:33:17.059000,431.2588005087642,96
2024-09-20 14:33:17.146000,431.2292773443794,8
2024-09-20 14:33:17.153000,431.2603578311099,99
2024-09-20 14:33:17.163000,431.2319202250546,100
2024-09-20 14:33:17.224000,431.263420021293,12
2024-09-20 14:33:17.249000,431.2990836445428,10
2024-09-20 14:33:17.250000,431.2776911556484,8
2024-09-20 14:33:17.352000,431.20545610271154,13
2024-09-20 14:33:17.430000,431.2456501319878,99
2024-09-20 14:33:17.577000,431.22087599834174,13
2024-09-20 14:33:17.587000,431.2381657644159,1001
2024-09-20 14:33:17.647000,431.2308337147781,13
2024-09-20 14:33:17.654000,431.2638923575092,1003
2024-09-20 14:33:17.662000,431.2000306159864,105
2024-09-20 14:33:17.720000,431.26662072761815,9
2024-09-20 14:33:17.810000,431.2503665205122,1005
2024-09-20 14:33:17.814000,431.2285774606051,996
2024-09-20 14:33:17.832000,431.24474457197226,1005
2024-09-20 14:33:17.851000,431.2662497210379,998
2024-09-20 14:33:17.871000,431.2523863676071,996
2024-09-20 14:33:17.879000,431.23019314801513,99
2024-09-20 14:33:17.925000,431.255193528595,95
2024-09-20 14:33:17.947000,431.2369153350149,97
2024-09-20 14:33:17.971000,431.2289555626834,1000
2024-09-20 14:33:17.994000,431.2465371250244,1005
2024-09-20 14:33:18.059000,431.2951907420339,99
2024-09-20 14:33:18.118000,431.2355686787644,101
2024-09-20 14:33:18.121000,431.2603797193291,1003
2024-09-20 14:33:18.130000,431.2270162521943,5
2024-09-20 14:33:18.141000,431.2875657276205,103
2024-09-20 14:33:18.214000,431.2854166262687,104
2024-09-20 14:33:18.275000,431.2626050890691,1001
2024-09-20 14:33:18.284000,431.2653582406752,7
2024-09-20 14:33:18.318000,431.2632680121802,98
2024-09-20 14:33:18.469000,431.2828482720584,12
2024-09-20 14:33:18.471000,431.216288736478,95
2024-09-20 14:33:18.476000,431.2476130501496,996
2024-09-20 14:33:18.533000,431.2894633115488,97
2024-09-20 14:33:18.540000,431.2521971452613,15
2024-09-20 14:33:18.555000,431.2744238736755,10
2024-09-20 14:33:18.557000,431.2777392480642,15
2024-09-20 14:33:18.606000,431.2377486309485,105
2024-09-20 14:33:18.618000,431.2813080451018,95
2024-09-20 14:33:18.630000,431.26797321062975,995
2024-09-20 14:33:18.639000,431.27766847041,7
2024-09-20 14:33:18.706000,431.2816273753105,12
2024-09-20 14:33:18.715000,431.2785535763776,9
2024-09-20 14:33:18.791000,431.2660933380111,9
2024-09-20 14:33:18.795000,431.2657438300999,995
2024-09-20 14:33:18.840000,431.268522026349,11
2024-09-20 14:33:18.862000,431.279119541938,105
2024-09-20 14:33:18.996000,431.249677969346,99
2024-09-20 14:33:19.002000,431.2740014971978,1000
2024-09-20 14:33:19.041000,431.3044687283665,12
2024-09-20 14:33:19.050000,431.3165666119217,105
2024-09-20 14:33:19.128000,431.2787808399252,1000
2024-09-20 14:33:19.144000,431.2843061485983,14
2024-09-20 14:33:19.235000,431.2790365587575,1002
2024-09-20 14:33:19.265000,431.29527131835374,995
2024-09-20 14:33:19.282000,431.2693743731807,103
2024-09-20 14:33:19.417000,431.2809851693426,1002
2024-09-20 14:33:19.443000,431.2920119251008,6
2024-09-20 14:33:19.563000,431.2784348604544,998
2024-09-20 14:33:19.571000,431.2782707825534,105
2024-09-20 14:33:19.573000,431.2966880548503,1003
2024-09-20 14:33:19.623000,431.2930181290565,1000
2024-09-20 14:33:19.676000,421.652330352324,102
2024-09-20 14:33:19.720000,431.2697751376333,1001
2024-09-20 14:33:19.739000,431.2710411192113,1001
2024-09-20 14:33:19.820000,431.3165075762917,1002
2024-09-20 14:33:19.906000,431.2690081678949,104
2024-09-20 14:33:19.953000,431.2684653955458,104
2024-09-20 14:33:19.967000,431.2834874765969,11
2024-09-20 14:33:21.030000,431.2389559091718,102
2024-09-20 14:33:21.118000,431.1785004874933,995
2024-09-20 14:33:21.146000,431.2335257803181,1004
2024-09-20 14:33:21.149000,431.2583627329658,104
2024-09-20 14:33:21.184000,431.1333734767017,11
2024-09-20 14:33:21.295000,431.2507632625957,998
2024-09-20 14:33:21.453000,431.2226623733693,9
2024-09-20 14:33:21.500000,431.1752709315442,7
2024-09-20 14:33:21.515000,431.1723305719367,1003
2024-09-20 14:33:21.534000,431.2403240872733,995
2024-09-20 14:33:21.580000,431.2329846977845,102
2024-09-20 14:33:21.588000,431.25812472467777,15
2024-09-20 14:33:21.606000,431.2438665831678,1001
2024-09-20 14:33:21.623000,431.2356428213391,12
2024-09-20 14:33:21.675000,431.2289037676114,995
2024-09-20 14:33:21.741000,431.21337501604427,996
2024-09-20 14:33:21.770000,431.14875193098777,8
2024-09-20 14:33:21.788000,431.12552104595113,1005
2024-09-20 14:33:21.810000,431.2345462677919,999
2024-09-20 14:33:21.825000,431.24088783325055,997
2024-09-20 14:33:21.858000,431.2512481144234,1003
2024-09-20 14:33:21.873000,431.2454497932474,100
2024-09-20 14:33:21.878000,431.2405625569625,7
2024-09-20 14:33:21.889000,431.1936188801603,102
2024-09-20 14:33:21.907000,431.236549688919,95
2024-09-20 14:33:21.933000,431.1924753709972,101
2024-09-20 14:33:21.966000,431.1707819955877,95
2024-09-20 14:33:21.969000,431.2636843981842,99
2024-09-20 14:33:22.015000,431.1639510248745,7
2024-09-20 14:33:22.145000,431.05355358535365,14
2024-09-20 14:33:22.220000,431.0715597181218,8
2024-09-20 14:33:22.240000,431.0629824949127,1001
2024-09-20 14:33:22.302000,431.0968020093415,7
2024-09-20 14:33:22.501000,431.1372497967353,997
2024-09-20 14:33:22.575000,431.1360703550773,12
2024-09-20 14:33:22.613000,431.1222381354364,99
2024-09-20 14:33:22.614000,431.0230464926337,99
2024-09-20 14:33:22.722000,431.0874183057563,1000
2024-09-20 14:33:22.847000,431.1522695018266,6
2024-09-20 14:33:22.906000,431.16535920640325,998
2024-09-20 14:33:23.060000,431.0208777121559,11
2024-09-20 14:33:23.111000,431.0473759694517,12
2024-09-20 14:33:23.129000,431.0572350447344,997
2024-09-20 14:33:23.135000,431.01938977467927,96
2024-09-20 14:33:23.137000,431.0364500653257,999
2024-09-20 14:33:23.174000,431.09077196366206,8
2024-09-20 14:33:23.214000,431.0682371798549,999
2024-09-20 14:33:23.254000,431.0182707630058,12
2024-09-20 14:33:23.262000,431.0530236400921,6
2024-09-20 14:33:23.285000,431.0319628543244,102
2024-09-20 14:33:23.288000,431.0223494539163,100
2024-09-20 14:33:23.297000,431.0177366667752,13
2024-09-20 14:33:23.339000,431.0132798372497,9
2024-09-20 14:33:23.350000,431.0340448545324,6
2024-09-20 14:33:23.423000,431.0812026394535,1002
2024-09-20 14:33:23.459000,431.0089551171132,10
2024-09-20 14:33:23.473000,431.1039774599008,9
2024-09-20 14:33:23.494000,431.0478887831932,998
2024-09-20 14:33:23.522000,431.0896237127664,102
2024-09-20 14:33:23.567000,431.08064124881633,100
2024-09-20 14:33:23.679000,431.0108479337912,99
2024-09-20 14:33:23.682000,431.05520963850967,99
2024-09-20 14:33:23.688000,431.0234093560426,102
2024-09-20 14:33:23.689000,431.08057253079687,996
2024-09-20 14:33:23.732000,431.03874034560965,1000
2024-09-20 14:33:23.796000,431.1078048469891,102
2024-09-20 14:33:23.841000,431.02438325621176,103
2024-09-20 14:33:23.945000,431.047481551,103
2024-09-20 14:33:23.991000,431.0145938858794,5
2024-09-20 14:33:24.022000,430.9900315971445,996
2024-09-20 14:33:24.088000,431.01571248443673,95
2024-09-20 14:33:24.107000,431.0189736607464,5
2024-09-20 14:33:24.164000,431.0044919229115,98
2024-09-20 14:33:24.219000,431.03608039309165,6
2024-09-20 14:33:24.222000,431.03019493608366,11
2024-09-20 14:33:24.229000,431.0757133408295,105
2024-09-20 14:33:24.300000,431.0253352759354,995
2024-09-20 14:33:24.366000,430.9950017587275,5
2024-09-20 14:33:24.395000,431.038982487353,13
2024-09-20 14:33:24.452000,431.002379276157,13
2024-09-20 14:33:24.528000,431.0885536513808,996
2024-09-20 14:33:24.537000,431.0176573107593,998
2024-09-20 14:33:24.554000,431.04942239386327,97
2024-09-20 14:33:24.579000,431.0023157671541,998
2024-09-20 14:33:24.597000,431.0330743311471,96
2024-09-20 14:33:24.789000,431.010193835721,999
2024-09-20 14:33:24.829000,431.1192683764063,6
2024-09-20 14:33:24.882000,431.0134307489337,97
2024-09-20 14:33:24.904000,431.1098232680153,12
2024-09-20 14:33:25.042000,431.1189938395583,102
2024-09-20 14:33:25.189000,431.1171676350924,9
2024-09-20 14:33:25.196000,431.1365721728786,9
2024-09-20 14:33:25.271000,431.1086540151644,102
2024-09-20 14:33:25.323000,431.0940989574758,7
2024-09-20 14:33:25.323000,431.1886482737028,999
2024-09-20 14:33:25.352000,431.1312125911935,97
2024-09-20 14:33:25.377000,431.1338785349933,1005
2024-09-20 14:33:25.390000,431.131729073441,5
2024-09-20 14:33:25.432000,421.8537250106573,100
2024-09-20 14:33:25.437000,431.1307458286541,103
2024-09-20 14:33:25.445000,431.0912651208997,998
2024-09-20 14:33:25.448000,431.1120183673276,96
2024-09-20 14:33:25.485000,431.0981259765974,1000
2024-09-20 14:33:25.596000,431.1478571542059,96
2024-09-20 14:33:25.787000,431.1622877313695,1004
2024-09-20 14:33:25.860000,431.1300289933178,998
2024-09-20 14:33:25.920000,431.11603013793166,1004
2024-09-20 14:33:27.013000,431.2664923060425,102
2024-09-20 14:33:27.057000,431.2784256030423,96
2024-09-20 14:33:27.135000,431.26979153113706,1005
2024-09-20 14:33:27.163000,431.2882770697993,103
2024-09-20 14:33:27.165000,431.246480019713,98
2024-09-20 14:33:27.210000,431.2525083351121,102
2024-09-20 14:33:27.215000,431.3007002696246,7
2024-09-20 14:33:27.262000,431.2046561109808,998
2024-09-20 14:33:27.272000,431.2006777429064,95
2024-09-20 14:33:27.339000,431.2109884500483,11
2024-09-20 14:33:27.410000,431.2187742548761,1004
2024-09-20 14:33:27.464000,431.2552082926208,997
2024-09-20 14:33:27.591000,431.1722898170384,100
2024-09-20 14:33:27.598000,431.2930507353557,96
2024-09-20 14:33:27.634000,431.1957414240207,103
2024-09-20 14:33:27.680000,431.2917669043937,105
2024-09-20 14:33:27.832000,431.255075383478,100
2024-09-20 14:33:27.836000,431.2775152999628,996
2024-09-20 14:33:27.881000,431.2773059708793,101
2024-09-20 14:33:27.885000,431.2677098544906,1001
2024-09-20 14:33:27.888000,431.2483120071526,1001
2024-09-20 14:33:27.901000,431.2536904663616,1002
2024-09-20 14:33:27.902000,431.2669130596471,7
2024-09-20 14:33:27.943000,431.20688668094346,997
2024-09-20 14:33:27.972000,431.18174901003385,15
2024-09-20 14:33:28.001000,431.2996860827198,15
2024-09-20 14:33:28.101000,431.2927627227925,1003
2024-09-20 14:33:28.122000,431.2927393315014,8
2024-09-20 14:33:28.167000,431.3083536237119,1002
2024-09-20 14:33:28.279000,431.2801000769595,1004
2024-09-20 14:33:28.305000,431.3149343187585,7
2024-09-20 14:33:28.369000,431.3198748089548,995
2024-09-20 14:33:28.425000,431.29518032628863,1001
2024-09-20 14:33:28.605000,431.2905580896006,13
2024-09-20 14:33:28.702000,431.3093759418143,101
2024-09-20 14:33:28.729000,431.3065445786924,98
2024-09-20 14:33:28.760000,431.29160833574144,9
2024-09-20 14:33:28.767000,431.29411068937895,9
2024-09-20 14:33:28.841000,431.2935625935229,15
2024-09-20 14:33:28.849000,431.2856940753101,12
2024-09-20 14:33:28.853000,431.275956275968,14
2024-09-20 14:33:28.977000,431.3219224279007,96
2024-09-20 14:33:28.986000,431.2971601086702,995
2024-09-20 14:33:29.037000,431.2180459350277,10
2024-09-20 14:33:29.124000,431.2784648344705,1002
2024-09-20 14:33:29.130000,431.2421226083369,10
2024-09-20 14:33:29.174000,431.2713864631209,995
2024-09-20 14:33:29.235000,431.26632198863456,11
2024-09-20 14:33:29.243000,431.26374461643326,1001
2024-09-20 14:33:29.260000,431.2560356190525,997
2024-09-20 14:33:29.266000,431.2192114421944,998
2024-09-20 14:33:29.307000,431.2982047542206,105
2024-09-20 14:33:29.330000,431.24298811311536,7
2024-09-20 14:33:29.362000,431.1989766513405,1004
2024-09-20 14:33:29.371000,431.2502851165408,102
2024-09-20 14:33:29.386000,431.27571797545966,1003
2024-09-20 14:33:29.527000,431.277000763699,1005
2024-09-20 14:33:29.563000,431.24637481013553,10
2024-09-20 14:33:29.569000,431.2966092033191,998
2024-09-20 14:33:29.570000,431.2625812770647,101
2024-09-20 14:33:29.620000,431.2291756091232,9
2024-09-20 14:33:29.650000,431.275070443545,10
2024-09-20 14:33:29.751000,431.2394815294222,1003
2024-09-20 14:33:29.767000,431.293138498514,995
2024-09-20 14:33:29.772000,431.2866835893346,103
2024-09-20 14:33:29.793000,431.2630350060461,995
2024-09-20 14:33:29.807000,431.2832598230439,1005
2024-09-20 14:33:29.857000,431.2745198828472,10
2024-09-20 14:33:29.998000,431.2709881355921,7
2024-09-20 14:33:30.005000,431.2236895697055,105
2024-09-20 14:33:30.019000,431.2231740311871,5
2024-09-20 14:33:30.073000,431.2618196169256,1000
2024-09-20 14:33:30.148000,431.28124084828914,96
2024-09-20 14:33:30.215000,431.2794119272653,1001
2024-09-20 14:33:30.303000,431.25414586060833,15
2024-09-20 14:33:30.342000,431.276623957023,995
2024-09-20 14:33:30.365000,431.2379739695202,11
2024-09-20 14:33:30.411000,431.2243066608473,99
2024-09-20 14:33:30.429000,431.27261973126485,104
2024-09-20 14:33:30.449000,431.271417458814,102
2024-09-20 14:33:30.479000,431.22826466872624,995
2024-09-20 14:33:30.586000,431.271040242508,104
2024-09-20 14:33:30.626000,431.25862867743393,6
2024-09-20 14:33:30.636000,431.2779639530532,1003
2024-09-20 14:33:30.637000,431.25328429269047,1001
2024-09-20 14:33:30.666000,431.2561177857433,1003
2024-09-20 14:33:30.745000,431.27211040498986,999
2024-09-20 14:33:30.763000,431.28707954496696,15
2024-09-20 14:33:30.784000,431.2654803094715,5
2024-09-20 14:33:30.796000,431.2538253998679,1002
2024-09-20 14:33:30.827000,431.2357962609405,104
2024-09-20 14:33:30.835000,431.2586071919556,105
2024-09-20 14:33:30.956000,431.2760972794104,9
2024-09-20 14:33:31.132000,431.2171489378573,995
2024-09-20 14:33:31.150000,431.2195167726679,13
2024-09-20 14:33:31.176000,431.2311927582368,6
2024-09-20 14:33:31.271000,431.214348667546,995
2024-09-20 14:33:31.294000,431.1972402967646,1000
2024-09-20 14:33:31.327000,431.23922832118666,100
2024-09-20 14:33:31.334000,431.23370495111175,12
2024-09-20 14:33:31.334000,431.23726076176,97
2024-09-20 14:33:31.345000,431.2166695461648,96
2024-09-20 14:33:31.525000,431.2232148545663,6
2024-09-20 14:33:31.627000,431.2073981395685,13
2024-09-20 14:33:31.651000,431.2429051576439,12
2024-09-20 14:33:31.700000,431.2146500270002,98
2024-09-20 14:33:31.789000,431.2340213566486,6
2024-09-20 14:33:31.790000,431.2156655763703,14
2024-09-20 14:33:31.927000,431.2152570698871,1001
2024-09-20 14:33:31.946000,431.2193079741768,103
2024-09-20 14:33:31.991000,431.21659989907647,1002
2024-09-20 14:33:31.995000,431.2237696357193,102
2024-09-20 14:33:32.029000,431.24292109522304,8
2024-09-20 14:33:32.085000,431.2671737578473,13
2024-09-20 14:33:32.118000,431.27567785488,99
2024-09-20 14:33:32.275000,431.25253561253095,1004
2024-09-20 14:33:32.279000,431.2415165705021,6
2024-09-20 14:33:32.287000,431.26080858072686,1001
2024-09-20 14:33:32.289000,431.2591298582643,1001
2024-09-20 14:33:32.427000,431.2811123622587,104
2024-09-20 14:33:32.538000,431.2418781134776,96
2024-09-20 14:33:32.562000,431.2696023489228,1001
2024-09-20 14:33:32.591000,431.257886055216,13
2024-09-20 14:33:32.610000,431.2791719372914,1003
2024-09-20 14:33:32.621000,431.2569916288547,997
2024-09-20 14:33:32.646000,431.2888245835061,997
2024-09-20 14:33:32.714000,431.2643833500284,13
2024-09-20 14:33:32.745000,431.2681589799354,102
2024-09-20 14:33:32.784000,431.2793389129535,11
2024-09-20 14:33:32.819000,431.27879791191504,999
2024-09-20 14:33:32.823000,431.2618437719976,999
2024-09-20 14:33:32.848000,431.2684549170338,99
2024-09-20 14:33:32.924000,431.2708747830085,100
2024-09-20 14:33:33.015000,431.2712172632944,95
2024-09-20 14:33:33.028000,431.2799495402285,102
2024-09-20 14:33:33.095000,431.2991543973292,996
2024-09-20 14:33:33.172000,431.28053831845295,14
2024-09-20 14:33:33.229000,431.28959155878925,5
2024-09-20 14:33:33.235000,431.2805714153661,1002
2024-09-20 14:33:33.279000,431.3075199937865,1000
2024-09-20 14:33:33.390000,431.2686084010373,101
2024-09-20 14:33:33.398000,431.2863043816473,998
2024-09-20 14:33:33.411000,431.3080851814113,101
2024-09-20 14:33:33.467000,431.31282741334473,9
2024-09-20 14:33:33.518000,431.26229268442734,999
2024-09-20 14:33:33.536000,431.3155389782063,999
2024-09-20 14:33:33.583000,431.2715866881905,15
2024-09-20 14:33:33.659000,431.28776260979424,1004
2024-09-20 14:33:33.757000,431.2715060909628,103
2024-09-20 14:33:33.770000,431.26242954310624,1000
2024-09-20 14:33:33.780000,431.2934428036956,1002
2024-09-20 14:33:33.800000,431.2785020116234,8
2024-09-20 14:33:33.847000,431.30157118465735,14
2024-09-20 14:33:33.848000,431.28539408876486,105
2024-09-20 14:33:34.222000,431.2951154736516,14
2024-09-20 14:33:34.309000,431.2946869940735,99
2024-09-20 14:33:34.328000,431.29401702320325,11
2024-09-20 14:33:34.420000,431.2971541208846,103
2024-09-20 14:33:34.457000,431.2816529760608,99
2024-09-20 14:33:35.013000,431.2861336443031,96
2024-09-20 14:33:35.046000,431.28517645222,12
2024-09-20 14:33:35.168000,431.2425756398225,9
2024-09-20 14:33:35.352000,431.2662435504046,997
2024-09-20 14:33:35.641000,431.28353707776967,1002
2024-09-20 14:33:35.675000,431.23987941076615,9
2024-09-20 14:33:35.786000,431.25993794529273,95
2024-09-20 14:33:35.981000,431.2790593877595,6
2024-09-20 14:33:36.084000,431.17785263947457,14
2024-09-20 14:33:36.106000,431.2220938823416,97
2024-09-20 14:33:36.170000,431.2069668579744,101
2024-09-20 14:33:36.310000,431.2167548933776,8
2024-09-20 14:33:36.324000,431.1726004144079,12
2024-09-20 14:33:36.377000,431.1615010928737,1002
2024-09-20 14:33:36.595000,431.1673427617769,8
2024-09-20 14:33:36.625000,431.1829056580666,9
2024-09-20 14:33:36.666000,431.2345573738671,103
2024-09-20 14:33:36.779000,431.2070377200373,1004
2024-09-20 14:33:36.858000,431.2045675031309,95
2024-09-20 14:33:36.965000,422.0319146971582,9
2024-09-20 14:33:36.968000,431.2251060357228,10
2024-09-20 14:33:37.026000,431.1673643968661,1004
2024-09-20 14:33:37.052000,431.1767324317458,7
2024-09-20 14:33:37.100000,431.1662137597966,12
2024-09-20 14:33:37.214000,431.1480797977059,15
2024-09-20 14:33:37.218000,431.1417024983932,9
2024-09-20 14:33:37.258000,431.1493757771949,1001
2024-09-20 14:33:37.259000,431.1594925533393,96
2024-09-20 14:33:37.335000,431.1622398759188,14
2024-09-20 14:33:37.389000,431.16018326704574,8
2024-09-20 14:33:37.395000,431.155106611724,11
2024-09-20 14:33:37.406000,431.1509494843169,1004
2024-09-20 14:33:37.434000,431.1335661763587,98
2024-09-20 14:33:37.496000,431.13258706389513,104
2024-09-20 14:33:37.508000,431.1707011005343,12
2024-09-20 14:33:37.552000,431.1591633105699,996
2024-09-20 14:33:37.577000,431.1409411290032,102
2024-09-20 14:33:37.580000,431.1204739071341,998
2024-09-20 14:33:37.656000,431.1127323944737,105
2024-09-20 14:33:37.708000,431.1336969600427,12
2024-09-20 14:33:37.745000,431.1547652764192,996
2024-09-20 14:33:37.753000,431.1587310572748,12
2024-09-20 14:33:37.768000,431.14331707555584,101
2024-09-20 14:33:37.855000,431.1516696407218,1001
2024-09-20 14:33:37.882000,431.1464748536039,101
2024-09-20 14:33:37.919000,431.161139253809,95
2024-09-20 14:33:37.972000,431.16919195968086,96
2024-09-20 14:33:37.991000,431.1631967988479,15
2024-09-20 14:33:37.999000,431.1426120429969,995
2024-09-20 14:33:37.999000,431.1680178176189,6
2024-09-20 14:33:38.013000,431.2539469093812,1003
2024-09-20 14:33:38.037000,431.16616695351,999
2024-09-20 14:33:38.137000,431.2019229270865,102
2024-09-20 14:33:38.211000,431.2355360369592,105
2024-09-20 14:33:38.276000,431.17456571664064,103
2024-09-20 14:33:38.297000,431.2782674953824,1001
2024-09-20 14:33:38.352000,431.279475587023,12
2024-09-20 14:33:38.420000,431.1977165292121,96
2024-09-20 14:33:38.421000,431.2745741248193,12
2024-09-20 14:33:38.448000,431.2575566649678,104
2024-09-20 14:33:38.475000,431.1700776766485,1001
2024-09-20 14:33:38.535000,431.1787542597275,95
2024-09-20 14:33:38.594000,431.1750322549557,999
2024-09-20 14:33:38.620000,431.2289711929352,99
2024-09-20 14:33:38.627000,431.2507321849768,97
2024-09-20 14:33:38.642000,431.1704569176665,13
2024-09-20 14:33:38.791000,431.2475298645011,1005
2024-09-20 14:33:38.886000,431.215132368487,995
2024-09-20 14:33:38.890000,431.2769426554704,12
2024-09-20 14:33:38.977000,431.2103256371027,1005
2024-09-20 14:33:39.033000,431.26980149334696,5
2024-09-20 14:33:39.052000,431.2650013480271,1005
2024-09-20 14:33:39.091000,431.25217285776034,105
2024-09-20 14:33:39.242000,431.2457834263818,1000
2024-09-20 14:33:39.270000,431.24775616316833,1002
2024-09-20 14:33:39.298000,431.25452512728594,104
2024-09-20 14:33:39.530000,431.2324046543463,98
2024-09-20 14:33:39.741000,431.24754167500544,98
2024-09-20 14:33:39.883000,431.2618707675949,995
2024-09-20 14:33:39.955000,431.2581275706452,15
2024-09-20 14:33:40.533000,431.2510744028048,995
2024-09-20 14:33:40.574000,431.2492734932376,12
2024-09-20 14:33:40.782000,431.2536707516331,1002
2024-09-20 14:33:41.060000,431.2683041912198,8
2024-09-20 14:33:41.254000,431.2691197213409,997
2024-09-20 14:33:41.401000,431.2705707205062,997
2024-09-20 14:33:41.548000,431.27829712959687,997
2024-09-20 14:33:41.691000,422.0566198526166,103
2024-09-20 14:33:41.720000,431.2487937277984,995
2024-09-20 14:33:41.749000,431.2524477412552,101
2024-09-20 14:33:42,431.2109083800034,103
2024-09-20 14:33:42.090000,431.21718958920826,14
2024-09-20 14:33:42.108000,431.1800180257318,7
2024-09-20 14:33:42.112000,431.2375126363079,997
2024-09-20 14:33:42.172000,431.2385003721257,8
2024-09-20 14:33:42.189000,431.1767024202687,995
2024-09-20 14:33:42.227000,431.2164373081262,99
2024-09-20 14:33:42.237000,431.2167712717792,12
2024-09-20 14:33:42.259000,431.1749542014343,100
2024-09-20 14:33:42.295000,422.095195018295,5
2024-09-20 14:33:42.435000,431.13710207344775,996
2024-09-20 14:33:42.443000,431.1542999693976,1001
2024-09-20 14:33:42.491000,431.2035884349836,9
2024-09-20 14:33:42.545000,431.1598087310732,6
2024-09-20 14:33:42.566000,431.1560065927553,103
2024-09-20 14:33:42.602000,431.1965172312636,7
2024-09-20 14:33:42.606000,431.22675205034346,1002
2024-09-20 14:33:42.658000,431.23242052879897,996
2024-09-20 14:33:42.659000,431.2503125021916,1001
2024-09-20 14:33:42.796000,431.15917964562834,996
2024-09-20 14:33:42.800000,431.161247734979,14
2024-09-20 14:33:42.821000,431.1660027916671,104
2024-09-20 14:33:42.851000,431.2112184626111,1000
2024-09-20 14:33:42.966000,431.19990383287103,1001
2024-09-20 14:33:42.987000,431.2746916022192,105
2024-09-20 14:33:42.989000,431.2028541010329,100
2024-09-20 14:33:43.026000,431.168899243548,997
2024-09-20 14:33:43.035000,431.156486511724,1000
2024-09-20 14:33:43.186000,431.1672899967062,1002
2024-09-20 14:33:43.205000,431.1767536199466,996
2024-09-20 14:33:43.227000,431.1650601494555,999
2024-09-20 14:33:43.240000,431.1887400288773,105
2024-09-20 14:33:43.283000,431.1635115936707,1001
2024-09-20 14:33:43.433000,431.1526102173533,13
2024-09-20 14:33:43.502000,431.15567369637074,95
2024-09-20 14:33:43.522000,431.1859633883703,100
2024-09-20 14:33:43.617000,431.1784203480601,997
2024-09-20 14:33:43.737000,431.1713516943048,997
2024-09-20 14:33:43.828000,431.1481528682551,11
2024-09-20 14:33:43.889000,431.1444490787045,102
2024-09-20 14:33:43.909000,431.14478652125615,1003
2024-09-20 14:33:43.967000,431.16622122888094,1004
2024-09-20 14:33:44.010000,431.2053295885754,5
2024-09-20 14:33:44.071000,431.2242592248809,105
2024-09-20 14:33:44.079000,431.2441572240187,99
2024-09-20 14:33:44.102000,431.2263192323872,15
2024-09-20 14:33:44.275000,431.191447744936,999
2024-09-20 14:33:44.299000,431.2024747546288,6
2024-09-20 14:33:44.342000,431.2346478130351,95
2024-09-20 14:33:44.531000,431.1941710400827,7
2024-09-20 14:33:44.568000,431.2034897017103,997
2024-09-20 14:33:44.625000,431.2052297616219,6
2024-09-20 14:33:44.706000,431.22713015319255,100
2024-09-20 14:33:44.762000,431.2117053730993,997
2024-09-20 14:33:44.789000,431.2343802682032,998
2024-09-20 14:33:44.852000,431.2301676369342,105
2024-09-20 14:33:44.944000,431.2063697301765,104
2024-09-20 14:33:44.949000,431.2337700561378,95
2024-09-20 14:33:45.529000,431.1911959939027,8
2024-09-20 14:33:45.643000,431.1939550686034,998
2024-09-20 14:33:45.766000,431.1869056042894,1000
2024-09-20 14:33:45.774000,431.18118973988777,105
2024-09-20 14:33:45.839000,431.1922654078159,101
2024-09-20 14:33:46.035000,431.1528370364033,15
2024-09-20 14:33:46.074000,431.1328228008703,995
2024-09-20 14:33:46.089000,431.1695168768777,10
2024-09-20 14:33:46.125000,431.1820113162226,101
2024-09-20 14:33:46.146000,431.181629862133,98
2024-09-20 14:33:46.155000,431.1604346354596,99
2024-09-20 14:33:46.203000,431.1307193675127,14
2024-09-20 14:33:46.223000,431.153560233692,104
2024-09-20 14:33:46.226000,431.1402099877636,999
2024-09-20 14:33:46.253000,431.14598880288617,14
2024-09-20 14:33:46.261000,431.1538579541824,96
2024-09-20 14:33:46.301000,431.19250510799975,9
2024-09-20 14:33:46.307000,422.2895196412732,996
2024-09-20 14:33:46.325000,431.16276497448126,1003
2024-09-20 14:33:46.390000,431.1614708985869,9
2024-09-20 14:33:46.419000,431.144575336049,995
2024-09-20 14:33:46.432000,431.1101691114648,1000
2024-09-20 14:33:46.439000,431.1211902499616,97
2024-09-20 14:33:46.443000,431.1654315772579,100
2024-09-20 14:33:46.605000,431.1474437668142,15
2024-09-20 14:33:46.641000,431.1152344139672,5
2024-09-20 14:33:46.693000,431.1575756414926,1004
2024-09-20 14:33:46.731000,431.1850970541476,98
2024-09-20 14:33:46.789000,431.1341734326714,14
2024-09-20 14:33:46.846000,431.15542584298754,103
2024-09-20 14:33:46.855000,431.1528985812503,997
2024-09-20 14:33:46.894000,431.147167000821,995
2024-09-20 14:33:46.905000,431.1406667205509,15
2024-09-20 14:33:46.950000,431.16415152829467,14
2024-09-20 14:33:47.317000,431.1873215684737,5
2024-09-20 14:33:47.665000,431.21954467711566,1002
2024-09-20 14:33:47.674000,431.1867395334106,14
2024-09-20 14:33:47.787000,431.24715178532375,103
2024-09-20 14:33:48.198000,431.2299385447865,1002
2024-09-20 14:33:48.393000,431.23261392690097,6
2024-09-20 14:33:48.408000,431.2291097873792,98
2024-09-20 14:33:48.413000,431.2268931218064,9
2024-09-20 14:33:48.568000,431.228081119708,7
2024-09-20 14:33:49.882000,431.208883669842,105
2024-09-20 14:33:50.125000,422.38536305672807,1001
2024-09-20 14:33:50.355000,431.1992713349159,11
2024-09-20 14:33:52.054000,431.2073832582415,998
2024-09-20 14:33:52.076000,431.1684726270862,11
2024-09-20 14:33:52.263000,431.1889055921496,5
2024-09-20 14:33:52.297000,431.1960783893534,1003
2024-09-20 14:33:52.386000,431.16869621370137,1003
2024-09-20 14:33:52.400000,431.1438382799938,1005
2024-09-20 14:33:52.447000,431.1698046298058,102
2024-09-20 14:33:52.518000,431.1971866872099,1002
2024-09-20 14:33:52.635000,431.14779900383394,999
2024-09-20 14:33:52.682000,431.154911658629,11
2024-09-20 14:33:52.798000,431.1575446615803,995
2024-09-20 14:33:52.806000,431.2064152746348,1002
2024-09-20 14:33:52.861000,431.1495871196017,1003
2024-09-20 14:33:52.863000,431.145778090014,15
2024-09-20 14:33:52.948000,431.15376433558055,1000
2024-09-20 14:33:52.963000,431.2106284356386,1000
2024-09-20 14:33:52.968000,431.1344436636247,101
2024-09-20 14:33:53.008000,431.1130097119038,997
2024-09-20 14:33:53.023000,431.0883141338665,1003
2024-09-20 14:33:53.050000,431.0941334959207,9
2024-09-20 14:33:53.055000,431.0981570847901,995
2024-09-20 14:33:53.149000,431.1152456707674,11
2024-09-20 14:33:53.156000,431.1232404653994,14
2024-09-20 14:33:53.165000,431.13280921791056,14
2024-09-20 14:33:53.186000,431.1201259639839,6
2024-09-20 14:33:53.193000,431.1317301756754,15
2024-09-20 14:33:53.223000,431.0901156533123,9
2024-09-20 14:33:53.225000,431.1060154594791,998
2024-09-20 14:33:53.253000,431.1101353942809,998
2024-09-20 14:33:53.316000,431.1125791994867,14
2024-09-20 14:33:53.337000,431.09429972280327,12
2024-09-20 14:33:53.377000,431.1088601708474,7
2024-09-20 14:33:53.385000,431.0945325998109,103
2024-09-20 14:33:53.389000,431.08871859971663,11
2024-09-20 14:33:53.497000,431.0915324543115,1004
2024-09-20 14:33:53.751000,431.1143715275285,105
2024-09-20 14:33:53.832000,431.1124872986127,1005
2024-09-20 14:33:53.847000,431.0960237967129,998
2024-09-20 14:33:53.860000,431.1097178573005,96
2024-09-20 14:33:53.861000,431.1198835414374,6
2024-09-20 14:33:53.884000,431.09042591258384,8
2024-09-20 14:33:53.893000,431.11355424966894,100
2024-09-20 14:33:53.924000,431.1579744749618,11
2024-09-20 14:33:53.941000,431.1189624528458,1000
2024-09-20 14:33:53.988000,431.1284688570841,101
2024-09-20 14:33:54.092000,431.0865755949236,98
2024-09-20 14:33:54.258000,431.0801822335647,1004
2024-09-20 14:33:54.277000,431.0504632211865,995
2024-09-20 14:33:54.314000,431.08568269610487,95
2024-09-20 14:33:54.336000,431.0437840246189,99
2024-09-20 14:33:54.376000,431.0719282212233,995
2024-09-20 14:33:54.423000,431.07717361853696,8
2024-09-20 14:33:54.437000,431.064006762557,997
2024-09-20 14:33:54.487000,431.0819917279078,98
2024-09-20 14:33:54.488000,431.0556993433301,1005
2024-09-20 14:33:54.547000,431.0855064375216,14
2024-09-20 14:33:54.577000,431.1136852136253,1000
2024-09-20 14:33:54.606000,431.0963020132954,15
2024-09-20 14:33:54.630000,431.060923893748,998
2024-09-20 14:33:54.659000,431.0677239389599,1004
2024-09-20 14:33:54.743000,431.081447422273,11
2024-09-20 14:33:54.773000,431.0767995623909,100
2024-09-20 14:33:54.778000,431.0554202843065,999
2024-09-20 14:33:54.823000,431.0592206272104,8
2024-09-20 14:33:54.865000,431.0897776631632,1000
2024-09-20 14:33:54.897000,431.09499908599,1002
2024-09-20 14:33:54.942000,431.0873254710807,97
2024-09-20 14:33:54.942000,431.0511417776,98
2024-09-20 14:33:54.953000,431.1095653509444,95
2024-09-20 14:33:54.958000,431.0965664875866,102
2024-09-20 14:33:54.962000,431.08900532269496,103
2024-09-20 14:33:55.069000,431.1816777668392,101
2024-09-20 14:33:55.080000,431.1766326829493,997
2024-09-20 14:33:55.380000,431.1047335606511,1005
2024-09-20 14:33:55.420000,431.0935470306984,100
2024-09-20 14:33:55.572000,431.1502530986343,104
2024-09-20 14:33:55.707000,431.1518939491401,998
2024-09-20 14:33:55.896000,431.1424958552008,103
2024-09-20 14:33:56.101000,431.1485867375541,97
2024-09-20 14:33:56.116000,431.1716223603589,101
2024-09-20 14:33:56.322000,431.1856387021712,99
2024-09-20 14:33:56.511000,431.1178424152536,1003
2024-09-20 14:33:56.572000,421.9259823089312,999
2024-09-20 14:33:56.683000,431.1681013849995,997
2024-09-20 14:33:56.823000,431.1718897697591,103
2024-09-20 14:33:57.114000,431.1428439086513,997
2024-09-20 14:33:58.077000,431.1501344714936,1000
2024-09-20 14:33:58.138000,431.1483856912965,8
2024-09-20 14:33:58.178000,431.1649739860821,995
2024-09-20 14:33:58.212000,431.1260605153437,101
2024-09-20 14:33:58.291000,431.1476328331219,100
2024-09-20 14:33:58.295000,431.1420552124876,13
2024-09-20 14:33:58.300000,431.1438296514738,1004
2024-09-20 14:33:58.302000,431.1389407040337,14
2024-09-20 14:33:58.317000,431.1510419795486,1002
2024-09-20 14:33:58.387000,431.1445078295581,998
2024-09-20 14:33:58.418000,431.1624348181624,14
2024-09-20 14:33:58.492000,431.1399802687454,8
2024-09-20 14:33:58.609000,431.159927546841,1003
2024-09-20 14:33:58.706000,431.1337019825593,5
2024-09-20 14:33:58.735000,431.14445409345495,995
2024-09-20 14:33:58.746000,431.1507869592221,11
2024-09-20 14:33:59.025000,431.10434790189794,11
2024-09-20 14:33:59.061000,431.1098656924225,10
2024-09-20 14:33:59.068000,431.1063549072129,102
2024-09-20 14:33:59.119000,431.1125751034714,999
2024-09-20 14:33:59.140000,431.100043865208,12
2024-09-20 14:33:59.199000,431.12880069875706,98
2024-09-20 14:33:59.201000,431.0764846865524,13
2024-09-20 14:33:59.210000,431.07333439104434,11
2024-09-20 14:33:59.255000,431.09879100138136,997
2024-09-20 14:33:59.343000,431.1535956619948,1000
2024-09-20 14:33:59.410000,431.1097648189645,96
2024-09-20 14:33:59.445000,431.094368088291,11
2024-09-20 14:33:59.496000,431.1022064757814,95
2024-09-20 14:33:59.499000,431.0960399156321,1004
2024-09-20 14:33:59.512000,431.1128189789072,996
2024-09-20 14:33:59.584000,431.09442180638536,11
2024-09-20 14:33:59.616000,431.1323906172692,1002
2024-09-20 14:33:59.637000,431.07418843345374,9
2024-09-20 14:33:59.689000,431.0821996693276,97
2024-09-20 14:33:59.703000,431.14027000843765,13
2024-09-20 14:33:59.764000,431.10479377536615,5
2024-09-20 14:33:59.808000,431.0970608781867,12
2024-09-20 14:33:59.819000,431.0810847620127,100
2024-09-20 14:33:59.840000,431.1173724569679,102
2024-09-20 14:33:59.995000,431.1514454944857,8
