Timestamp,Price,Size
2024-09-18 12:12:00.168000,416.6625902543024,95
2024-09-18 12:12:00.190000,416.6912637514844,11
2024-09-18 12:12:00.300000,416.6697035200983,12
2024-09-18 12:12:00.361000,416.6957080297881,101
2024-09-18 12:12:00.369000,416.6824237319018,996
2024-09-18 12:12:00.507000,416.68619185110566,1001
2024-09-18 12:12:00.615000,416.68269730636086,98
2024-09-18 12:12:00.669000,416.6708019003008,105
2024-09-18 12:12:00.707000,416.686123445484,1005
2024-09-18 12:12:00.739000,416.65204961546567,97
2024-09-18 12:12:00.809000,416.6679908269677,11
2024-09-18 12:12:00.874000,416.6663620922226,9
2024-09-18 12:12:00.909000,416.657600604748,1003
2024-09-18 12:12:00.977000,416.6867790150093,96
2024-09-18 12:12:01.013000,416.6878123888068,11
2024-09-18 12:12:01.226000,416.691895829009,1003
2024-09-18 12:12:01.235000,416.6975770629384,95
2024-09-18 12:12:01.239000,416.6859268168802,13
2024-09-18 12:12:01.326000,416.66896311743807,104
2024-09-18 12:12:01.477000,416.6772432682741,996
2024-09-18 12:12:01.553000,416.70452515219847,7
2024-09-18 12:12:01.574000,416.69211645888174,1002
2024-09-18 12:12:01.715000,416.6819113271999,100
2024-09-18 12:12:01.770000,416.689126428996,95
2024-09-18 12:12:01.933000,416.6821373311466,8
2024-09-18 12:12:02.024000,416.7093646210544,997
2024-09-18 12:12:02.041000,416.7537083876256,997
2024-09-18 12:12:02.063000,416.7018585530317,99
2024-09-18 12:12:02.087000,416.6890245150421,14
2024-09-18 12:12:02.119000,416.7085704402704,1004
2024-09-18 12:12:02.146000,416.7068462895216,103
2024-09-18 12:12:02.213000,416.7471809353673,7
2024-09-18 12:12:02.232000,416.7079082083321,15
2024-09-18 12:12:02.242000,416.7089575792872,105
2024-09-18 12:12:02.355000,416.7387769804422,95
2024-09-18 12:12:02.431000,416.6975265719651,999
2024-09-18 12:12:02.437000,416.72473450400366,1000
2024-09-18 12:12:02.566000,416.71182383982585,996
2024-09-18 12:12:02.702000,416.69915340623646,98
2024-09-18 12:12:02.841000,416.6987139552767,105
2024-09-18 12:12:02.843000,416.687170369562,101
2024-09-18 12:12:02.864000,416.6984891257387,9
2024-09-18 12:12:02.914000,416.71494199240266,97
2024-09-18 12:12:02.992000,416.7409639112242,10
2024-09-18 12:12:03.165000,416.75417251492087,99
2024-09-18 12:12:03.237000,416.7809534701338,999
2024-09-18 12:12:03.276000,416.74395209681103,7
2024-09-18 12:12:03.287000,416.7538846700775,996
2024-09-18 12:12:03.295000,416.7800216068179,95
2024-09-18 12:12:03.369000,416.7566367246724,103
2024-09-18 12:12:03.396000,416.7607454792008,13
2024-09-18 12:12:03.458000,416.7559531283742,100
2024-09-18 12:12:03.469000,416.7406963634496,14
2024-09-18 12:12:03.491000,416.7688001010316,104
2024-09-18 12:12:03.495000,416.7686387746011,105
2024-09-18 12:12:03.631000,416.7668717362216,96
2024-09-18 12:12:03.774000,416.7695559067357,13
2024-09-18 12:12:03.912000,416.758186231806,10
2024-09-18 12:12:03.913000,416.7447906403577,99
2024-09-18 12:12:03.986000,416.7497253757728,1005
2024-09-18 12:12:04.147000,416.77012930155854,11
2024-09-18 12:12:04.222000,416.7771686288136,105
2024-09-18 12:12:04.370000,416.790456219593,100
2024-09-18 12:12:04.787000,416.7957148280307,7
2024-09-18 12:12:04.816000,416.772559020849,6
2024-09-18 12:12:04.954000,416.77425492452,1000
2024-09-18 12:12:04.955000,416.77349246788015,1002
2024-09-18 12:12:05.032000,416.75914302858433,104
2024-09-18 12:12:05.052000,416.815066630272,997
2024-09-18 12:12:05.064000,416.7827172884812,1002
2024-09-18 12:12:05.155000,416.7763971766957,9
2024-09-18 12:12:05.163000,416.7718462122662,995
2024-09-18 12:12:05.222000,416.76490226044746,1000
2024-09-18 12:12:05.224000,416.7846607704252,104
2024-09-18 12:12:05.282000,416.8132027787543,102
2024-09-18 12:12:05.291000,416.8085899466929,996
2024-09-18 12:12:05.311000,416.782430716279,1005
2024-09-18 12:12:05.330000,416.7756277599716,8
2024-09-18 12:12:05.353000,416.8054916106868,96
2024-09-18 12:12:05.489000,416.76682549538015,10
2024-09-18 12:12:05.556000,416.77864331012654,6
2024-09-18 12:12:05.607000,416.7598044810137,5
2024-09-18 12:12:05.610000,416.7930736301912,999
2024-09-18 12:12:05.639000,416.758012888496,1002
2024-09-18 12:12:05.710000,416.7544306106247,1003
2024-09-18 12:12:05.788000,416.7921677132934,100
2024-09-18 12:12:05.801000,416.7701639712565,99
2024-09-18 12:12:05.898000,416.7809723597948,101
2024-09-18 12:12:05.900000,416.7788223362488,996
2024-09-18 12:12:05.901000,416.7664511510766,105
2024-09-18 12:12:06,416.7795485909669,1001
2024-09-18 12:12:06.003000,416.7853541886974,5
2024-09-18 12:12:06.062000,416.7590096427314,1003
2024-09-18 12:12:06.091000,416.7738402060562,999
2024-09-18 12:12:06.092000,416.786847068923,103
2024-09-18 12:12:06.126000,416.7755447192984,11
2024-09-18 12:12:06.336000,416.7680950655973,8
2024-09-18 12:12:06.443000,416.77103580399074,1004
2024-09-18 12:12:06.505000,416.7871480296177,104
2024-09-18 12:12:06.621000,416.7996649391551,997
2024-09-18 12:12:06.855000,416.76672706206847,5
2024-09-18 12:12:06.864000,416.782024864184,102
2024-09-18 12:12:06.920000,416.75536283273794,1003
2024-09-18 12:12:07.029000,416.7548389795597,97
2024-09-18 12:12:07.260000,416.72146324987375,104
2024-09-18 12:12:07.302000,416.7802472879446,100
2024-09-18 12:12:07.320000,416.7481645504319,1003
2024-09-18 12:12:07.462000,416.7785857650198,103
2024-09-18 12:12:07.537000,416.7211845402314,1002
2024-09-18 12:12:07.567000,416.7205924508141,11
2024-09-18 12:12:07.576000,416.7454773656394,1001
2024-09-18 12:12:07.659000,416.76608333957154,96
2024-09-18 12:12:07.672000,416.76268868449927,100
2024-09-18 12:12:07.683000,416.7641230773942,13
2024-09-18 12:12:07.685000,416.7927920823976,1002
2024-09-18 12:12:07.707000,416.7871399844768,105
2024-09-18 12:12:07.753000,416.7151712550422,96
2024-09-18 12:12:07.825000,416.74488214036506,6
2024-09-18 12:12:07.839000,416.77458726320367,1001
2024-09-18 12:12:07.883000,416.76645963908265,999
2024-09-18 12:12:07.928000,416.7402372277248,1004
2024-09-18 12:12:07.936000,416.7775812193415,103
2024-09-18 12:12:07.943000,416.7859229555289,11
2024-09-18 12:12:07.943000,416.7420900807684,5
2024-09-18 12:12:07.979000,416.7806599032079,998
2024-09-18 12:12:07.991000,416.7797428782156,95
2024-09-18 12:12:08.040000,416.71680432759,1001
2024-09-18 12:12:08.053000,416.6810697103094,100
2024-09-18 12:12:08.091000,416.70819128132587,99
2024-09-18 12:12:08.104000,416.635495661004,98
2024-09-18 12:12:08.154000,416.7118307347524,9
2024-09-18 12:12:08.208000,416.7010732673792,998
2024-09-18 12:12:08.228000,416.6911359845665,999
2024-09-18 12:12:08.293000,416.666044440851,102
2024-09-18 12:12:08.298000,416.6245030751385,996
2024-09-18 12:12:08.350000,416.6678534916148,98
2024-09-18 12:12:08.375000,416.7063027779572,9
2024-09-18 12:12:08.376000,416.6938212206424,100
2024-09-18 12:12:08.393000,416.67935978377807,6
2024-09-18 12:12:08.399000,416.66377403331256,1003
2024-09-18 12:12:08.412000,416.6257194848326,14
2024-09-18 12:12:08.465000,416.70197269796256,6
2024-09-18 12:12:08.515000,416.69932799723045,5
2024-09-18 12:12:08.535000,416.64144810376007,999
2024-09-18 12:12:08.540000,416.6879328134201,103
2024-09-18 12:12:08.561000,416.6624524864332,103
2024-09-18 12:12:08.630000,416.6729282195059,101
2024-09-18 12:12:08.631000,416.6638251746895,995
2024-09-18 12:12:08.756000,416.666411680032,8
2024-09-18 12:12:08.943000,416.68965446256703,8
2024-09-18 12:12:08.968000,416.70020480386455,98
2024-09-18 12:12:09.013000,416.6326600503113,996
2024-09-18 12:12:09.216000,416.6563130341152,103
2024-09-18 12:12:09.244000,416.6316993794081,105
2024-09-18 12:12:09.365000,416.6304626988828,6
2024-09-18 12:12:09.378000,416.63741720122215,10
2024-09-18 12:12:09.401000,416.6344326387086,996
2024-09-18 12:12:09.685000,416.65887482099305,1003
2024-09-18 12:12:09.719000,416.62603429310286,995
2024-09-18 12:12:09.841000,416.63323166996327,105
2024-09-18 12:12:09.863000,416.6241129542958,96
2024-09-18 12:12:09.878000,416.6321781440964,100
2024-09-18 12:12:09.914000,416.631662783091,104
2024-09-18 12:12:09.949000,416.6303059099918,7
2024-09-18 12:12:09.971000,416.64768525464433,997
2024-09-18 12:12:10.050000,416.62947662157154,1004
2024-09-18 12:12:10.050000,416.6675105079374,14
2024-09-18 12:12:10.123000,416.64193126530574,95
2024-09-18 12:12:10.174000,416.6470068723808,101
2024-09-18 12:12:10.208000,416.6586987082566,1002
2024-09-18 12:12:10.277000,416.6139608252778,996
2024-09-18 12:12:10.328000,416.6662693411964,105
2024-09-18 12:12:10.347000,416.6796621958243,5
2024-09-18 12:12:10.373000,416.62972356396017,9
2024-09-18 12:12:10.399000,416.62292206659487,97
2024-09-18 12:12:10.443000,416.64109248662766,95
2024-09-18 12:12:10.465000,416.62755516179016,999
2024-09-18 12:12:10.512000,416.616841681207,97
2024-09-18 12:12:10.533000,416.6208951549401,101
2024-09-18 12:12:10.536000,416.62792522169264,103
2024-09-18 12:12:10.764000,416.6238717855303,96
2024-09-18 12:12:10.819000,416.6495823321917,96
2024-09-18 12:12:10.826000,416.605926521527,10
2024-09-18 12:12:10.837000,416.69374503882295,98
2024-09-18 12:12:10.848000,416.6775303464877,99
2024-09-18 12:12:10.904000,416.6321984084924,1000
2024-09-18 12:12:10.907000,416.6136378890786,14
2024-09-18 12:12:10.968000,416.6331868427323,8
2024-09-18 12:12:10.997000,416.60469993359214,101
2024-09-18 12:12:11.018000,416.5956350964144,95
2024-09-18 12:12:11.057000,416.5862862073637,996
2024-09-18 12:12:11.058000,416.6432972017861,96
2024-09-18 12:12:11.077000,416.6228288877396,103
2024-09-18 12:12:11.127000,416.5871375395853,12
2024-09-18 12:12:11.253000,416.56891601668224,11
2024-09-18 12:12:11.258000,416.5750410652464,97
2024-09-18 12:12:11.436000,416.6340468309854,1002
2024-09-18 12:12:11.445000,416.63930088572937,1005
2024-09-18 12:12:11.445000,416.63479453901454,101
2024-09-18 12:12:11.586000,416.6577023855416,100
2024-09-18 12:12:11.626000,416.6194978136848,101
2024-09-18 12:12:11.668000,416.6669987019365,14
2024-09-18 12:12:11.670000,416.6442134314694,10
2024-09-18 12:12:11.727000,416.5750803304645,101
2024-09-18 12:12:11.749000,416.6511047474597,13
2024-09-18 12:12:11.774000,416.5689669335392,1000
2024-09-18 12:12:11.803000,416.6347611934838,1005
2024-09-18 12:12:11.857000,416.6178778933702,1004
2024-09-18 12:12:11.896000,416.639188735528,13
2024-09-18 12:12:11.914000,416.6579908411416,998
2024-09-18 12:12:11.929000,416.6669298358555,995
2024-09-18 12:12:11.939000,416.5999908301426,97
2024-09-18 12:12:12.066000,416.64818981290335,11
2024-09-18 12:12:12.113000,416.6442247621872,99
2024-09-18 12:12:12.131000,416.63491093849655,8
2024-09-18 12:12:12.136000,416.66593403299527,1000
2024-09-18 12:12:12.139000,416.6238867247831,1002
2024-09-18 12:12:12.171000,416.6153525264632,1003
2024-09-18 12:12:12.193000,416.62817104015465,999
2024-09-18 12:12:12.235000,416.6551455364598,995
2024-09-18 12:12:12.242000,416.6216097126233,995
2024-09-18 12:12:12.273000,416.6255620466667,95
2024-09-18 12:12:12.351000,416.6451326896872,99
2024-09-18 12:12:12.351000,416.6299652869729,96
2024-09-18 12:12:12.404000,416.6444430496186,15
2024-09-18 12:12:12.430000,416.636625985952,15
2024-09-18 12:12:12.451000,416.6861849028567,97
2024-09-18 12:12:12.517000,416.6683128832042,5
2024-09-18 12:12:12.564000,416.6696968745375,9
2024-09-18 12:12:12.580000,416.6522348661828,15
2024-09-18 12:12:12.599000,416.6697143892637,100
2024-09-18 12:12:12.619000,416.6439335085123,1001
2024-09-18 12:12:12.775000,416.68885154265496,9
2024-09-18 12:12:12.857000,416.6102490227549,1005
2024-09-18 12:12:12.913000,416.6622290727203,6
2024-09-18 12:12:12.978000,416.64221522968967,99
2024-09-18 12:12:12.981000,416.62327349266144,1003
2024-09-18 12:12:13.099000,416.66281691442174,1002
2024-09-18 12:12:13.111000,416.6808699853107,101
2024-09-18 12:12:13.165000,416.6923267537832,97
2024-09-18 12:12:13.170000,416.6682407756395,100
2024-09-18 12:12:13.195000,416.6629256028706,8
2024-09-18 12:12:13.250000,416.6342240408285,97
2024-09-18 12:12:13.298000,416.647323205492,998
2024-09-18 12:12:13.332000,416.6681261576103,999
2024-09-18 12:12:13.342000,416.6452116285583,101
2024-09-18 12:12:13.381000,416.6776511170697,1000
2024-09-18 12:12:13.409000,416.68312756531066,98
2024-09-18 12:12:13.435000,416.6702114141579,100
2024-09-18 12:12:13.436000,416.6635823811573,1004
2024-09-18 12:12:13.481000,416.6647578234901,10
2024-09-18 12:12:13.503000,416.6821567083112,15
2024-09-18 12:12:13.562000,416.6685529836185,11
2024-09-18 12:12:13.598000,416.64649931273135,13
2024-09-18 12:12:13.699000,416.6659481679495,101
2024-09-18 12:12:13.759000,416.670109125761,105
2024-09-18 12:12:13.816000,416.6871188579493,1004
2024-09-18 12:12:13.817000,416.67286020743205,9
2024-09-18 12:12:13.839000,416.6407705871327,15
2024-09-18 12:12:13.866000,416.65129951736304,97
2024-09-18 12:12:13.891000,416.6896893327194,96
2024-09-18 12:12:13.932000,416.6792672331815,1005
2024-09-18 12:12:13.933000,416.677823330058,102
2024-09-18 12:12:13.994000,416.6834635406782,11
2024-09-18 12:12:14.001000,416.6485805140356,6
2024-09-18 12:12:14.028000,416.67933727207713,996
2024-09-18 12:12:14.057000,416.6853206727655,6
2024-09-18 12:12:14.158000,416.66120424506175,1004
2024-09-18 12:12:14.168000,416.6957155542828,11
2024-09-18 12:12:14.185000,416.6757286617548,95
2024-09-18 12:12:14.210000,416.649776518713,102
2024-09-18 12:12:14.296000,416.679456201334,13
2024-09-18 12:12:14.321000,416.6867964914239,101
2024-09-18 12:12:14.324000,416.68035507576224,11
2024-09-18 12:12:14.391000,416.6956850256127,9
2024-09-18 12:12:14.393000,416.68060050678406,102
2024-09-18 12:12:14.420000,416.6859123219605,1002
2024-09-18 12:12:14.424000,416.69512820968544,7
2024-09-18 12:12:14.464000,416.6736222024265,103
2024-09-18 12:12:14.509000,416.6329919080666,100
2024-09-18 12:12:14.586000,416.6411495825415,96
2024-09-18 12:12:14.631000,416.6552002949024,95
2024-09-18 12:12:14.687000,416.6480621739733,98
2024-09-18 12:12:14.726000,416.6434438581424,15
2024-09-18 12:12:14.748000,416.6379394593334,8
2024-09-18 12:12:14.771000,416.6997989681985,97
2024-09-18 12:12:14.805000,416.6341381880024,7
2024-09-18 12:12:14.959000,416.70255411041467,12
2024-09-18 12:12:14.972000,416.6848502346866,1004
2024-09-18 12:12:14.984000,416.6519994116516,996
2024-09-18 12:12:15.007000,416.6368557994007,11
2024-09-18 12:12:15.339000,416.6065139778048,105
2024-09-18 12:12:15.398000,416.60885664916185,99
2024-09-18 12:12:15.406000,416.63137561740143,9
2024-09-18 12:12:15.408000,416.5959130955159,9
2024-09-18 12:12:15.436000,416.6066462000585,1003
2024-09-18 12:12:15.506000,416.6105559059521,996
2024-09-18 12:12:15.631000,416.600320833233,104
2024-09-18 12:12:15.794000,416.6117292402034,105
2024-09-18 12:12:15.868000,416.6318916626319,104
2024-09-18 12:12:16.007000,416.63555048906113,1004
2024-09-18 12:12:16.058000,416.6098964675576,997
2024-09-18 12:12:16.128000,416.62189186742233,103
2024-09-18 12:12:16.374000,416.6209931011909,98
2024-09-18 12:12:16.581000,416.60657176134254,96
2024-09-18 12:12:16.740000,416.60512124137904,10
2024-09-18 12:12:16.785000,416.5977088552679,6
2024-09-18 12:12:16.875000,416.5845496050397,13
2024-09-18 12:12:16.919000,416.6212957988868,996
2024-09-18 12:12:16.934000,416.6365756239954,8
2024-09-18 12:12:16.941000,416.6276606867795,12
2024-09-18 12:12:17.021000,416.6188158271782,998
2024-09-18 12:12:17.063000,416.69987932094494,99
2024-09-18 12:12:17.091000,416.68547073987264,997
2024-09-18 12:12:17.093000,416.5998287133928,104
2024-09-18 12:12:17.125000,416.6105582415579,14
2024-09-18 12:12:17.153000,416.6866199075272,100
2024-09-18 12:12:17.261000,416.6907304328717,15
2024-09-18 12:12:17.269000,416.6128028691573,96
2024-09-18 12:12:17.311000,416.6636831623682,99
2024-09-18 12:12:17.320000,416.68306481808673,11
2024-09-18 12:12:17.510000,416.6969148475895,105
2024-09-18 12:12:17.529000,416.69309622433593,1002
2024-09-18 12:12:17.532000,416.7000672965365,11
2024-09-18 12:12:17.567000,416.6009227487922,96
2024-09-18 12:12:17.638000,416.6170194496224,96
2024-09-18 12:12:17.696000,416.6077637525136,5
2024-09-18 12:12:17.851000,416.6305687748669,1001
2024-09-18 12:12:17.900000,416.61335862463824,998
2024-09-18 12:12:17.971000,416.6543993662908,13
2024-09-18 12:12:18.001000,416.7269508452329,103
2024-09-18 12:12:18.007000,416.72764175101145,96
2024-09-18 12:12:18.007000,416.7016704962338,105
2024-09-18 12:12:18.041000,416.721895879912,96
2024-09-18 12:12:18.073000,416.7376568010525,1000
2024-09-18 12:12:18.194000,416.73089923561565,97
2024-09-18 12:12:18.249000,416.7570832230152,10
2024-09-18 12:12:18.278000,416.75206007343706,996
2024-09-18 12:12:18.316000,416.7638997759416,97
2024-09-18 12:12:18.321000,416.7384469883685,997
2024-09-18 12:12:18.343000,416.7577225679659,1001
2024-09-18 12:12:18.394000,416.74645901525,14
2024-09-18 12:12:18.401000,416.7501040586285,95
2024-09-18 12:12:18.433000,416.6956683638908,7
2024-09-18 12:12:18.527000,416.7395320381763,103
2024-09-18 12:12:18.559000,416.7211548494229,103
2024-09-18 12:12:18.601000,416.73190892384224,1002
2024-09-18 12:12:18.608000,416.6973840950655,13
2024-09-18 12:12:18.608000,416.7514922843269,98
2024-09-18 12:12:18.608000,416.7200707397527,13
2024-09-18 12:12:18.611000,416.7104476828599,1004
2024-09-18 12:12:18.717000,416.7567361202151,1005
2024-09-18 12:12:18.741000,416.7353033349832,1004
2024-09-18 12:12:18.773000,416.7227473424358,13
2024-09-18 12:12:18.810000,416.7289828909034,101
2024-09-18 12:12:18.821000,416.7646284897915,100
2024-09-18 12:12:18.892000,416.7317958908783,1000
2024-09-18 12:12:18.914000,416.7461449396234,14
2024-09-18 12:12:18.969000,416.7268940904986,996
2024-09-18 12:12:18.969000,416.7610834051792,13
2024-09-18 12:12:19.047000,416.74091120935503,98
2024-09-18 12:12:19.059000,416.7004716310105,1003
2024-09-18 12:12:19.167000,416.6934846376702,99
2024-09-18 12:12:19.218000,416.721811627173,99
2024-09-18 12:12:19.339000,416.7193903543253,11
2024-09-18 12:12:19.455000,416.7145953570597,999
2024-09-18 12:12:19.463000,416.70440045997753,101
2024-09-18 12:12:19.479000,416.72436404648255,7
2024-09-18 12:12:19.626000,416.7162856082168,100
2024-09-18 12:12:19.713000,416.7118319250096,996
2024-09-18 12:12:19.789000,416.7183967171352,104
2024-09-18 12:12:19.810000,416.7263689141296,102
2024-09-18 12:12:19.828000,416.69424233250953,8
2024-09-18 12:12:19.905000,416.7260470783634,6
2024-09-18 12:12:19.912000,416.6937470252144,102
2024-09-18 12:12:20.087000,416.7153431240122,7
2024-09-18 12:12:20.112000,416.7112382363301,1003
2024-09-18 12:12:20.203000,416.6786008001513,95
2024-09-18 12:12:20.245000,416.6861258158685,14
2024-09-18 12:12:20.294000,416.73331769325534,996
2024-09-18 12:12:20.321000,416.6896429103585,1001
2024-09-18 12:12:20.326000,416.7028559333331,15
2024-09-18 12:12:20.342000,416.6910789377976,14
2024-09-18 12:12:20.393000,416.6914896350336,98
2024-09-18 12:12:20.422000,416.6952527001548,9
2024-09-18 12:12:20.478000,416.6830197643399,7
2024-09-18 12:12:20.518000,416.6982380246057,999
2024-09-18 12:12:20.578000,416.7245421547733,8
2024-09-18 12:12:20.617000,416.70580998158994,95
2024-09-18 12:12:20.687000,416.6965113319158,6
2024-09-18 12:12:20.708000,416.6985626161903,104
2024-09-18 12:12:20.740000,416.6667972255855,1002
2024-09-18 12:12:20.757000,416.6853629353747,102
2024-09-18 12:12:20.763000,416.6666709678233,1000
2024-09-18 12:12:20.776000,416.71929537015336,96
2024-09-18 12:12:20.802000,416.6581949004209,6
2024-09-18 12:12:20.834000,416.7006303246616,101
2024-09-18 12:12:20.843000,416.71422050123726,1005
2024-09-18 12:12:20.871000,416.7086399949417,1002
2024-09-18 12:12:21.028000,416.6838384455645,11
2024-09-18 12:12:21.040000,416.65836180337664,11
2024-09-18 12:12:21.142000,416.61990303970936,101
2024-09-18 12:12:21.145000,416.6384421385372,7
2024-09-18 12:12:21.214000,416.68376139366353,96
2024-09-18 12:12:21.219000,416.6526053323993,8
2024-09-18 12:12:21.236000,416.6503969441435,9
2024-09-18 12:12:21.302000,416.6947817370586,98
2024-09-18 12:12:21.311000,416.6533944202569,12
2024-09-18 12:12:21.316000,416.6348465711932,1001
2024-09-18 12:12:21.456000,416.7037665480773,98
2024-09-18 12:12:21.508000,416.6844285838485,95
2024-09-18 12:12:21.636000,416.7188841954825,13
2024-09-18 12:12:21.674000,416.683909382689,1005
2024-09-18 12:12:21.704000,416.6839662653266,6
2024-09-18 12:12:21.798000,416.70372022987857,1002
2024-09-18 12:12:21.804000,416.6653643093769,1004
2024-09-18 12:12:21.826000,416.6593203229797,1002
2024-09-18 12:12:21.877000,416.6270726886277,8
2024-09-18 12:12:21.900000,416.6415723305239,1002
2024-09-18 12:12:21.912000,416.64365234673375,10
2024-09-18 12:12:21.912000,416.69302536106926,104
2024-09-18 12:12:21.927000,416.6539405307107,5
2024-09-18 12:12:21.972000,416.6986252373926,13
2024-09-18 12:12:22,416.8351170356033,99
2024-09-18 12:12:22.034000,416.679508100701,9
2024-09-18 12:12:22.071000,416.6862178089798,998
2024-09-18 12:12:22.110000,416.8319455593417,12
2024-09-18 12:12:22.146000,416.7172910772812,1002
2024-09-18 12:12:22.161000,416.7000796575158,13
2024-09-18 12:12:22.231000,416.7744485702369,1000
2024-09-18 12:12:22.400000,416.68558672214425,103
2024-09-18 12:12:22.490000,416.8369905418116,6
2024-09-18 12:12:22.508000,416.7527191315245,1002
2024-09-18 12:12:22.526000,416.8408557858355,1001
2024-09-18 12:12:22.565000,416.7007611152463,7
2024-09-18 12:12:22.582000,416.8405497570985,6
2024-09-18 12:12:22.655000,416.7390388233039,1000
2024-09-18 12:12:22.769000,416.8289062310556,1002
2024-09-18 12:12:22.774000,416.8280760256181,15
2024-09-18 12:12:22.907000,416.8156066709712,12
2024-09-18 12:12:22.952000,416.7787528900617,1000
2024-09-18 12:12:23.113000,416.85253164433385,1000
2024-09-18 12:12:23.174000,416.842944177609,995
2024-09-18 12:12:23.182000,416.7885831904747,5
2024-09-18 12:12:23.212000,416.8127189975774,995
2024-09-18 12:12:23.225000,416.82696038846393,1000
2024-09-18 12:12:23.233000,416.7993795071757,8
2024-09-18 12:12:23.334000,416.8020763016548,1000
2024-09-18 12:12:23.351000,416.8224775034481,100
2024-09-18 12:12:23.539000,416.8480502297564,1000
2024-09-18 12:12:23.616000,416.78541485441446,8
2024-09-18 12:12:23.688000,416.7964697974596,105
2024-09-18 12:12:23.750000,416.8181673987201,103
2024-09-18 12:12:23.770000,416.8126176735847,999
2024-09-18 12:12:23.776000,416.8422615484795,100
2024-09-18 12:12:23.782000,416.78914144971736,101
2024-09-18 12:12:23.805000,416.8097327314469,102
2024-09-18 12:12:23.968000,416.8202080295648,12
2024-09-18 12:12:24.024000,416.8317627052364,101
2024-09-18 12:12:24.094000,416.8190690201331,15
2024-09-18 12:12:24.118000,416.80117865422426,14
2024-09-18 12:12:24.137000,416.8334411340433,15
2024-09-18 12:12:24.150000,416.8117220308488,97
2024-09-18 12:12:24.461000,416.809727459742,12
2024-09-18 12:12:24.464000,416.8170565858711,103
2024-09-18 12:12:24.822000,416.8284858055038,13
2024-09-18 12:12:24.882000,416.8156514555775,5
2024-09-18 12:12:25.033000,416.7998035378543,5
2024-09-18 12:12:25.083000,416.7983494572418,14
2024-09-18 12:12:25.088000,416.822770991409,98
2024-09-18 12:12:25.093000,416.827105791104,5
2024-09-18 12:12:25.101000,416.8191853880936,100
2024-09-18 12:12:25.149000,416.83513637653,1003
2024-09-18 12:12:25.181000,416.81501327645,998
2024-09-18 12:12:25.236000,416.83216715552993,5
2024-09-18 12:12:25.323000,416.80617895077074,1003
2024-09-18 12:12:25.368000,416.8082567429327,5
2024-09-18 12:12:25.388000,416.82189213985424,104
2024-09-18 12:12:25.509000,416.8125761153088,97
2024-09-18 12:12:25.692000,416.8259652092181,104
2024-09-18 12:12:25.803000,416.822842299807,995
2024-09-18 12:12:25.852000,416.8236275209436,95
2024-09-18 12:12:25.866000,416.84290024801135,100
2024-09-18 12:12:25.942000,416.8168166035904,1004
2024-09-18 12:12:25.985000,416.8247075742136,102
2024-09-18 12:12:26.333000,416.77135523470594,999
2024-09-18 12:12:26.352000,416.7711877616872,104
2024-09-18 12:12:26.387000,416.7762955394314,1003
2024-09-18 12:12:26.421000,416.784394951709,15
2024-09-18 12:12:26.455000,416.78807937767607,101
2024-09-18 12:12:26.574000,416.7974065057492,13
2024-09-18 12:12:26.585000,416.7699678902741,105
2024-09-18 12:12:26.669000,416.81197824845685,996
2024-09-18 12:12:26.669000,416.7858504292205,12
2024-09-18 12:12:26.717000,416.81674614573694,6
2024-09-18 12:12:26.793000,416.7848448936249,1000
2024-09-18 12:12:26.941000,416.7767232552216,104
2024-09-18 12:12:26.968000,416.7949926429516,99
2024-09-18 12:12:26.972000,416.7662880292947,97
2024-09-18 12:12:26.974000,416.7671759660441,99
2024-09-18 12:12:26.987000,416.79960440589474,1002
2024-09-18 12:12:26.994000,416.7917580747614,10
2024-09-18 12:12:27.005000,416.7201868870644,998
2024-09-18 12:12:27.008000,416.7580796507575,97
2024-09-18 12:12:27.013000,416.7294040312714,1001
2024-09-18 12:12:27.028000,416.7188575569516,12
2024-09-18 12:12:27.105000,416.7908280565709,1000
2024-09-18 12:12:27.135000,416.7475631671522,1003
2024-09-18 12:12:27.155000,416.7600289142951,1000
2024-09-18 12:12:27.199000,416.736103800879,105
2024-09-18 12:12:27.315000,416.7513744204767,998
2024-09-18 12:12:27.339000,416.7905061196976,9
2024-09-18 12:12:27.402000,416.7722120841762,1005
2024-09-18 12:12:27.433000,416.7948124372887,9
2024-09-18 12:12:27.540000,416.7970075870676,997
2024-09-18 12:12:27.559000,416.8075285549773,103
2024-09-18 12:12:27.597000,416.7347005365497,10
2024-09-18 12:12:27.604000,416.7823777716084,15
2024-09-18 12:12:27.640000,416.73085942083776,995
2024-09-18 12:12:27.667000,416.75303809808094,12
2024-09-18 12:12:27.706000,416.7732073785063,1002
2024-09-18 12:12:27.709000,416.7937211130456,103
2024-09-18 12:12:27.773000,416.758400496629,999
2024-09-18 12:12:27.774000,416.7543610040336,9
2024-09-18 12:12:27.786000,416.7342512714936,105
2024-09-18 12:12:27.847000,416.742324920352,1002
2024-09-18 12:12:27.885000,416.7688137550297,12
2024-09-18 12:12:27.909000,416.7949488590712,102
2024-09-18 12:12:27.917000,416.7491247503721,12
2024-09-18 12:12:27.931000,416.7789612377729,998
2024-09-18 12:12:29.073000,416.7699916141013,8
2024-09-18 12:12:29.091000,416.80556344823407,6
2024-09-18 12:12:29.102000,416.7825986383963,7
2024-09-18 12:12:29.142000,416.82955443062366,7
2024-09-18 12:12:29.203000,416.8093554201296,103
2024-09-18 12:12:29.244000,416.7911539614786,9
2024-09-18 12:12:29.267000,416.7758749120604,99
2024-09-18 12:12:29.280000,416.7677742406816,1002
2024-09-18 12:12:29.450000,416.7919190187833,1003
2024-09-18 12:12:29.499000,416.7781823342892,98
2024-09-18 12:12:29.522000,416.80967456830194,997
2024-09-18 12:12:29.586000,416.7933051695439,997
2024-09-18 12:12:29.662000,416.8192903799795,999
2024-09-18 12:12:29.669000,416.7855654931244,11
2024-09-18 12:12:29.698000,416.77339236309984,102
2024-09-18 12:12:29.706000,416.7811124610542,105
2024-09-18 12:12:29.749000,416.7956767937652,105
2024-09-18 12:12:29.799000,416.7742061385216,104
2024-09-18 12:12:29.821000,416.8254828224168,1003
2024-09-18 12:12:29.837000,416.8021395014178,96
2024-09-18 12:12:29.853000,416.81668136909246,100
2024-09-18 12:12:29.866000,416.8258385787094,102
2024-09-18 12:12:29.898000,416.8121134787354,99
2024-09-18 12:12:30.017000,416.8284202962584,11
2024-09-18 12:12:30.031000,416.8530241660384,995
2024-09-18 12:12:30.110000,416.8285334381768,95
2024-09-18 12:12:30.141000,416.8267114253725,104
2024-09-18 12:12:30.142000,416.8066665138402,6
2024-09-18 12:12:30.169000,416.8080427075489,103
2024-09-18 12:12:30.172000,416.8158146717503,100
2024-09-18 12:12:30.244000,416.82388350548734,7
2024-09-18 12:12:30.283000,416.83304671738335,12
2024-09-18 12:12:30.355000,416.8257068208428,101
2024-09-18 12:12:30.418000,416.8328984522458,101
2024-09-18 12:12:30.434000,416.8343441219494,14
2024-09-18 12:12:30.563000,416.8148744040689,9
2024-09-18 12:12:30.695000,416.8145990308974,1001
2024-09-18 12:12:30.704000,416.80983415551856,5
2024-09-18 12:12:30.742000,416.8260555857139,995
2024-09-18 12:12:30.782000,416.8463227277242,103
2024-09-18 12:12:30.896000,416.8360230988041,99
2024-09-18 12:12:30.937000,416.8295719935306,100
2024-09-18 12:12:30.938000,416.80807586679833,104
2024-09-18 12:12:31.273000,416.8167163005404,14
2024-09-18 12:12:31.416000,416.8247925276974,103
2024-09-18 12:12:31.641000,416.8244674179176,96
2024-09-18 12:12:32.024000,416.85111639690166,9
2024-09-18 12:12:32.061000,416.87250615149446,1002
2024-09-18 12:12:32.099000,416.8277813682921,100
2024-09-18 12:12:32.118000,416.8001626789591,6
2024-09-18 12:12:32.124000,416.81227085570913,101
2024-09-18 12:12:32.132000,416.8869812007127,1001
2024-09-18 12:12:32.154000,416.8030408660153,997
2024-09-18 12:12:32.163000,416.862359435548,101
2024-09-18 12:12:32.229000,416.8179005025968,104
2024-09-18 12:12:32.230000,416.8848033670919,1004
2024-09-18 12:12:32.254000,416.824021407986,95
2024-09-18 12:12:32.274000,416.8382050854861,13
2024-09-18 12:12:32.293000,416.86786717771423,1003
2024-09-18 12:12:32.308000,416.87921027400216,1000
2024-09-18 12:12:32.327000,416.8004917611767,97
2024-09-18 12:12:32.428000,416.8297579066048,997
2024-09-18 12:12:32.448000,416.8425718519121,14
2024-09-18 12:12:32.525000,416.83066469390445,1002
2024-09-18 12:12:32.686000,416.8557864121098,996
2024-09-18 12:12:32.712000,416.8432057628921,15
2024-09-18 12:12:33.094000,416.8406192843684,1005
2024-09-18 12:12:33.097000,416.8367504825563,1002
2024-09-18 12:12:33.296000,416.8492983391552,9
2024-09-18 12:12:33.712000,416.8594956363919,102
2024-09-18 12:12:33.736000,416.85075013301457,996
2024-09-18 12:12:33.932000,416.8507399453107,5
2024-09-18 12:12:34.136000,416.9413107331425,100
2024-09-18 12:12:34.141000,416.934577920862,14
2024-09-18 12:12:34.197000,416.9578743765199,1004
2024-09-18 12:12:34.233000,416.894457026899,104
2024-09-18 12:12:34.233000,416.94541158523685,9
2024-09-18 12:12:34.236000,416.8980450539535,12
2024-09-18 12:12:34.313000,416.8795371943304,105
2024-09-18 12:12:34.411000,416.8704848333245,13
2024-09-18 12:12:34.467000,416.91040566301336,1003
2024-09-18 12:12:34.498000,416.9302193287353,1005
2024-09-18 12:12:34.506000,416.9290228942383,5
2024-09-18 12:12:34.549000,416.9298266505842,997
2024-09-18 12:12:34.571000,416.97859174008505,15
2024-09-18 12:12:34.594000,416.90311278296207,103
2024-09-18 12:12:34.619000,416.8778062122623,95
2024-09-18 12:12:34.665000,416.89776801475614,998
2024-09-18 12:12:34.676000,416.94196243431696,14
2024-09-18 12:12:34.729000,416.9231398286256,99
2024-09-18 12:12:34.733000,416.9553634728012,1002
2024-09-18 12:12:34.744000,416.88195413894215,995
2024-09-18 12:12:34.840000,416.9433349278126,6
2024-09-18 12:12:34.844000,416.901271870615,97
2024-09-18 12:12:34.854000,416.9704637229648,996
2024-09-18 12:12:34.862000,416.8526908888047,999
2024-09-18 12:12:34.914000,416.9162283005655,996
2024-09-18 12:12:34.924000,416.92635859686754,99
2024-09-18 12:12:34.933000,416.89871333019727,997
2024-09-18 12:12:34.956000,416.92489380095736,8
2024-09-18 12:12:35,416.9722314480187,1000
2024-09-18 12:12:35.030000,417.0233538996186,96
2024-09-18 12:12:35.057000,417.01250758663775,1004
2024-09-18 12:12:35.152000,417.0017270249886,6
2024-09-18 12:12:35.152000,417.0348378335938,1003
2024-09-18 12:12:35.166000,417.0148590149812,1000
2024-09-18 12:12:35.198000,417.0366439750526,14
2024-09-18 12:12:35.228000,416.97525019758143,999
2024-09-18 12:12:35.274000,416.9699203896215,12
2024-09-18 12:12:35.351000,417.00545195828914,999
2024-09-18 12:12:35.379000,416.9871347131825,8
2024-09-18 12:12:35.389000,417.02656002199967,15
2024-09-18 12:12:35.409000,416.967181971658,996
2024-09-18 12:12:35.444000,417.02369583326384,11
2024-09-18 12:12:35.572000,417.0135480417416,103
2024-09-18 12:12:35.619000,416.9752934371559,1005
2024-09-18 12:12:35.627000,417.0107402946714,1000
2024-09-18 12:12:35.689000,416.9972807644922,1001
2024-09-18 12:12:35.836000,416.981214329984,96
2024-09-18 12:12:35.861000,416.9763887092919,100
2024-09-18 12:12:35.890000,416.9990045578074,98
2024-09-18 12:12:35.963000,416.98745310705215,5
2024-09-18 12:12:35.972000,417.0269231473128,99
2024-09-18 12:12:37.048000,417.0172985404731,995
2024-09-18 12:12:37.058000,417.0072748158565,1004
2024-09-18 12:12:37.062000,416.9744485105751,1005
2024-09-18 12:12:37.132000,416.97500148879504,97
2024-09-18 12:12:37.148000,416.9968447680824,1003
2024-09-18 12:12:37.167000,416.9934923136412,103
2024-09-18 12:12:37.168000,416.9785501614081,103
2024-09-18 12:12:37.169000,417.0186818719102,101
2024-09-18 12:12:37.220000,416.97233812641775,1005
2024-09-18 12:12:37.255000,417.01281832042105,101
2024-09-18 12:12:37.294000,416.9692935696951,999
2024-09-18 12:12:37.319000,416.9836868860463,98
2024-09-18 12:12:37.338000,417.0008687227247,1005
2024-09-18 12:12:37.471000,417.0087057082992,11
2024-09-18 12:12:37.535000,416.98636196852215,103
2024-09-18 12:12:37.635000,416.9991276005225,11
2024-09-18 12:12:37.685000,417.01420403199455,1004
2024-09-18 12:12:37.722000,416.96452902988,12
2024-09-18 12:12:37.750000,416.97821138107184,1005
2024-09-18 12:12:37.805000,417.0094035652977,13
2024-09-18 12:12:37.888000,416.9992631830648,998
2024-09-18 12:12:37.889000,417.015063486265,12
2024-09-18 12:12:37.952000,416.9937048221954,8
2024-09-18 12:12:37.968000,416.98027567893865,104
2024-09-18 12:12:37.989000,417.014317431069,105
2024-09-18 12:12:38.041000,416.97568322537626,999
2024-09-18 12:12:38.050000,416.9373820974001,9
2024-09-18 12:12:38.152000,416.9957436829397,1001
2024-09-18 12:12:38.160000,416.9932324083001,5
2024-09-18 12:12:38.199000,416.97775587631946,97
2024-09-18 12:12:38.211000,417.0006647671985,96
2024-09-18 12:12:38.231000,417.0046783845844,6
2024-09-18 12:12:38.269000,416.9580261223791,1005
2024-09-18 12:12:38.286000,416.9803799706552,101
2024-09-18 12:12:38.322000,416.9946999926498,1005
2024-09-18 12:12:38.323000,416.9506645396383,102
2024-09-18 12:12:38.348000,416.96737782707646,95
2024-09-18 12:12:38.350000,416.9694010523969,15
2024-09-18 12:12:38.394000,417.0116978463014,1001
2024-09-18 12:12:38.451000,416.99559875626034,102
2024-09-18 12:12:38.510000,416.9726787867943,13
2024-09-18 12:12:38.510000,416.9876489292541,105
2024-09-18 12:12:38.592000,416.9937753709493,98
2024-09-18 12:12:38.651000,417.0124449872339,1004
2024-09-18 12:12:38.662000,416.9842154644958,98
2024-09-18 12:12:38.676000,417.0009873135037,99
2024-09-18 12:12:38.716000,416.99793318667207,8
2024-09-18 12:12:38.757000,416.9955052837617,8
2024-09-18 12:12:38.763000,416.98495405456447,101
2024-09-18 12:12:38.816000,416.9618428555366,995
2024-09-18 12:12:38.823000,416.9904490441724,104
2024-09-18 12:12:38.908000,416.9892830225356,104
2024-09-18 12:12:39.099000,416.9435230548392,11
2024-09-18 12:12:39.128000,416.9314758005387,96
2024-09-18 12:12:39.176000,416.9567349118312,13
2024-09-18 12:12:39.233000,416.9656769035148,98
2024-09-18 12:12:39.238000,416.95991155479,10
2024-09-18 12:12:39.244000,416.98449909346033,1002
2024-09-18 12:12:39.267000,416.9718491848362,102
2024-09-18 12:12:39.304000,416.97086305770654,996
2024-09-18 12:12:39.308000,416.9964929559102,7
2024-09-18 12:12:39.380000,416.9839743735756,997
2024-09-18 12:12:39.395000,416.9755636700642,97
2024-09-18 12:12:39.532000,416.9716983608898,10
2024-09-18 12:12:39.536000,416.9763891305211,1002
2024-09-18 12:12:39.560000,416.9208892619757,99
2024-09-18 12:12:39.585000,416.9679968319952,998
2024-09-18 12:12:39.659000,416.9697354066381,999
2024-09-18 12:12:39.666000,416.9719393388741,95
2024-09-18 12:12:39.689000,416.9425868860517,998
2024-09-18 12:12:39.735000,416.9802401345396,96
2024-09-18 12:12:39.800000,416.9892572090623,7
2024-09-18 12:12:39.852000,416.9962491644808,1005
2024-09-18 12:12:39.860000,416.9695026253039,99
2024-09-18 12:12:39.971000,416.98494449138377,1002
2024-09-18 12:12:40.188000,416.9739892584414,13
2024-09-18 12:12:40.394000,416.9670771844122,10
2024-09-18 12:12:40.476000,416.9464741190639,999
2024-09-18 12:12:40.540000,416.96081674552295,6
2024-09-18 12:12:40.568000,416.96598506845527,95
2024-09-18 12:12:40.793000,416.960639604764,1005
2024-09-18 12:12:41.031000,417.0430157117383,103
2024-09-18 12:12:41.035000,416.9432034942755,10
2024-09-18 12:12:41.093000,416.9875357091455,998
2024-09-18 12:12:41.187000,416.9531416873838,95
2024-09-18 12:12:41.190000,417.0249127586105,995
2024-09-18 12:12:41.199000,417.01666272174265,1003
2024-09-18 12:12:41.224000,416.96484253271416,999
2024-09-18 12:12:41.262000,417.0439055985368,100
2024-09-18 12:12:41.275000,417.05043909563466,995
2024-09-18 12:12:41.308000,416.9766753092708,96
2024-09-18 12:12:41.352000,417.0252396126592,1002
2024-09-18 12:12:41.370000,417.0470422748807,97
2024-09-18 12:12:41.414000,416.9947568688328,101
2024-09-18 12:12:41.475000,416.9710581669775,995
2024-09-18 12:12:41.580000,416.9950516342195,102
2024-09-18 12:12:41.627000,417.0535326936725,1000
2024-09-18 12:12:41.636000,417.0314175403296,97
2024-09-18 12:12:41.648000,417.0418130644989,1002
2024-09-18 12:12:41.697000,416.992993126426,99
2024-09-18 12:12:41.770000,416.9950753434102,104
2024-09-18 12:12:41.774000,416.9882710791284,105
2024-09-18 12:12:41.858000,417.0154095531253,1004
2024-09-18 12:12:41.896000,417.0293992142052,999
2024-09-18 12:12:41.927000,416.9512586308482,98
2024-09-18 12:12:42.031000,417.0239194304825,103
2024-09-18 12:12:42.076000,417.0302722073329,96
2024-09-18 12:12:42.087000,417.0221796298482,103
2024-09-18 12:12:42.127000,417.0101723211463,8
2024-09-18 12:12:42.192000,417.0181209513981,103
2024-09-18 12:12:42.262000,417.0132465997608,13
2024-09-18 12:12:42.398000,416.9936899705168,95
2024-09-18 12:12:42.453000,417.0143380200086,10
2024-09-18 12:12:42.457000,417.0248913778853,15
2024-09-18 12:12:42.650000,417.0284836145856,997
2024-09-18 12:12:42.715000,417.0177918767421,101
2024-09-18 12:12:42.764000,416.9913443195741,96
2024-09-18 12:12:42.785000,417.00594684126327,97
2024-09-18 12:12:42.889000,417.01137579835154,1001
2024-09-18 12:12:42.960000,417.0226740313307,996
2024-09-18 12:12:42.987000,417.0149899141575,99
2024-09-18 12:12:43.055000,416.9234209535193,97
2024-09-18 12:12:43.059000,416.9255894796608,1003
2024-09-18 12:12:43.087000,416.9367503216608,6
2024-09-18 12:12:43.094000,416.95965973872336,10
2024-09-18 12:12:43.105000,416.9618010985175,95
2024-09-18 12:12:43.118000,416.9457553890386,1005
2024-09-18 12:12:43.219000,416.9688349234783,996
2024-09-18 12:12:43.252000,416.9523251791855,997
2024-09-18 12:12:43.258000,416.96924194909417,999
2024-09-18 12:12:43.283000,416.9597073892643,8
2024-09-18 12:12:43.306000,416.9294670724496,14
2024-09-18 12:12:43.313000,416.9917911316217,15
2024-09-18 12:12:43.317000,416.96520515446895,1000
2024-09-18 12:12:43.375000,416.95092209928015,96
2024-09-18 12:12:43.426000,416.9447875692463,12
2024-09-18 12:12:43.437000,416.9959258134502,1004
2024-09-18 12:12:43.446000,416.9264557170724,1003
2024-09-18 12:12:43.481000,416.9709907777784,1001
2024-09-18 12:12:43.486000,416.9420808584231,96
2024-09-18 12:12:43.505000,416.914303147463,1005
2024-09-18 12:12:43.608000,416.9502553976762,1002
2024-09-18 12:12:43.624000,416.928027875055,95
2024-09-18 12:12:43.643000,416.9637396302843,996
2024-09-18 12:12:43.660000,416.92712011104953,95
2024-09-18 12:12:43.673000,416.91889261876906,5
2024-09-18 12:12:43.730000,416.96747911292425,999
2024-09-18 12:12:43.737000,416.9069985837335,105
2024-09-18 12:12:43.799000,416.9434314694197,6
2024-09-18 12:12:43.854000,416.92787176072943,14
2024-09-18 12:12:43.861000,416.9625621283734,7
2024-09-18 12:12:44.102000,416.9946871939819,998
2024-09-18 12:12:44.171000,417.03671111525233,996
2024-09-18 12:12:44.190000,417.00394737594286,995
2024-09-18 12:12:44.251000,417.0148963571512,99
2024-09-18 12:12:44.294000,417.0161104383528,13
2024-09-18 12:12:44.294000,417.042428953681,105
2024-09-18 12:12:44.301000,417.0248633940138,7
2024-09-18 12:12:44.382000,417.0459179245415,103
2024-09-18 12:12:44.393000,417.0343581226682,1004
2024-09-18 12:12:44.407000,417.02619951716486,95
2024-09-18 12:12:44.428000,416.9811843157064,9
2024-09-18 12:12:44.525000,417.04388242391695,99
2024-09-18 12:12:44.545000,417.0498477474358,1002
2024-09-18 12:12:44.620000,416.9827769826208,104
2024-09-18 12:12:44.643000,417.0069613279484,103
2024-09-18 12:12:44.650000,417.0313120228557,102
2024-09-18 12:12:44.650000,417.03083874456127,6
2024-09-18 12:12:44.678000,416.9879641264048,12
2024-09-18 12:12:44.753000,416.9715873024874,104
2024-09-18 12:12:44.774000,417.049022079854,10
2024-09-18 12:12:44.780000,417.0079152477202,102
2024-09-18 12:12:44.810000,417.0271685462769,104
2024-09-18 12:12:44.859000,416.9677636501158,8
2024-09-18 12:12:44.859000,417.0327273223491,103
2024-09-18 12:12:44.876000,416.9792190846296,105
2024-09-18 12:12:44.877000,416.9711024103815,14
2024-09-18 12:12:44.913000,416.996313870237,97
2024-09-18 12:12:44.920000,416.99190132045504,9
2024-09-18 12:12:45.195000,417.0231007678482,95
2024-09-18 12:12:45.279000,417.0122428514758,102
2024-09-18 12:12:45.441000,416.995323891189,14
2024-09-18 12:12:45.583000,417.02916653731216,1001
2024-09-18 12:12:45.712000,416.98704452205016,996
2024-09-18 12:12:45.882000,417.0452967084583,1000
2024-09-18 12:12:45.957000,417.00741148634233,14
2024-09-18 12:12:46.030000,417.0184415985529,999
2024-09-18 12:12:46.131000,417.0073183097467,998
2024-09-18 12:12:46.145000,416.9941425894178,14
2024-09-18 12:12:46.617000,417.0106370585941,105
2024-09-18 12:12:48.136000,416.9942907882486,1002
2024-09-18 12:12:48.218000,416.9950296933533,1004
2024-09-18 12:12:48.312000,416.9850156917537,1002
2024-09-18 12:12:48.377000,417.01078104024623,995
2024-09-18 12:12:48.384000,416.9982790620468,5
2024-09-18 12:12:48.399000,417.0455434775705,13
2024-09-18 12:12:48.462000,416.9983004203996,995
2024-09-18 12:12:48.484000,417.0104675315283,998
2024-09-18 12:12:48.564000,417.0262607533828,10
2024-09-18 12:12:48.644000,417.0037711493835,105
2024-09-18 12:12:48.783000,417.00046968639134,95
2024-09-18 12:12:48.888000,416.9972526294498,7
2024-09-18 12:12:48.941000,417.03046048723377,1004
2024-09-18 12:12:48.947000,416.9992655604011,14
2024-09-18 12:12:49.222000,417.0081236878734,8
2024-09-18 12:12:49.744000,416.9915191097765,1001
2024-09-18 12:12:49.934000,417.01112277300336,6
2024-09-18 12:12:50.463000,416.98464094401066,105
2024-09-18 12:12:50.542000,416.98930615988746,10
2024-09-18 12:12:50.564000,416.9802554159317,97
2024-09-18 12:12:50.570000,416.9763472216741,1002
2024-09-18 12:12:50.669000,416.9695718998103,1000
2024-09-18 12:12:50.962000,416.9816413359384,10
2024-09-18 12:12:51.104000,417.0661305983722,10
2024-09-18 12:12:51.213000,417.0501796589893,7
2024-09-18 12:12:51.224000,417.0576001450195,97
2024-09-18 12:12:51.382000,417.0570161217511,10
2024-09-18 12:12:51.406000,417.041163321001,9
2024-09-18 12:12:51.487000,417.06928116855937,14
2024-09-18 12:12:51.497000,417.00839064369103,96
2024-09-18 12:12:51.568000,417.0285721659198,105
2024-09-18 12:12:51.641000,417.0442769852668,1001
2024-09-18 12:12:51.878000,417.05713541306704,14
2024-09-18 12:12:51.910000,417.0563654261067,999
2024-09-18 12:12:51.946000,417.0105191435293,96
2024-09-18 12:12:51.956000,417.02245037484624,101
2024-09-18 12:12:52.017000,417.0629124283792,1003
2024-09-18 12:12:52.023000,417.0974617403887,999
2024-09-18 12:12:52.193000,417.0766159718146,101
2024-09-18 12:12:52.208000,417.1007617480804,1000
2024-09-18 12:12:52.334000,417.07744728422335,97
2024-09-18 12:12:52.470000,417.0866689928898,98
2024-09-18 12:12:52.474000,417.0777943449895,1004
2024-09-18 12:12:52.572000,417.0795457863824,103
2024-09-18 12:12:52.649000,417.0889495855634,103
2024-09-18 12:12:52.806000,417.0602397262644,1000
2024-09-18 12:12:53.002000,417.1289282586152,1004
2024-09-18 12:12:53.012000,417.0724872896231,104
2024-09-18 12:12:53.044000,417.1010916514073,995
2024-09-18 12:12:53.045000,417.11220564305046,14
2024-09-18 12:12:53.144000,417.1098235742638,11
2024-09-18 12:12:53.233000,417.07297045091946,14
2024-09-18 12:12:53.481000,417.0974642927994,997
2024-09-18 12:12:53.493000,417.1383370836131,95
2024-09-18 12:12:53.538000,417.104203824909,1002
2024-09-18 12:12:53.540000,417.1300348423311,9
2024-09-18 12:12:53.564000,417.10500351867256,95
2024-09-18 12:12:53.567000,417.12290105147633,1003
2024-09-18 12:12:53.795000,417.1059912696568,998
2024-09-18 12:12:53.799000,417.1174147972797,995
2024-09-18 12:12:53.805000,417.10537123265897,102
2024-09-18 12:12:53.867000,417.101373606463,12
2024-09-18 12:12:53.900000,417.12286609569946,1004
2024-09-18 12:12:53.925000,417.1341494579879,104
2024-09-18 12:12:53.971000,417.1160342490092,1000
2024-09-18 12:12:54.029000,417.10328589797615,995
2024-09-18 12:12:54.200000,417.0806602786655,12
2024-09-18 12:12:54.227000,417.0945512054424,11
2024-09-18 12:12:54.257000,417.08526859529104,99
2024-09-18 12:12:54.270000,417.0608762277674,99
2024-09-18 12:12:54.277000,417.0852396340224,105
2024-09-18 12:12:54.278000,417.09588357983296,95
2024-09-18 12:12:54.318000,417.0646411454287,99
2024-09-18 12:12:54.356000,417.0999740406902,102
2024-09-18 12:12:54.370000,417.0867267579924,105
2024-09-18 12:12:54.397000,417.0351221828098,10
2024-09-18 12:12:54.411000,417.0914003729097,9
2024-09-18 12:12:54.426000,417.0527502700023,97
2024-09-18 12:12:54.476000,417.0824038358093,1003
2024-09-18 12:12:54.500000,417.0664472459908,997
2024-09-18 12:12:54.512000,417.0924311937167,10
2024-09-18 12:12:54.520000,417.0805032771971,98
2024-09-18 12:12:54.535000,417.1004668660604,6
2024-09-18 12:12:54.582000,417.0356552699113,1001
2024-09-18 12:12:54.645000,417.09986692431806,103
2024-09-18 12:12:54.819000,417.07395696290655,97
2024-09-18 12:12:54.824000,417.0780846448662,99
2024-09-18 12:12:54.992000,417.0792016502754,1001
2024-09-18 12:12:55.035000,417.03873239742205,996
2024-09-18 12:12:55.639000,417.05406684978936,15
2024-09-18 12:12:56.066000,417.055405342759,9
2024-09-18 12:12:56.093000,417.0615333938141,102
2024-09-18 12:12:56.109000,417.0172053099684,100
2024-09-18 12:12:56.144000,417.0495791403829,1000
2024-09-18 12:12:56.147000,416.9742300379961,1003
2024-09-18 12:12:56.182000,416.9726653751027,995
2024-09-18 12:12:56.200000,416.9942904046905,1001
2024-09-18 12:12:56.202000,416.9767091110865,9
2024-09-18 12:12:56.209000,416.9603934918853,105
2024-09-18 12:12:56.370000,416.9762559844827,10
2024-09-18 12:12:56.370000,417.07239798353913,998
2024-09-18 12:12:56.379000,416.9766572846616,1001
2024-09-18 12:12:56.390000,416.95931692033207,6
2024-09-18 12:12:56.442000,416.96721409638775,14
2024-09-18 12:12:56.445000,417.0756905952692,99
2024-09-18 12:12:56.460000,417.0837210911576,100
2024-09-18 12:12:56.461000,416.9754151067984,995
2024-09-18 12:12:56.477000,417.05319412384085,95
2024-09-18 12:12:56.582000,417.0823340843235,96
2024-09-18 12:12:56.688000,417.05069194939006,996
2024-09-18 12:12:56.771000,417.0191488823675,98
2024-09-18 12:12:56.827000,417.0285353266251,10
2024-09-18 12:12:56.837000,417.0027275127829,1001
2024-09-18 12:12:56.857000,416.9804627777613,12
2024-09-18 12:12:56.899000,416.9652649945028,997
2024-09-18 12:12:56.962000,416.9638836499678,104
2024-09-18 12:12:57.058000,416.97818750287377,100
2024-09-18 12:12:57.070000,416.9679313167583,1005
2024-09-18 12:12:57.092000,416.9827680352296,997
2024-09-18 12:12:57.178000,416.9345173859156,998
2024-09-18 12:12:57.180000,416.9593280085264,99
2024-09-18 12:12:57.259000,416.9674148375017,5
2024-09-18 12:12:57.271000,416.96222279454975,10
2024-09-18 12:12:57.318000,416.9756469983397,999
2024-09-18 12:12:57.322000,416.9673636408161,5
2024-09-18 12:12:57.337000,416.96502006057744,1002
2024-09-18 12:12:57.350000,416.9732391610601,95
2024-09-18 12:12:57.430000,416.9652075952272,995
2024-09-18 12:12:57.447000,416.9342805865086,1001
2024-09-18 12:12:57.559000,416.97188541808,997
2024-09-18 12:12:57.582000,416.9530634949695,10
2024-09-18 12:12:57.611000,416.9562460062005,1005
2024-09-18 12:12:57.617000,416.9653225679441,1002
2024-09-18 12:12:57.680000,416.9617157435929,100
2024-09-18 12:12:57.807000,416.96249727787387,11
2024-09-18 12:12:57.809000,416.9595242863292,996
2024-09-18 12:12:57.839000,416.96358936902334,15
2024-09-18 12:12:57.845000,416.9599604238176,1003
2024-09-18 12:12:57.916000,416.96042045525314,995
2024-09-18 12:12:57.966000,416.9824565096047,102
2024-09-18 12:12:57.985000,416.97818605468126,1005
2024-09-18 12:12:58.005000,416.9362678841032,98
2024-09-18 12:12:58.016000,416.9222226632419,998
2024-09-18 12:12:58.104000,416.91503376435503,998
2024-09-18 12:12:58.136000,416.9361477381775,96
2024-09-18 12:12:58.284000,416.93133821802434,100
2024-09-18 12:12:58.374000,416.94517650725646,99
2024-09-18 12:12:58.403000,416.9012831110864,12
2024-09-18 12:12:58.521000,416.9161314431567,9
2024-09-18 12:12:58.521000,416.9174681764184,95
2024-09-18 12:12:58.541000,416.9351067428367,1000
2024-09-18 12:12:58.601000,416.93474021765365,8
2024-09-18 12:12:58.609000,416.9172118526934,102
2024-09-18 12:12:58.618000,416.9331359580862,101
2024-09-18 12:12:58.662000,416.9267731614746,13
2024-09-18 12:12:58.845000,416.9104762554283,12
2024-09-18 12:12:58.880000,416.9301126382069,100
2024-09-18 12:12:58.939000,416.9323819880419,11
2024-09-18 12:12:58.972000,416.9322275895904,998
2024-09-18 12:12:58.982000,416.9401214073303,14
2024-09-18 12:12:59.075000,416.916144743222,6
2024-09-18 12:12:59.301000,416.9658657951253,100
2024-09-18 12:12:59.348000,416.92108620339474,1003
2024-09-18 12:12:59.361000,416.90945908673,12
2024-09-18 12:12:59.465000,416.9546467618857,1004
2024-09-18 12:12:59.471000,416.9053651827313,11
2024-09-18 12:12:59.504000,416.92827232202944,1004
2024-09-18 12:12:59.522000,416.9077036983572,101
2024-09-18 12:12:59.601000,416.96514987648817,103
2024-09-18 12:12:59.606000,416.9336012933284,1003
2024-09-18 12:12:59.630000,416.8987852903105,105
2024-09-18 12:12:59.746000,416.8928636577696,13
2024-09-18 12:12:59.758000,416.8973972732598,97
2024-09-18 12:12:59.788000,416.960005460501,1002
2024-09-18 12:12:59.859000,416.9588313263254,99
2024-09-18 12:12:59.975000,416.9198801034712,999
