Timestamp,Price,Size
2024-09-16 13:28:00.011000,414.7777194296067,1005
2024-09-16 13:28:00.056000,414.7693011996074,13
2024-09-16 13:28:00.090000,414.78251721999817,6
2024-09-16 13:28:00.228000,414.8330672693039,1003
2024-09-16 13:28:00.276000,414.763814228444,1002
2024-09-16 13:28:00.314000,414.7845836281724,997
2024-09-16 13:28:00.367000,414.7774360188164,100
2024-09-16 13:28:00.399000,414.8064752439314,1002
2024-09-16 13:28:00.445000,414.7820263032019,103
2024-09-16 13:28:00.470000,414.7679263631628,11
2024-09-16 13:28:00.636000,414.7688216501736,1005
2024-09-16 13:28:00.712000,414.7600669811056,995
2024-09-16 13:28:00.832000,414.7697389349567,12
2024-09-16 13:28:00.956000,414.8212358781224,9
2024-09-16 13:28:00.999000,414.780346858808,15
2024-09-16 13:28:01.027000,414.8365081503889,996
2024-09-16 13:28:01.093000,414.84598826158384,12
2024-09-16 13:28:01.098000,414.839014704347,5
2024-09-16 13:28:01.218000,414.86158046034086,97
2024-09-16 13:28:01.324000,414.8205045875183,999
2024-09-16 13:28:01.433000,414.8349482609193,15
2024-09-16 13:28:01.436000,414.8788871132231,5
2024-09-16 13:28:01.476000,414.85777775422673,995
2024-09-16 13:28:01.576000,414.83582100357165,15
2024-09-16 13:28:01.634000,414.8702079007815,7
2024-09-16 13:28:01.664000,414.85561036148425,1002
2024-09-16 13:28:01.711000,414.8351909365113,101
2024-09-16 13:28:01.724000,414.82488252183,96
2024-09-16 13:28:01.749000,414.872177400953,1005
2024-09-16 13:28:01.995000,414.8472537711249,998
2024-09-16 13:28:02.032000,414.8744254963578,996
2024-09-16 13:28:02.078000,414.8376343711057,96
2024-09-16 13:28:02.146000,414.8946148033447,12
2024-09-16 13:28:02.150000,414.8430975098488,13
2024-09-16 13:28:02.223000,414.8960354638795,97
2024-09-16 13:28:02.327000,414.8836883637399,104
2024-09-16 13:28:02.337000,414.8590306469261,999
2024-09-16 13:28:02.339000,414.8958787529562,1003
2024-09-16 13:28:02.361000,414.84206268069295,6
2024-09-16 13:28:02.468000,414.8369543848053,998
2024-09-16 13:28:02.576000,414.8636333553752,1000
2024-09-16 13:28:02.590000,414.8853775552339,996
2024-09-16 13:28:02.595000,414.8835382333919,13
2024-09-16 13:28:02.642000,414.8709047729867,101
2024-09-16 13:28:02.681000,414.8650509211583,105
2024-09-16 13:28:02.720000,414.85202004866017,1002
2024-09-16 13:28:02.745000,414.8548675923738,97
2024-09-16 13:28:02.786000,414.87718316742087,7
2024-09-16 13:28:02.817000,414.8805068083128,11
2024-09-16 13:28:02.842000,414.8671332858567,1004
2024-09-16 13:28:02.934000,414.85582923962727,1001
2024-09-16 13:28:02.966000,414.86422864884906,995
2024-09-16 13:28:03.220000,414.8646598079313,99
2024-09-16 13:28:04.237000,414.8934621400306,11
2024-09-16 13:28:04.279000,414.8970234574364,998
2024-09-16 13:28:04.464000,414.8601598591713,10
2024-09-16 13:28:04.657000,414.8525407748929,6
2024-09-16 13:28:04.777000,414.8647787770482,13
2024-09-16 13:28:04.781000,414.8714716207523,1004
2024-09-16 13:28:04.853000,414.8706495518755,1004
2024-09-16 13:28:04.853000,414.8521045099644,9
2024-09-16 13:28:04.972000,414.887248181536,12
2024-09-16 13:28:05.088000,414.897305378934,11
2024-09-16 13:28:05.306000,414.87441919678633,11
2024-09-16 13:28:05.326000,414.889482031258,10
2024-09-16 13:28:05.368000,414.8862041767779,1004
2024-09-16 13:28:05.442000,414.9124358036984,1000
2024-09-16 13:28:05.615000,414.8858414946224,1001
2024-09-16 13:28:05.718000,414.8910936185898,1005
2024-09-16 13:28:05.728000,414.9032950940028,999
2024-09-16 13:28:05.763000,414.9151420699195,996
2024-09-16 13:28:05.865000,414.89095318910137,14
2024-09-16 13:28:05.958000,414.91454375121566,101
2024-09-16 13:28:06.016000,414.88864164455487,105
2024-09-16 13:28:06.170000,414.90785737274814,105
2024-09-16 13:28:06.181000,414.8945362211063,10
2024-09-16 13:28:06.368000,414.9043702917184,100
2024-09-16 13:28:06.479000,414.8976618638995,100
2024-09-16 13:28:06.641000,414.8835601146697,101
2024-09-16 13:28:06.883000,414.8904602466434,101
2024-09-16 13:28:07.128000,414.9053582220702,104
2024-09-16 13:28:07.221000,414.9168609934652,97
2024-09-16 13:28:07.297000,414.85191960276194,7
2024-09-16 13:28:07.393000,414.9170324273652,12
2024-09-16 13:28:07.517000,414.9121582954688,14
2024-09-16 13:28:07.539000,414.8809373436707,99
2024-09-16 13:28:07.586000,414.91071251255534,7
2024-09-16 13:28:07.662000,414.9179473444323,97
2024-09-16 13:28:07.688000,414.8999831951304,98
2024-09-16 13:28:07.734000,414.9042115467856,10
2024-09-16 13:28:08.019000,414.8419833443583,102
2024-09-16 13:28:08.043000,414.95168975333206,5
2024-09-16 13:28:08.065000,414.94845258016665,998
2024-09-16 13:28:08.069000,414.93637606281095,1001
2024-09-16 13:28:08.076000,414.9887076639197,996
2024-09-16 13:28:08.178000,414.86545093739016,997
2024-09-16 13:28:08.206000,414.8528859875381,1005
2024-09-16 13:28:08.307000,414.9077703924938,1005
2024-09-16 13:28:08.347000,414.82953727813424,102
2024-09-16 13:28:08.357000,414.8867917768951,5
2024-09-16 13:28:08.396000,414.88574549112,998
2024-09-16 13:28:08.431000,414.8498023044963,6
2024-09-16 13:28:08.463000,414.8699894500685,1003
2024-09-16 13:28:08.494000,414.9650904027701,15
2024-09-16 13:28:08.500000,414.9515839519868,15
2024-09-16 13:28:08.581000,414.88969902013264,104
2024-09-16 13:28:08.615000,414.9323023087113,1003
2024-09-16 13:28:08.619000,414.9458140638178,15
2024-09-16 13:28:08.663000,414.9416566780611,998
2024-09-16 13:28:08.681000,414.9155004612699,9
2024-09-16 13:28:08.714000,414.88311441634585,1002
2024-09-16 13:28:08.798000,414.9331703746304,998
2024-09-16 13:28:08.823000,414.9450847991364,1003
2024-09-16 13:28:08.838000,414.9393374140367,999
2024-09-16 13:28:08.867000,414.9455414516855,9
2024-09-16 13:28:08.872000,414.8745761672984,1001
2024-09-16 13:28:08.882000,414.8577950031674,11
2024-09-16 13:28:08.893000,414.970256575208,10
2024-09-16 13:28:08.903000,414.8682640448122,101
2024-09-16 13:28:09.004000,415.033543308009,1005
2024-09-16 13:28:09.064000,415.0148109785594,7
2024-09-16 13:28:09.199000,415.007535525433,1002
2024-09-16 13:28:09.201000,415.021427801895,1003
2024-09-16 13:28:09.539000,415.0200284672304,997
2024-09-16 13:28:09.673000,415.0162879602893,14
2024-09-16 13:28:09.749000,415.0289973496129,14
2024-09-16 13:28:09.773000,415.0165828824647,104
2024-09-16 13:28:09.877000,415.010000839316,13
2024-09-16 13:28:10.075000,415.03093708272377,1000
2024-09-16 13:28:10.119000,415.0393824467008,1003
2024-09-16 13:28:10.184000,415.06646648870793,99
2024-09-16 13:28:10.216000,415.0115191830277,95
2024-09-16 13:28:10.311000,415.0532509724956,97
2024-09-16 13:28:10.459000,415.0237185118336,12
2024-09-16 13:28:10.487000,415.0715519148903,1005
2024-09-16 13:28:10.555000,415.0787023269635,12
2024-09-16 13:28:10.616000,415.0368165300479,1000
2024-09-16 13:28:10.668000,415.0575321964106,11
2024-09-16 13:28:10.870000,415.0107611594382,96
2024-09-16 13:28:11.035000,415.0141402956348,9
2024-09-16 13:28:11.055000,415.0113992019948,13
2024-09-16 13:28:11.065000,415.0560992915057,14
2024-09-16 13:28:11.155000,415.05617162025686,15
2024-09-16 13:28:11.245000,415.0654391497241,1003
2024-09-16 13:28:11.250000,415.0354649455683,9
2024-09-16 13:28:11.312000,415.0482464072484,14
2024-09-16 13:28:11.352000,415.053923120098,104
2024-09-16 13:28:11.353000,415.0637598451249,105
2024-09-16 13:28:11.359000,415.0300625095877,995
2024-09-16 13:28:11.402000,415.0391493630328,15
2024-09-16 13:28:11.492000,415.086300813946,5
2024-09-16 13:28:11.545000,415.02184473922,98
2024-09-16 13:28:11.580000,415.02960151812346,997
2024-09-16 13:28:11.646000,415.0650963610648,6
2024-09-16 13:28:11.691000,415.028935915093,5
2024-09-16 13:28:11.775000,415.0439460821382,8
2024-09-16 13:28:11.794000,415.0206735397262,99
2024-09-16 13:28:11.821000,415.01996028560495,14
2024-09-16 13:28:11.893000,415.03891877230825,9
2024-09-16 13:28:11.920000,415.06001932592847,98
2024-09-16 13:28:11.987000,415.0458094569199,13
2024-09-16 13:28:12.047000,415.01045975029945,995
2024-09-16 13:28:12.057000,414.97610455303663,95
2024-09-16 13:28:12.110000,415.00025743908446,1004
2024-09-16 13:28:12.205000,415.02849817392575,6
2024-09-16 13:28:12.263000,415.0306273046539,13
2024-09-16 13:28:12.398000,415.0294139644112,1000
2024-09-16 13:28:12.429000,415.0330148918141,101
2024-09-16 13:28:12.565000,415.04528293138594,10
2024-09-16 13:28:12.580000,415.0499679292031,996
2024-09-16 13:28:12.605000,414.976166776116,1002
2024-09-16 13:28:12.610000,415.0159344179199,13
2024-09-16 13:28:12.665000,415.0208806003771,104
2024-09-16 13:28:12.824000,414.9876154115391,104
2024-09-16 13:28:12.872000,415.0096877847744,1004
2024-09-16 13:28:12.998000,414.9913292812077,9
2024-09-16 13:28:13.285000,415.0121304546352,997
2024-09-16 13:28:13.363000,414.99315252725415,1000
2024-09-16 13:28:13.650000,415.0097600770438,7
2024-09-16 13:28:13.765000,415.0028028630453,15
2024-09-16 13:28:13.925000,415.0168699474952,103
2024-09-16 13:28:13.943000,414.9907861889269,15
2024-09-16 13:28:14.008000,415.0827873311839,999
2024-09-16 13:28:14.055000,415.0844173062949,7
2024-09-16 13:28:14.067000,415.0169456859785,99
2024-09-16 13:28:14.144000,415.0612076466128,998
2024-09-16 13:28:14.188000,415.04532800539135,102
2024-09-16 13:28:14.223000,415.0625984131972,11
2024-09-16 13:28:14.435000,415.08869337780106,104
2024-09-16 13:28:14.470000,415.0518803512959,1001
2024-09-16 13:28:14.474000,415.1088294996726,1000
2024-09-16 13:28:14.508000,415.0674419237472,1000
2024-09-16 13:28:14.576000,415.09268510628425,101
2024-09-16 13:28:14.581000,415.0552041241166,995
2024-09-16 13:28:14.597000,415.0359595103701,999
2024-09-16 13:28:14.610000,415.06617465131086,105
2024-09-16 13:28:14.651000,415.0619647105056,1005
2024-09-16 13:28:14.654000,415.09484265454034,101
2024-09-16 13:28:14.700000,415.0515365280685,7
2024-09-16 13:28:14.706000,415.09788014809607,95
2024-09-16 13:28:14.753000,415.0687141522794,995
2024-09-16 13:28:14.802000,415.08926580474525,97
2024-09-16 13:28:14.897000,415.0281247609373,1005
2024-09-16 13:28:14.919000,415.05884303619206,5
2024-09-16 13:28:14.935000,415.0738866358694,10
2024-09-16 13:28:15.251000,415.0764705962577,98
2024-09-16 13:28:15.438000,415.0819030891321,997
2024-09-16 13:28:16.001000,415.0576379144117,13
2024-09-16 13:28:16.048000,415.0573682347756,998
2024-09-16 13:28:16.073000,415.0794346663692,13
2024-09-16 13:28:16.094000,415.0476726166093,998
2024-09-16 13:28:16.141000,415.0552324945803,996
2024-09-16 13:28:16.145000,415.0365314512353,1002
2024-09-16 13:28:16.169000,415.0665803568349,14
2024-09-16 13:28:16.245000,415.050280994442,103
2024-09-16 13:28:16.287000,415.05374189606175,1003
2024-09-16 13:28:16.294000,415.0862674576463,1003
2024-09-16 13:28:16.322000,415.05840640397975,1005
2024-09-16 13:28:16.352000,415.0361369270147,1004
2024-09-16 13:28:16.430000,415.0516563779373,1001
2024-09-16 13:28:16.437000,415.0318334352119,100
2024-09-16 13:28:16.513000,415.0419942698514,996
2024-09-16 13:28:16.584000,415.037947482945,999
2024-09-16 13:28:16.596000,415.0599805874208,1005
2024-09-16 13:28:16.651000,415.056169478002,995
2024-09-16 13:28:16.680000,415.0832251879794,998
2024-09-16 13:28:16.685000,415.0650812541389,1003
2024-09-16 13:28:16.773000,415.0340570876219,15
2024-09-16 13:28:16.779000,415.0399470702717,101
2024-09-16 13:28:16.786000,415.0704531718303,5
2024-09-16 13:28:16.839000,415.0472529647034,100
2024-09-16 13:28:16.851000,415.0357799277372,8
2024-09-16 13:28:16.873000,415.039772176752,998
2024-09-16 13:28:16.926000,415.0599939096418,10
2024-09-16 13:28:16.968000,415.0559272689317,7
2024-09-16 13:28:16.994000,415.0417614584509,103
2024-09-16 13:28:17.008000,415.03836769614674,102
2024-09-16 13:28:17.020000,415.04840610369104,10
2024-09-16 13:28:17.072000,415.0354657909636,101
2024-09-16 13:28:17.121000,415.05195277188847,15
2024-09-16 13:28:17.135000,415.0439115879913,1000
2024-09-16 13:28:17.138000,415.0435301242012,1000
2024-09-16 13:28:17.301000,415.0485368913072,8
2024-09-16 13:28:17.311000,415.047900301562,1003
2024-09-16 13:28:17.391000,415.035081381714,6
2024-09-16 13:28:17.394000,415.0271071641347,13
2024-09-16 13:28:17.434000,415.0365794517468,103
2024-09-16 13:28:17.475000,415.0461927553194,10
2024-09-16 13:28:17.478000,415.0486150287669,1005
2024-09-16 13:28:17.681000,415.0135419443536,101
2024-09-16 13:28:17.797000,415.0388534157972,105
2024-09-16 13:28:17.810000,415.0402226589344,1001
2024-09-16 13:28:17.847000,415.0488415163912,14
2024-09-16 13:28:17.889000,415.06262196163937,103
2024-09-16 13:28:17.961000,415.0367589521349,99
2024-09-16 13:28:18.036000,415.0020258139488,8
2024-09-16 13:28:18.358000,415.00906486399737,101
2024-09-16 13:28:18.359000,415.00996317001903,99
2024-09-16 13:28:18.394000,415.02414264015306,95
2024-09-16 13:28:18.633000,414.9987099855727,99
2024-09-16 13:28:18.680000,415.017453422164,95
2024-09-16 13:28:18.685000,415.0224502036948,105
2024-09-16 13:28:18.782000,414.99718635848114,105
2024-09-16 13:28:18.798000,414.9931751804756,7
2024-09-16 13:28:18.836000,414.9808893639776,95
2024-09-16 13:28:18.850000,414.99962739502536,8
2024-09-16 13:28:18.863000,415.01848142873433,998
2024-09-16 13:28:19.046000,414.9495659078075,103
2024-09-16 13:28:19.127000,414.9174362029157,9
2024-09-16 13:28:19.229000,414.946602496706,14
2024-09-16 13:28:19.284000,414.9321683786219,12
2024-09-16 13:28:19.393000,414.9261827314031,10
2024-09-16 13:28:19.407000,414.9424367767411,14
2024-09-16 13:28:19.541000,414.923433732932,100
2024-09-16 13:28:19.622000,414.9130010022281,996
2024-09-16 13:28:19.656000,414.9682789488032,997
2024-09-16 13:28:19.683000,414.9634324314854,10
2024-09-16 13:28:19.710000,414.9283977154216,1003
2024-09-16 13:28:19.766000,414.9157147364339,101
2024-09-16 13:28:19.773000,414.9439332477618,998
2024-09-16 13:28:19.781000,414.91987945648935,997
2024-09-16 13:28:19.782000,414.9468423924955,97
2024-09-16 13:28:19.873000,414.9107868981581,13
2024-09-16 13:28:19.994000,414.927926464522,995
2024-09-16 13:28:19.998000,414.9120904373436,998
2024-09-16 13:28:20,414.9706784496943,101
2024-09-16 13:28:20.581000,414.9860667343755,13
2024-09-16 13:28:20.637000,414.9441294805894,95
2024-09-16 13:28:20.644000,414.97707309925727,99
2024-09-16 13:28:20.658000,414.9862793286958,995
2024-09-16 13:28:20.981000,415.01612888225634,13
2024-09-16 13:28:21.014000,415.0066344019388,98
2024-09-16 13:28:21.175000,414.9871793649323,995
2024-09-16 13:28:21.316000,414.9846253847103,100
2024-09-16 13:28:21.478000,415.0171206366916,102
2024-09-16 13:28:21.544000,414.9922907318128,95
2024-09-16 13:28:21.751000,414.9921958301732,998
2024-09-16 13:28:21.756000,415.01569406234313,999
2024-09-16 13:28:21.812000,415.0091895843243,1003
2024-09-16 13:28:22.079000,415.0241270545369,15
2024-09-16 13:28:22.163000,415.01444460724616,98
2024-09-16 13:28:22.168000,415.0429151904372,7
2024-09-16 13:28:22.302000,415.0434716431638,1003
2024-09-16 13:28:22.323000,415.05924510761673,97
2024-09-16 13:28:22.402000,415.0368452017356,11
2024-09-16 13:28:22.451000,415.04131876012326,1005
2024-09-16 13:28:22.455000,415.0300247065052,1000
2024-09-16 13:28:22.575000,415.0271371976333,105
2024-09-16 13:28:22.578000,415.0208102308095,1000
2024-09-16 13:28:22.579000,415.0565556456824,1005
2024-09-16 13:28:22.664000,415.0642882345709,11
2024-09-16 13:28:22.665000,415.0429664381587,12
2024-09-16 13:28:22.671000,415.0325216210874,96
2024-09-16 13:28:22.787000,415.0733852776696,96
2024-09-16 13:28:22.846000,415.0587874976873,1004
2024-09-16 13:28:22.932000,415.0514583633077,95
2024-09-16 13:28:22.954000,415.0268191906151,100
2024-09-16 13:28:23.166000,415.0211139001881,5
2024-09-16 13:28:23.185000,415.0473355676713,9
2024-09-16 13:28:23.195000,414.98292018503946,1004
2024-09-16 13:28:23.754000,415.0287232828599,995
2024-09-16 13:28:23.769000,415.0624224276349,997
2024-09-16 13:28:23.778000,415.0174832609845,10
2024-09-16 13:28:23.807000,415.0139414254644,999
2024-09-16 13:28:23.852000,414.9984923924493,104
2024-09-16 13:28:23.862000,415.0628275899361,1002
2024-09-16 13:28:23.967000,415.0373756772432,1001
2024-09-16 13:28:23.975000,415.0414875156262,1005
2024-09-16 13:28:23.991000,415.00647897221705,1003
2024-09-16 13:28:24.013000,415.1459759632998,5
2024-09-16 13:28:24.073000,415.04777596858594,15
2024-09-16 13:28:24.077000,415.0744937973873,95
2024-09-16 13:28:24.125000,415.0637158138642,8
2024-09-16 13:28:24.253000,415.17986262645206,1003
2024-09-16 13:28:24.276000,415.0012403006208,98
2024-09-16 13:28:24.310000,415.17427929363447,11
2024-09-16 13:28:24.314000,415.0664707465687,15
2024-09-16 13:28:24.324000,415.0918751604796,10
2024-09-16 13:28:24.335000,414.98886234630623,1003
2024-09-16 13:28:24.350000,415.1318407797913,97
2024-09-16 13:28:24.369000,415.1682278818445,102
2024-09-16 13:28:24.460000,415.0304353185588,99
2024-09-16 13:28:24.465000,415.1421779786539,96
2024-09-16 13:28:24.553000,415.1209380861755,1005
2024-09-16 13:28:24.628000,415.1455476114321,995
2024-09-16 13:28:24.760000,415.1491171223759,10
2024-09-16 13:28:24.767000,415.15305969051377,1004
2024-09-16 13:28:24.786000,415.1724476938956,997
2024-09-16 13:28:24.887000,415.0179437441363,8
2024-09-16 13:28:24.938000,415.14728497975545,9
2024-09-16 13:28:25.156000,415.1761917299257,13
2024-09-16 13:28:25.421000,415.1620525540653,103
2024-09-16 13:28:25.490000,415.16690491295714,997
2024-09-16 13:28:25.603000,415.1694222634119,6
2024-09-16 13:28:25.639000,415.166878990671,996
2024-09-16 13:28:25.783000,415.1786378957522,1003
2024-09-16 13:28:25.898000,415.16401121452105,995
2024-09-16 13:28:26.009000,415.1857701873533,6
2024-09-16 13:28:26.070000,415.1847342649749,12
2024-09-16 13:28:26.187000,415.2080890514879,100
2024-09-16 13:28:26.216000,415.1699850584545,96
2024-09-16 13:28:26.239000,415.2149076820975,996
2024-09-16 13:28:26.348000,415.2250244831535,8
2024-09-16 13:28:26.353000,415.18813859137634,98
2024-09-16 13:28:26.377000,415.2184860832057,97
2024-09-16 13:28:26.380000,415.210170479829,1003
2024-09-16 13:28:26.452000,415.2253670432224,97
2024-09-16 13:28:26.465000,415.19375393403146,998
2024-09-16 13:28:26.471000,415.1949407709111,96
2024-09-16 13:28:26.479000,415.2214543861925,1001
2024-09-16 13:28:26.485000,415.20211958362063,96
2024-09-16 13:28:26.541000,415.2234911503885,7
2024-09-16 13:28:26.649000,415.20910272912346,997
2024-09-16 13:28:26.804000,415.2037112341688,995
2024-09-16 13:28:26.834000,415.2389105574029,102
2024-09-16 13:28:26.871000,415.1768164157382,6
2024-09-16 13:28:26.934000,415.21741493121823,99
2024-09-16 13:28:26.986000,415.1948082155544,8
2024-09-16 13:28:27.137000,415.2568456939885,12
2024-09-16 13:28:27.158000,415.2610569152545,995
2024-09-16 13:28:27.171000,415.2218386576401,11
2024-09-16 13:28:27.188000,415.2463168139657,1003
2024-09-16 13:28:27.202000,415.2445108271086,996
2024-09-16 13:28:27.267000,415.2403375694026,1005
2024-09-16 13:28:27.524000,415.2241264022832,105
2024-09-16 13:28:27.529000,415.2346417053559,14
2024-09-16 13:28:27.542000,415.219875151604,1005
2024-09-16 13:28:27.563000,415.2224178398037,1002
2024-09-16 13:28:27.604000,415.20288576562825,96
2024-09-16 13:28:27.635000,415.2268587252676,102
2024-09-16 13:28:27.745000,415.2272044344647,1001
2024-09-16 13:28:27.751000,415.3092291082438,100
2024-09-16 13:28:27.816000,415.2245898687394,96
2024-09-16 13:28:27.891000,415.2114785967722,10
2024-09-16 13:28:28.049000,415.3581237856795,1002
2024-09-16 13:28:28.057000,415.3165998248236,998
2024-09-16 13:28:28.058000,415.3638170541783,13
2024-09-16 13:28:28.074000,415.3968627566717,7
2024-09-16 13:28:28.097000,415.3101663246512,996
2024-09-16 13:28:28.164000,415.329384588952,8
2024-09-16 13:28:28.243000,415.3100226843714,104
2024-09-16 13:28:28.246000,415.3616991234241,98
2024-09-16 13:28:28.259000,415.3709907283496,99
2024-09-16 13:28:28.327000,415.3637163388225,96
2024-09-16 13:28:28.380000,415.3903406834209,10
2024-09-16 13:28:28.450000,415.3598896470054,102
2024-09-16 13:28:28.460000,415.3515382872741,95
2024-09-16 13:28:28.463000,415.330521558806,1002
2024-09-16 13:28:28.466000,415.359800565076,5
2024-09-16 13:28:28.484000,415.3495440599857,999
2024-09-16 13:28:28.505000,415.35433279133326,9
2024-09-16 13:28:28.513000,415.34958632562,997
2024-09-16 13:28:28.587000,415.3195796187917,15
2024-09-16 13:28:28.619000,415.380751800461,10
2024-09-16 13:28:28.707000,415.3414184998178,98
2024-09-16 13:28:28.710000,415.3845673226699,10
2024-09-16 13:28:28.740000,415.3630904995534,97
2024-09-16 13:28:28.759000,415.3290450063326,996
2024-09-16 13:28:28.802000,415.36014027765975,100
2024-09-16 13:28:28.858000,415.36595456089447,96
2024-09-16 13:28:28.912000,415.3381810250653,9
2024-09-16 13:28:28.941000,415.374022623792,1002
2024-09-16 13:28:29.052000,415.3696649047496,95
2024-09-16 13:28:29.065000,415.330718739518,97
2024-09-16 13:28:29.136000,415.3661996313997,12
2024-09-16 13:28:29.161000,415.3456311908418,1001
2024-09-16 13:28:29.180000,415.36902752874914,10
2024-09-16 13:28:29.230000,415.3606449365215,10
2024-09-16 13:28:29.312000,415.3315422098986,6
2024-09-16 13:28:29.375000,415.3540594574539,1002
2024-09-16 13:28:29.460000,415.40308976275503,15
2024-09-16 13:28:29.561000,415.3567334158119,103
2024-09-16 13:28:29.585000,415.3618026235648,1005
2024-09-16 13:28:29.612000,415.3397534334937,997
2024-09-16 13:28:29.657000,415.3529106403018,104
2024-09-16 13:28:29.672000,415.4068464928701,995
2024-09-16 13:28:29.679000,415.35716813581615,12
2024-09-16 13:28:29.749000,415.3879405631766,999
2024-09-16 13:28:29.815000,415.3910668627981,15
2024-09-16 13:28:29.847000,415.37387095715457,1003
2024-09-16 13:28:29.866000,415.3645954669024,995
2024-09-16 13:28:29.903000,415.3691345419262,97
2024-09-16 13:28:29.926000,415.3718600302139,103
2024-09-16 13:28:29.945000,415.3891598010583,1001
2024-09-16 13:28:30.176000,415.4104859045498,6
2024-09-16 13:28:31.049000,415.3138074863427,15
2024-09-16 13:28:31.050000,415.3358607477707,10
2024-09-16 13:28:31.052000,415.34263334979096,96
2024-09-16 13:28:31.138000,415.3704975435247,1004
2024-09-16 13:28:31.146000,415.32253966838346,1000
2024-09-16 13:28:31.170000,415.3418205694399,11
2024-09-16 13:28:31.211000,415.3248089304362,10
2024-09-16 13:28:31.273000,415.3449821484958,99
2024-09-16 13:28:31.301000,415.3744870051043,995
2024-09-16 13:28:31.425000,415.3326942486017,103
2024-09-16 13:28:31.550000,415.33365812564347,1001
2024-09-16 13:28:31.562000,415.34534064783975,99
2024-09-16 13:28:31.577000,415.3199055246409,6
2024-09-16 13:28:31.607000,415.3240987074924,1002
2024-09-16 13:28:31.775000,415.398369133858,996
2024-09-16 13:28:31.807000,415.33660210125777,100
2024-09-16 13:28:31.969000,415.3909733921517,1001
2024-09-16 13:28:32.030000,415.2867602865405,98
2024-09-16 13:28:32.077000,415.3604099209235,98
2024-09-16 13:28:32.112000,415.270818711443,11
2024-09-16 13:28:32.171000,415.3464270503435,101
2024-09-16 13:28:32.186000,415.2832562355547,1003
2024-09-16 13:28:32.230000,415.321212600654,6
2024-09-16 13:28:32.260000,415.2940011311708,11
2024-09-16 13:28:32.262000,415.3017205616897,100
2024-09-16 13:28:32.439000,415.3190976841127,98
2024-09-16 13:28:32.484000,415.2697884121969,104
2024-09-16 13:28:32.506000,415.3360012164615,104
2024-09-16 13:28:32.523000,415.2854837972265,12
2024-09-16 13:28:32.531000,415.3284676258504,1003
2024-09-16 13:28:32.639000,415.3549408946731,97
2024-09-16 13:28:32.881000,415.3095680693809,999
2024-09-16 13:28:32.949000,415.3026001287146,14
2024-09-16 13:28:32.990000,415.3288321115428,96
2024-09-16 13:28:33.354000,415.34883690375193,95
2024-09-16 13:28:33.455000,415.35903609088615,1000
2024-09-16 13:28:33.532000,415.33586301869445,995
2024-09-16 13:28:33.605000,415.368258612081,97
2024-09-16 13:28:33.628000,415.3544339679649,14
2024-09-16 13:28:33.666000,415.3551775122031,999
2024-09-16 13:28:33.671000,415.3514885491869,13
2024-09-16 13:28:33.692000,415.352388007842,102
2024-09-16 13:28:33.890000,415.3517423641828,99
2024-09-16 13:28:33.922000,415.3605347221211,99
2024-09-16 13:28:34.094000,415.2836765265921,102
2024-09-16 13:28:34.109000,415.2752206453752,12
2024-09-16 13:28:34.142000,415.3240175695697,995
2024-09-16 13:28:34.159000,415.2687528962044,6
2024-09-16 13:28:34.227000,415.2712406571509,104
2024-09-16 13:28:34.268000,415.29872966738185,100
2024-09-16 13:28:34.313000,415.2758127479897,1002
2024-09-16 13:28:34.324000,415.3290672446607,10
2024-09-16 13:28:34.391000,415.2687859337845,1001
2024-09-16 13:28:34.412000,415.2410711237018,104
2024-09-16 13:28:34.413000,415.2597702815805,1001
2024-09-16 13:28:34.450000,415.2934367456598,1004
2024-09-16 13:28:34.477000,415.2688762704542,105
2024-09-16 13:28:34.488000,415.27522870871553,7
2024-09-16 13:28:34.529000,415.3014081476184,997
2024-09-16 13:28:34.538000,415.35454664206696,95
2024-09-16 13:28:34.592000,415.2365030021817,1000
2024-09-16 13:28:34.596000,415.2722263708269,1001
2024-09-16 13:28:34.599000,415.3392018348961,10
2024-09-16 13:28:34.617000,415.27716239467065,8
2024-09-16 13:28:34.648000,415.2627546550274,996
2024-09-16 13:28:34.683000,415.3359566984615,995
2024-09-16 13:28:34.688000,415.2647447165108,997
2024-09-16 13:28:34.779000,415.3171172236529,11
2024-09-16 13:28:34.878000,415.3371775644771,5
2024-09-16 13:28:34.893000,415.3155964592769,11
2024-09-16 13:28:34.923000,415.3463493070444,1004
2024-09-16 13:28:34.946000,415.3473424399296,7
2024-09-16 13:28:34.948000,415.3139930635764,14
2024-09-16 13:28:36.107000,415.2658051543905,1003
2024-09-16 13:28:36.138000,415.26359746214337,97
2024-09-16 13:28:36.147000,415.2750387416348,6
2024-09-16 13:28:36.371000,415.3121743132557,7
2024-09-16 13:28:36.440000,415.2666001405922,996
2024-09-16 13:28:36.501000,415.2988388592888,96
2024-09-16 13:28:36.567000,415.2955272241084,102
2024-09-16 13:28:36.634000,415.2468662804868,7
2024-09-16 13:28:36.642000,415.26863481435214,103
2024-09-16 13:28:36.680000,415.30292346299257,98
2024-09-16 13:28:36.876000,415.2571596882442,12
2024-09-16 13:28:36.893000,415.2753545339056,1005
2024-09-16 13:28:37.093000,415.3364540407154,99
2024-09-16 13:28:37.196000,415.2897013139478,104
2024-09-16 13:28:37.226000,415.27219314522046,6
2024-09-16 13:28:37.263000,415.28271016990266,97
2024-09-16 13:28:37.275000,415.2743642521572,998
2024-09-16 13:28:37.307000,415.2826499442645,997
2024-09-16 13:28:37.395000,415.2696916820829,10
2024-09-16 13:28:37.431000,415.30108067699393,15
2024-09-16 13:28:37.501000,415.287914068916,96
2024-09-16 13:28:37.510000,415.2694880099031,96
2024-09-16 13:28:37.586000,415.3331266608789,104
2024-09-16 13:28:37.654000,415.2679544454596,6
2024-09-16 13:28:37.952000,415.3291066725871,105
2024-09-16 13:28:38.009000,415.3308214420218,14
2024-09-16 13:28:38.163000,415.3379039952482,12
2024-09-16 13:28:38.197000,415.3612045238447,11
2024-09-16 13:28:38.265000,415.3420536873221,99
2024-09-16 13:28:38.443000,415.3543082144536,996
2024-09-16 13:28:38.735000,415.32090316144775,996
2024-09-16 13:28:38.834000,415.3376221839232,12
2024-09-16 13:28:38.894000,415.3348959551011,101
2024-09-16 13:28:38.921000,415.3594000833725,1005
2024-09-16 13:28:38.973000,415.34047488009605,7
2024-09-16 13:28:40.005000,415.3383405476359,996
2024-09-16 13:28:40.015000,415.3193108690901,97
2024-09-16 13:28:40.073000,415.3058399088313,1001
2024-09-16 13:28:40.172000,415.316020015612,12
2024-09-16 13:28:40.208000,415.3046158457281,15
2024-09-16 13:28:40.219000,415.3076274476861,5
2024-09-16 13:28:40.256000,415.317012776185,95
2024-09-16 13:28:40.293000,415.2959193035311,995
2024-09-16 13:28:40.312000,415.32969845698,97
2024-09-16 13:28:40.352000,415.3266948065332,12
2024-09-16 13:28:40.353000,415.3309183189969,14
2024-09-16 13:28:40.356000,415.294792310825,95
2024-09-16 13:28:40.385000,415.3389134558872,12
2024-09-16 13:28:40.398000,415.322093548833,9
2024-09-16 13:28:40.438000,415.2915826249561,98
2024-09-16 13:28:40.448000,415.3505427364073,1003
2024-09-16 13:28:40.528000,415.29529638272805,98
2024-09-16 13:28:40.626000,415.3515183604557,95
2024-09-16 13:28:40.639000,415.3126017834435,1003
2024-09-16 13:28:40.644000,415.3487433740429,13
2024-09-16 13:28:40.697000,415.3026679471311,12
2024-09-16 13:28:40.793000,415.3257805378548,998
2024-09-16 13:28:40.795000,415.33962505403446,10
2024-09-16 13:28:40.879000,415.3513891479896,997
2024-09-16 13:28:40.929000,415.28811227570105,7
2024-09-16 13:28:40.932000,415.3423886756564,7
2024-09-16 13:28:40.955000,415.327654146128,15
2024-09-16 13:28:40.974000,415.2924860685716,1002
2024-09-16 13:28:41.009000,415.2775082720114,998
2024-09-16 13:28:41.305000,415.2723038943372,11
2024-09-16 13:28:41.454000,415.2722481386804,9
2024-09-16 13:28:41.566000,415.2833239364055,102
2024-09-16 13:28:41.738000,415.2900603696884,101
2024-09-16 13:28:41.939000,415.2665749165565,997
2024-09-16 13:28:42.092000,415.3020287090165,105
2024-09-16 13:28:42.110000,415.2831491336792,11
2024-09-16 13:28:42.248000,415.2692972110541,995
2024-09-16 13:28:42.268000,415.27931940551525,12
2024-09-16 13:28:42.316000,415.270307448499,96
2024-09-16 13:28:42.330000,415.28330721136047,1005
2024-09-16 13:28:42.367000,415.2890000769392,102
2024-09-16 13:28:42.463000,415.27115506656855,95
2024-09-16 13:28:42.473000,415.2581998364233,998
2024-09-16 13:28:42.485000,415.2633524934995,12
2024-09-16 13:28:42.493000,415.2850997038904,1004
2024-09-16 13:28:42.594000,415.27453125255465,1005
2024-09-16 13:28:42.611000,415.2892608330964,995
2024-09-16 13:28:42.648000,415.2772481102711,995
2024-09-16 13:28:42.664000,415.2733516166372,12
2024-09-16 13:28:42.704000,415.2565640423315,1004
2024-09-16 13:28:42.712000,415.3049990224803,997
2024-09-16 13:28:42.714000,415.2687824993319,14
2024-09-16 13:28:42.728000,415.266019800081,1004
2024-09-16 13:28:42.747000,415.2937783532579,13
2024-09-16 13:28:42.786000,415.2734493418105,996
2024-09-16 13:28:42.803000,415.29379080966993,998
2024-09-16 13:28:42.819000,415.2567150586287,9
2024-09-16 13:28:42.828000,415.2733081013864,100
2024-09-16 13:28:42.886000,415.3115941674096,103
2024-09-16 13:28:42.889000,415.2841882310064,9
2024-09-16 13:28:42.949000,415.28431642308846,1004
2024-09-16 13:28:42.978000,415.26802586980807,6
2024-09-16 13:28:42.993000,415.2947807839958,996
2024-09-16 13:28:43.017000,415.2765531544613,8
2024-09-16 13:28:43.050000,415.3048541444711,13
2024-09-16 13:28:43.062000,415.319239739283,7
2024-09-16 13:28:43.062000,415.3184064252542,1003
2024-09-16 13:28:43.068000,415.3112652531826,7
2024-09-16 13:28:43.092000,415.3239718283917,1005
2024-09-16 13:28:43.119000,415.3345306008052,15
2024-09-16 13:28:43.152000,415.3195104157796,9
2024-09-16 13:28:43.183000,415.2806829294229,98
2024-09-16 13:28:43.206000,415.3250410204233,1004
2024-09-16 13:28:43.241000,415.3217380404782,13
2024-09-16 13:28:43.275000,415.3145450641399,15
2024-09-16 13:28:43.355000,415.32902510711705,1001
2024-09-16 13:28:43.363000,415.2834073232052,102
2024-09-16 13:28:43.423000,415.2664854521261,15
2024-09-16 13:28:43.434000,415.3224273579154,99
2024-09-16 13:28:43.436000,415.2862672256836,997
2024-09-16 13:28:43.473000,415.272585846264,12
2024-09-16 13:28:43.475000,415.33157365600016,996
2024-09-16 13:28:43.592000,415.3451779182645,10
2024-09-16 13:28:43.661000,415.3398979577879,102
2024-09-16 13:28:43.683000,415.3387298076663,995
2024-09-16 13:28:43.687000,415.3376085896044,9
2024-09-16 13:28:43.755000,415.3285356261944,1004
2024-09-16 13:28:43.772000,415.3334691632908,1000
2024-09-16 13:28:43.884000,415.3088291535466,8
2024-09-16 13:28:43.911000,415.3243240470203,100
2024-09-16 13:28:43.988000,415.3212633272617,12
2024-09-16 13:28:44.006000,415.25557989475766,6
2024-09-16 13:28:44.021000,415.262094314836,1001
2024-09-16 13:28:44.087000,415.3066694364765,104
2024-09-16 13:28:44.109000,415.3125355806436,1004
2024-09-16 13:28:44.232000,415.2558832888192,995
2024-09-16 13:28:44.265000,415.3317733710162,102
2024-09-16 13:28:44.458000,415.32366498685946,104
2024-09-16 13:28:44.482000,415.2726158502157,97
2024-09-16 13:28:44.578000,415.3261948646616,103
2024-09-16 13:28:44.596000,415.2843633918,103
2024-09-16 13:28:44.623000,415.2873710004276,11
2024-09-16 13:28:44.871000,415.2936297520999,996
2024-09-16 13:28:44.929000,415.2732298667698,10
2024-09-16 13:28:44.999000,415.3331647124024,1003
2024-09-16 13:28:45,415.2685547278689,11
2024-09-16 13:28:45.012000,415.3027004122737,100
2024-09-16 13:28:45.122000,415.2914310713608,995
2024-09-16 13:28:45.124000,415.2835724391397,96
2024-09-16 13:28:45.375000,415.3005355355181,7
2024-09-16 13:28:45.377000,415.2930838646876,1004
2024-09-16 13:28:45.393000,415.2887115331647,1004
2024-09-16 13:28:45.415000,415.2631490299962,12
2024-09-16 13:28:45.461000,415.2862233608504,998
2024-09-16 13:28:45.464000,415.2682133813557,997
2024-09-16 13:28:45.557000,415.2911175933436,9
2024-09-16 13:28:45.601000,415.2951051249901,105
2024-09-16 13:28:45.602000,415.28510679609286,103
2024-09-16 13:28:45.602000,415.2757085124553,1005
2024-09-16 13:28:45.610000,415.29923991732807,96
2024-09-16 13:28:45.612000,415.2969857194873,1001
2024-09-16 13:28:45.618000,415.26068463766256,5
2024-09-16 13:28:45.670000,415.3025171460682,1003
2024-09-16 13:28:45.672000,415.30026903862574,10
2024-09-16 13:28:45.748000,415.28310241473525,104
2024-09-16 13:28:45.756000,415.26912947451297,995
2024-09-16 13:28:45.801000,415.3035389965327,7
2024-09-16 13:28:45.904000,415.2966439799951,95
2024-09-16 13:28:45.955000,415.2895116745498,997
2024-09-16 13:28:46.034000,415.3242348759256,998
2024-09-16 13:28:46.103000,415.3183056067376,96
2024-09-16 13:28:46.144000,415.2841059824873,7
2024-09-16 13:28:46.223000,415.3016590375263,1004
2024-09-16 13:28:46.560000,415.3187259731643,1001
2024-09-16 13:28:46.605000,415.3220643937418,12
2024-09-16 13:28:46.702000,415.3421801279321,6
2024-09-16 13:28:46.765000,415.29558546962994,999
2024-09-16 13:28:46.811000,415.3197503876211,103
2024-09-16 13:28:46.818000,415.3266033552847,100
2024-09-16 13:28:46.838000,415.3294359263888,99
2024-09-16 13:28:46.985000,415.3081053195912,105
2024-09-16 13:28:46.989000,415.3040058915425,999
2024-09-16 13:28:47.043000,415.3295710922308,105
2024-09-16 13:28:47.117000,415.31765046403126,1003
2024-09-16 13:28:47.132000,415.2974782787108,1001
2024-09-16 13:28:47.169000,415.3204096420924,1000
2024-09-16 13:28:47.303000,415.2993704675487,1000
2024-09-16 13:28:47.330000,415.3359460710293,6
2024-09-16 13:28:47.399000,415.333171423005,1005
2024-09-16 13:28:47.704000,415.32718021625067,12
2024-09-16 13:28:47.831000,415.3272097129591,998
2024-09-16 13:28:47.890000,415.3086411466912,997
2024-09-16 13:28:47.921000,415.2967954294136,104
2024-09-16 13:28:47.931000,415.31438883995486,999
2024-09-16 13:28:47.996000,415.298983049414,15
2024-09-16 13:28:48.148000,415.3151840462706,10
2024-09-16 13:28:48.175000,415.3362622775821,995
2024-09-16 13:28:48.176000,415.2888325850113,1005
2024-09-16 13:28:48.207000,415.306704949047,1001
2024-09-16 13:28:48.349000,415.2870055770349,1002
2024-09-16 13:28:48.359000,415.27793496118505,12
2024-09-16 13:28:48.424000,415.27445044189415,104
2024-09-16 13:28:48.476000,415.31150367786057,95
2024-09-16 13:28:48.483000,415.30563020653926,995
2024-09-16 13:28:48.615000,415.32095176923775,99
2024-09-16 13:28:48.633000,415.31524535817056,1001
2024-09-16 13:28:48.648000,415.2921528620523,1000
2024-09-16 13:28:48.904000,415.3323378796493,102
2024-09-16 13:28:49.033000,415.31260955505815,15
2024-09-16 13:28:49.033000,415.34983681360944,10
2024-09-16 13:28:49.034000,415.3374092605823,98
2024-09-16 13:28:49.093000,415.3356072808794,97
2024-09-16 13:28:49.151000,415.3177245480576,105
2024-09-16 13:28:49.203000,415.3222114093847,11
2024-09-16 13:28:49.207000,415.2741502572775,95
2024-09-16 13:28:49.236000,415.29157341412,1000
2024-09-16 13:28:49.292000,415.3556245147792,1003
2024-09-16 13:28:49.297000,415.2900531803677,11
2024-09-16 13:28:49.388000,415.2705931311594,999
2024-09-16 13:28:49.401000,415.2980618213052,98
2024-09-16 13:28:49.402000,415.3430469423674,15
2024-09-16 13:28:49.438000,415.29082181665314,1003
2024-09-16 13:28:49.495000,415.3198960738284,14
2024-09-16 13:28:49.511000,415.3385906884481,14
2024-09-16 13:28:49.519000,415.2912009148503,98
2024-09-16 13:28:49.559000,415.2757674225415,99
2024-09-16 13:28:49.569000,415.2876850256509,99
2024-09-16 13:28:49.625000,415.3280321931648,12
2024-09-16 13:28:49.656000,415.34688435084166,14
2024-09-16 13:28:49.736000,415.2946210091742,96
2024-09-16 13:28:49.743000,415.33699904235147,101
2024-09-16 13:28:49.783000,415.3368026222965,97
2024-09-16 13:28:49.796000,415.3088626648404,1003
2024-09-16 13:28:49.840000,415.33432598969534,8
2024-09-16 13:28:49.996000,415.2918487719112,96
2024-09-16 13:28:50.005000,415.27574869212265,1001
2024-09-16 13:28:50.127000,415.3322452431304,12
2024-09-16 13:28:50.154000,415.2939667938937,100
2024-09-16 13:28:50.167000,415.2804143996791,6
2024-09-16 13:28:50.176000,415.3102664108917,104
2024-09-16 13:28:50.225000,415.29147110174114,6
2024-09-16 13:28:50.309000,415.2875963506101,10
2024-09-16 13:28:50.317000,415.3745344632918,101
2024-09-16 13:28:50.326000,415.3174511854417,95
2024-09-16 13:28:50.364000,415.3564632666895,13
2024-09-16 13:28:50.461000,415.3296744130721,98
2024-09-16 13:28:50.558000,415.33300997830986,96
2024-09-16 13:28:50.595000,415.299928335573,14
2024-09-16 13:28:50.716000,415.3370436804653,1004
2024-09-16 13:28:50.753000,415.3017057772501,995
2024-09-16 13:28:50.794000,415.3895449164613,1001
2024-09-16 13:28:50.817000,415.3180989739152,999
2024-09-16 13:28:50.879000,415.3294154700701,12
2024-09-16 13:28:50.935000,415.31565391002414,1004
2024-09-16 13:28:50.973000,415.3608599025652,101
2024-09-16 13:28:51.014000,415.2787199815535,1005
2024-09-16 13:28:51.162000,415.2724937214055,103
2024-09-16 13:28:51.192000,415.2941888485972,1002
2024-09-16 13:28:51.294000,415.2805985994103,15
2024-09-16 13:28:51.437000,415.26803644096174,1004
2024-09-16 13:28:51.500000,415.2670860189732,999
2024-09-16 13:28:51.512000,415.2995287148419,6
2024-09-16 13:28:51.746000,415.29399595925264,8
2024-09-16 13:28:51.830000,415.2785121939312,15
2024-09-16 13:28:51.952000,415.2749181590798,9
2024-09-16 13:28:52.134000,415.2723289004573,1005
2024-09-16 13:28:52.338000,415.3193976473871,96
2024-09-16 13:28:52.364000,415.2726570153369,1003
2024-09-16 13:28:52.398000,415.2910927541193,96
2024-09-16 13:28:52.430000,415.292537191889,999
2024-09-16 13:28:52.544000,415.3255729566589,5
2024-09-16 13:28:52.595000,415.348686716993,9
2024-09-16 13:28:52.609000,415.31701505747407,996
2024-09-16 13:28:52.631000,415.2870322263741,6
2024-09-16 13:28:52.711000,415.2819660355432,101
2024-09-16 13:28:52.735000,415.3124489207451,14
2024-09-16 13:28:52.917000,415.2931784686561,13
2024-09-16 13:28:52.933000,415.3132412025085,103
2024-09-16 13:28:52.951000,415.302662096578,101
2024-09-16 13:28:52.965000,415.28724358195706,9
2024-09-16 13:28:53.013000,415.343356276129,15
2024-09-16 13:28:53.039000,415.34599525497646,14
2024-09-16 13:28:53.113000,415.3452510328135,98
2024-09-16 13:28:53.124000,415.3258693586896,103
2024-09-16 13:28:53.137000,415.3439360394203,1004
2024-09-16 13:28:53.166000,415.3368159030035,8
2024-09-16 13:28:53.313000,415.3405048987586,96
2024-09-16 13:28:53.319000,415.3506228734138,99
2024-09-16 13:28:53.364000,415.3479202186669,1002
2024-09-16 13:28:53.367000,415.33924328106434,1004
2024-09-16 13:28:53.412000,415.35012286951087,999
2024-09-16 13:28:53.532000,415.34148966838734,99
2024-09-16 13:28:53.564000,415.3227203532312,97
2024-09-16 13:28:53.570000,415.3562718414657,102
2024-09-16 13:28:53.914000,415.3607619841106,100
2024-09-16 13:28:53.938000,415.34826011520187,104
2024-09-16 13:28:53.984000,415.3386958670076,96
2024-09-16 13:28:54.017000,415.3310051596281,999
2024-09-16 13:28:54.036000,415.35986899475023,95
2024-09-16 13:28:54.087000,415.2571512694264,996
2024-09-16 13:28:54.130000,415.3669923125855,15
2024-09-16 13:28:54.133000,415.2662133213341,11
2024-09-16 13:28:54.301000,415.3012615565817,97
2024-09-16 13:28:54.325000,415.3755298389174,96
2024-09-16 13:28:54.430000,415.3568563331015,15
2024-09-16 13:28:54.436000,415.2639563155224,15
2024-09-16 13:28:54.466000,415.3562696687249,998
2024-09-16 13:28:54.539000,415.265664443979,1005
2024-09-16 13:28:54.595000,415.3183361856769,999
2024-09-16 13:28:54.623000,415.3500806259708,998
2024-09-16 13:28:54.661000,415.2808649304975,1000
2024-09-16 13:28:54.680000,415.3399542094888,98
2024-09-16 13:28:54.751000,415.32494515997286,998
2024-09-16 13:28:55.013000,415.2543632533727,10
2024-09-16 13:28:55.034000,415.3220017235059,99
2024-09-16 13:28:55.083000,415.3436449023241,998
2024-09-16 13:28:55.126000,415.339732745534,6
2024-09-16 13:28:55.146000,415.3054330123979,103
2024-09-16 13:28:55.172000,415.3143266565849,5
2024-09-16 13:28:55.186000,415.2725425878665,9
2024-09-16 13:28:55.223000,415.3310763161994,96
2024-09-16 13:28:55.300000,415.2830780114825,1003
2024-09-16 13:28:55.312000,415.307707466155,98
2024-09-16 13:28:55.325000,415.2453994335248,15
2024-09-16 13:28:55.346000,415.27105472277486,102
2024-09-16 13:28:55.387000,415.2659170335451,8
2024-09-16 13:28:55.475000,415.30456587871765,14
2024-09-16 13:28:55.588000,415.318172299065,101
2024-09-16 13:28:55.606000,415.3155152806421,995
2024-09-16 13:28:55.619000,415.2831138191443,12
2024-09-16 13:28:55.656000,415.3014526985016,1001
2024-09-16 13:28:55.698000,415.3176142899818,7
2024-09-16 13:28:55.721000,415.30087481088793,13
2024-09-16 13:28:55.727000,415.2502238216042,5
2024-09-16 13:28:55.818000,415.3005013071081,15
2024-09-16 13:28:55.851000,415.284189414283,1003
2024-09-16 13:28:55.860000,415.2482685584481,5
2024-09-16 13:28:55.914000,415.296439083159,995
2024-09-16 13:28:55.955000,415.34056916284607,103
2024-09-16 13:28:56.052000,415.38125639851785,102
2024-09-16 13:28:56.101000,415.38691441233385,6
2024-09-16 13:28:56.114000,415.3688907634888,11
2024-09-16 13:28:56.144000,415.3286012538342,14
2024-09-16 13:28:56.184000,415.3379525950902,9
2024-09-16 13:28:56.195000,415.3772450362239,13
2024-09-16 13:28:56.203000,415.38587279263874,6
2024-09-16 13:28:56.252000,415.36387080118834,997
2024-09-16 13:28:56.286000,415.3489405320507,11
2024-09-16 13:28:56.310000,415.335196285504,13
2024-09-16 13:28:56.414000,415.346437813267,7
2024-09-16 13:28:56.432000,415.3828638425183,996
2024-09-16 13:28:56.464000,415.3529524620407,99
2024-09-16 13:28:56.479000,415.4117553081206,7
2024-09-16 13:28:56.480000,415.4010016505514,7
2024-09-16 13:28:56.579000,415.3899212460984,12
2024-09-16 13:28:56.614000,415.3821249878966,999
2024-09-16 13:28:56.701000,415.3582218924332,101
2024-09-16 13:28:56.713000,415.395203491928,10
2024-09-16 13:28:56.779000,415.3406696488813,95
2024-09-16 13:28:56.894000,415.3961050508231,99
2024-09-16 13:28:56.918000,415.40026423284974,6
2024-09-16 13:28:56.933000,415.40661817090177,96
2024-09-16 13:28:56.951000,415.4096524072895,99
2024-09-16 13:28:56.984000,415.3486311334552,995
2024-09-16 13:28:57.190000,415.3512345177198,998
2024-09-16 13:28:57.448000,415.350973420304,8
2024-09-16 13:28:57.735000,415.3529451134217,102
2024-09-16 13:28:58.054000,415.2977456511731,998
2024-09-16 13:28:58.177000,415.31573948907226,1001
2024-09-16 13:28:58.310000,415.2793244562062,7
2024-09-16 13:28:58.347000,415.27832101876567,1000
2024-09-16 13:28:58.350000,415.261106508609,8
2024-09-16 13:28:58.646000,415.2905676160945,998
2024-09-16 13:28:58.725000,415.2723329410251,998
2024-09-16 13:28:58.753000,415.3007681160371,15
2024-09-16 13:28:58.844000,415.2799636726929,5
2024-09-16 13:28:58.963000,415.3110421066237,1004
2024-09-16 13:28:59.021000,415.2661777878518,105
2024-09-16 13:28:59.070000,415.3114095789763,8
2024-09-16 13:28:59.081000,415.2820776014245,103
2024-09-16 13:28:59.168000,415.27281335698586,996
2024-09-16 13:28:59.203000,415.3566674601736,1002
2024-09-16 13:28:59.221000,415.3786788160752,995
2024-09-16 13:28:59.244000,415.35050665107656,999
2024-09-16 13:28:59.322000,415.2891686014879,12
2024-09-16 13:28:59.392000,415.3318558916291,96
2024-09-16 13:28:59.566000,415.360341576135,995
2024-09-16 13:28:59.697000,415.3641125232713,10
2024-09-16 13:28:59.781000,415.3102767753596,8
2024-09-16 13:28:59.820000,415.2992550014881,996
2024-09-16 13:28:59.943000,415.3293586506985,96
2024-09-16 13:28:59.959000,415.33003845370456,95
2024-09-16 13:28:59.983000,415.2723067592837,101
