Timestamp,Price,Size
2024-09-19 14:17:00.011000,418.11064728690616,9
2024-09-19 14:17:00.098000,418.201690973625,105
2024-09-19 14:17:00.108000,418.0869311135257,996
2024-09-19 14:17:00.120000,418.10144744248447,1001
2024-09-19 14:17:00.121000,418.20081420838295,1000
2024-09-19 14:17:00.157000,418.14964367241424,99
2024-09-19 14:17:00.166000,418.1900844382353,1000
2024-09-19 14:17:00.215000,418.1365548582708,97
2024-09-19 14:17:00.232000,418.18679874531153,98
2024-09-19 14:17:00.248000,418.1755898432153,101
2024-09-19 14:17:00.397000,418.1794889648936,12
2024-09-19 14:17:00.398000,418.1330811644052,998
2024-09-19 14:17:00.444000,418.2222469371639,1001
2024-09-19 14:17:00.457000,418.19452940142406,13
2024-09-19 14:17:00.468000,418.11855605961154,11
2024-09-19 14:17:00.479000,418.19968731718967,97
2024-09-19 14:17:00.509000,418.152287204588,15
2024-09-19 14:17:00.519000,418.2193219928061,105
2024-09-19 14:17:00.531000,418.1934678583957,98
2024-09-19 14:17:00.560000,418.1027240361557,104
2024-09-19 14:17:00.586000,418.1929737698964,14
2024-09-19 14:17:00.622000,418.18776485267904,103
2024-09-19 14:17:00.625000,418.0712356118681,95
2024-09-19 14:17:00.672000,418.2217871573116,104
2024-09-19 14:17:00.700000,418.16665073043833,997
2024-09-19 14:17:00.733000,418.1604547943432,104
2024-09-19 14:17:00.781000,418.09112128864825,100
2024-09-19 14:17:00.795000,418.18653814222057,104
2024-09-19 14:17:00.974000,418.2111777268219,996
2024-09-19 14:17:00.999000,418.17053881618176,995
2024-09-19 14:17:01.002000,418.1983185475539,996
2024-09-19 14:17:01.019000,418.1918689960723,1000
2024-09-19 14:17:01.187000,418.1387831725355,1002
2024-09-19 14:17:01.372000,418.1782769159743,6
2024-09-19 14:17:01.419000,418.1579523216695,12
2024-09-19 14:17:01.594000,418.156392288275,11
2024-09-19 14:17:01.611000,418.208597049251,15
2024-09-19 14:17:01.656000,418.2119563520945,11
2024-09-19 14:17:01.685000,418.2173713683354,7
2024-09-19 14:17:01.913000,418.21962783320697,996
2024-09-19 14:17:01.917000,418.1673556649048,14
2024-09-19 14:17:01.924000,418.18094677844914,103
2024-09-19 14:17:01.972000,418.2011230788239,102
2024-09-19 14:17:02,418.15170973305874,1005
2024-09-19 14:17:02.013000,418.1526886713729,1005
2024-09-19 14:17:02.032000,418.139023313738,100
2024-09-19 14:17:02.128000,418.1699089616301,997
2024-09-19 14:17:02.186000,418.145641755935,1004
2024-09-19 14:17:02.193000,418.1844291930715,10
2024-09-19 14:17:02.321000,418.1602800471488,95
2024-09-19 14:17:02.343000,418.1768424777893,996
2024-09-19 14:17:02.348000,418.1753488149536,14
2024-09-19 14:17:02.360000,418.1908399176895,998
2024-09-19 14:17:02.427000,418.1820692769797,1000
2024-09-19 14:17:02.429000,418.2125696006124,997
2024-09-19 14:17:02.506000,418.1701278721316,6
2024-09-19 14:17:02.567000,418.18152584846985,103
2024-09-19 14:17:02.571000,418.1688210135543,998
2024-09-19 14:17:02.581000,418.1962180810293,97
2024-09-19 14:17:02.712000,418.162757121734,105
2024-09-19 14:17:02.730000,418.201419005158,95
2024-09-19 14:17:02.743000,418.1669808956617,1000
2024-09-19 14:17:02.821000,418.1767810758618,97
2024-09-19 14:17:02.829000,418.1584134889246,1002
2024-09-19 14:17:02.838000,418.168609219532,995
2024-09-19 14:17:02.893000,418.1860929007557,1000
2024-09-19 14:17:02.919000,418.1704829917991,102
2024-09-19 14:17:02.958000,418.1825933360639,996
2024-09-19 14:17:03.028000,418.1621982306998,101
2024-09-19 14:17:03.121000,418.166649557113,97
2024-09-19 14:17:03.171000,418.1661475150002,1000
2024-09-19 14:17:03.184000,418.176862012275,998
2024-09-19 14:17:03.286000,418.1435373306412,5
2024-09-19 14:17:03.324000,418.1348196105073,14
2024-09-19 14:17:03.381000,418.1471481633743,98
2024-09-19 14:17:03.402000,418.1533576141704,96
2024-09-19 14:17:03.436000,418.1545294697648,103
2024-09-19 14:17:03.486000,418.1693473622557,1000
2024-09-19 14:17:03.538000,418.1808582183936,1003
2024-09-19 14:17:03.654000,418.1597920125509,7
2024-09-19 14:17:03.663000,418.1452107105515,8
2024-09-19 14:17:03.700000,418.13741226657584,97
2024-09-19 14:17:03.749000,418.1506752900584,97
2024-09-19 14:17:03.791000,418.1499009535448,97
2024-09-19 14:17:03.798000,418.1789605442234,14
2024-09-19 14:17:03.920000,418.1839514428225,1004
2024-09-19 14:17:03.950000,418.2033572454917,999
2024-09-19 14:17:04.078000,418.1817190765091,103
2024-09-19 14:17:04.208000,418.123101609179,1003
2024-09-19 14:17:04.240000,418.1514975478359,5
2024-09-19 14:17:04.391000,418.1694877979493,99
2024-09-19 14:17:04.421000,418.123052152653,104
2024-09-19 14:17:04.467000,418.1677746854922,8
2024-09-19 14:17:04.516000,418.1815564816945,7
2024-09-19 14:17:04.731000,418.14218268339846,12
2024-09-19 14:17:04.818000,418.1482866893515,99
2024-09-19 14:17:04.830000,418.1355543557913,6
2024-09-19 14:17:04.863000,418.178826002297,999
2024-09-19 14:17:04.912000,418.1169040731922,6
2024-09-19 14:17:05.110000,418.16292669041576,5
2024-09-19 14:17:05.510000,418.16148270983393,10
2024-09-19 14:17:06.003000,418.1259766530243,99
2024-09-19 14:17:06.035000,418.1318091170669,15
2024-09-19 14:17:06.044000,418.1545567165836,12
2024-09-19 14:17:06.066000,418.1714755986077,5
2024-09-19 14:17:06.232000,418.16338347969184,996
2024-09-19 14:17:06.458000,418.1302526621444,98
2024-09-19 14:17:06.504000,418.15507722113233,1005
2024-09-19 14:17:06.513000,418.1612152547278,1003
2024-09-19 14:17:06.899000,418.1526926488861,999
2024-09-19 14:17:06.963000,418.15169258920463,12
2024-09-19 14:17:07.022000,418.14400472904936,14
2024-09-19 14:17:07.026000,418.14976390262,13
2024-09-19 14:17:07.295000,418.13202702492913,95
2024-09-19 14:17:07.449000,418.1395092751163,99
2024-09-19 14:17:07.479000,418.1433559902201,102
2024-09-19 14:17:07.543000,418.1385943917613,997
2024-09-19 14:17:07.570000,418.1448223869391,1005
2024-09-19 14:17:07.680000,418.1311576021618,1005
2024-09-19 14:17:07.849000,418.139266863811,12
2024-09-19 14:17:07.855000,418.1174547637229,6
2024-09-19 14:17:07.994000,418.1456553715472,99
2024-09-19 14:17:08.180000,418.1020190065999,98
2024-09-19 14:17:08.336000,418.1252239357021,1000
2024-09-19 14:17:08.370000,418.09115911573736,105
2024-09-19 14:17:08.376000,418.12394383891245,13
2024-09-19 14:17:08.430000,418.1300417214568,1000
2024-09-19 14:17:08.460000,418.0931130729477,11
2024-09-19 14:17:08.483000,418.1141385634338,103
2024-09-19 14:17:08.500000,418.10881264611055,995
2024-09-19 14:17:08.932000,418.10529062216665,1002
2024-09-19 14:17:10.015000,418.1240540585816,998
2024-09-19 14:17:10.033000,418.14395672651966,99
2024-09-19 14:17:10.071000,418.1089122599416,96
2024-09-19 14:17:10.094000,418.12998063612906,96
2024-09-19 14:17:10.177000,418.13469260699617,8
2024-09-19 14:17:10.180000,418.1322381951528,995
2024-09-19 14:17:10.225000,418.1337611703317,996
2024-09-19 14:17:10.341000,418.1641958306852,14
2024-09-19 14:17:10.348000,418.1438342436184,97
2024-09-19 14:17:10.504000,418.13248416830095,5
2024-09-19 14:17:10.518000,418.1226779272724,11
2024-09-19 14:17:10.527000,418.093906355456,98
2024-09-19 14:17:10.561000,418.1273592749192,7
2024-09-19 14:17:10.641000,418.1473666175209,104
2024-09-19 14:17:10.712000,418.1210163253571,995
2024-09-19 14:17:10.735000,418.13282400133176,6
2024-09-19 14:17:10.768000,418.1139684993757,95
2024-09-19 14:17:10.770000,418.1301464755512,10
2024-09-19 14:17:10.831000,418.1348383200541,999
2024-09-19 14:17:10.881000,418.1293016297656,12
2024-09-19 14:17:10.908000,418.11364109060986,8
2024-09-19 14:17:11.037000,418.13718731114847,15
2024-09-19 14:17:11.196000,418.1445325110512,8
2024-09-19 14:17:11.233000,418.1434489274853,1001
2024-09-19 14:17:11.285000,418.1563597068015,102
2024-09-19 14:17:11.488000,418.1466561722615,999
2024-09-19 14:17:12.035000,418.1486396889579,95
2024-09-19 14:17:12.040000,418.0758210183512,103
2024-09-19 14:17:12.129000,418.0806500526404,12
2024-09-19 14:17:12.268000,418.0751477030953,999
2024-09-19 14:17:12.343000,418.1130829134586,1004
2024-09-19 14:17:12.388000,418.0950413077577,99
2024-09-19 14:17:12.394000,418.1336504289403,102
2024-09-19 14:17:12.466000,418.1098216653572,100
2024-09-19 14:17:12.493000,418.0848308471138,103
2024-09-19 14:17:12.621000,418.16563434015,12
2024-09-19 14:17:12.639000,418.1534845911392,1002
2024-09-19 14:17:12.653000,418.108529399086,15
2024-09-19 14:17:12.699000,418.0878543042683,1003
2024-09-19 14:17:12.721000,418.067547502747,1001
2024-09-19 14:17:12.733000,418.0719857087768,101
2024-09-19 14:17:12.757000,418.0910020688954,6
2024-09-19 14:17:12.819000,418.16641286596143,1002
2024-09-19 14:17:13.072000,418.1800778563714,13
2024-09-19 14:17:13.126000,418.1920420366605,101
2024-09-19 14:17:13.146000,418.171465297669,998
2024-09-19 14:17:13.238000,418.1050963515528,100
2024-09-19 14:17:13.472000,418.17447760056285,101
2024-09-19 14:17:13.506000,418.1672148205944,999
2024-09-19 14:17:13.510000,418.1086315905705,1003
2024-09-19 14:17:13.521000,418.1656990771757,1000
2024-09-19 14:17:13.526000,418.1825658357448,96
2024-09-19 14:17:13.550000,418.16764859607696,12
2024-09-19 14:17:13.585000,418.169672165753,101
2024-09-19 14:17:13.592000,418.1442173458898,1003
2024-09-19 14:17:13.650000,418.1746203302466,105
2024-09-19 14:17:13.699000,418.1760908076049,1002
2024-09-19 14:17:13.788000,418.11685374770855,1004
2024-09-19 14:17:13.789000,418.1674391675563,1003
2024-09-19 14:17:13.812000,418.174542916167,1002
2024-09-19 14:17:13.838000,418.1560844252675,1000
2024-09-19 14:17:13.869000,418.12654163034,104
2024-09-19 14:17:13.941000,418.1495174141074,98
2024-09-19 14:17:13.944000,418.1460017173236,996
2024-09-19 14:17:13.990000,418.1380838760616,99
2024-09-19 14:17:14.023000,418.21387240030674,97
2024-09-19 14:17:14.073000,418.17434572831297,98
2024-09-19 14:17:14.141000,418.1856111471309,13
2024-09-19 14:17:14.152000,418.17084390659113,7
2024-09-19 14:17:14.200000,418.1645316587842,105
2024-09-19 14:17:14.401000,418.18497823826266,1005
2024-09-19 14:17:14.458000,418.2300859815828,10
2024-09-19 14:17:14.483000,418.1894674668856,6
2024-09-19 14:17:14.508000,418.1771196098798,1003
2024-09-19 14:17:14.827000,418.1896971564414,999
2024-09-19 14:17:14.840000,418.1888278770651,9
2024-09-19 14:17:14.930000,418.17665847305256,995
2024-09-19 14:17:15.007000,418.2392382624555,6
2024-09-19 14:17:15.010000,418.2426930980854,13
2024-09-19 14:17:15.011000,418.2638147506237,1003
2024-09-19 14:17:15.022000,418.2565089183479,1004
2024-09-19 14:17:15.185000,418.2170887204267,14
2024-09-19 14:17:15.196000,418.25073053560703,105
2024-09-19 14:17:15.318000,418.2062473685826,101
2024-09-19 14:17:15.330000,418.23079707854106,102
2024-09-19 14:17:15.334000,418.2373234306718,1000
2024-09-19 14:17:15.335000,418.2432502156684,7
2024-09-19 14:17:15.348000,418.2557568927952,95
2024-09-19 14:17:15.501000,418.2041092801204,97
2024-09-19 14:17:15.520000,418.2044952544804,11
2024-09-19 14:17:15.599000,418.2244648042061,5
2024-09-19 14:17:15.638000,418.2359233675476,7
2024-09-19 14:17:15.657000,418.2450448239837,102
2024-09-19 14:17:15.659000,418.2515575340041,1002
2024-09-19 14:17:15.673000,418.2285350767488,15
2024-09-19 14:17:15.736000,418.2456281888165,14
2024-09-19 14:17:15.746000,418.240112841313,96
2024-09-19 14:17:15.779000,418.2565759180521,98
2024-09-19 14:17:15.779000,418.2275759912222,98
2024-09-19 14:17:15.794000,418.24015838040833,100
2024-09-19 14:17:15.931000,418.2003886339141,12
2024-09-19 14:17:15.935000,418.2182499021292,1004
2024-09-19 14:17:15.977000,418.2344765522346,996
2024-09-19 14:17:17.134000,418.2612547840698,998
2024-09-19 14:17:17.162000,418.1859002995831,96
2024-09-19 14:17:17.214000,418.2549945116333,7
2024-09-19 14:17:17.261000,418.2045964937965,100
2024-09-19 14:17:17.317000,418.2183354389828,1000
2024-09-19 14:17:17.323000,418.2222387670069,95
2024-09-19 14:17:17.325000,418.2548971686814,998
2024-09-19 14:17:17.425000,418.2479197791066,1005
2024-09-19 14:17:17.532000,418.23246052612194,97
2024-09-19 14:17:17.579000,418.21541141989815,14
2024-09-19 14:17:17.581000,418.2305446097309,96
2024-09-19 14:17:17.679000,418.1995515373193,97
2024-09-19 14:17:17.738000,418.2113997009466,96
2024-09-19 14:17:17.754000,418.2405965362596,99
2024-09-19 14:17:17.768000,418.2313984804116,5
2024-09-19 14:17:17.799000,418.2104654095484,102
2024-09-19 14:17:17.870000,418.2351065521706,95
2024-09-19 14:17:17.880000,418.1902485510304,10
2024-09-19 14:17:18.038000,418.2415311689748,96
2024-09-19 14:17:18.053000,418.2347233013423,13
2024-09-19 14:17:18.089000,418.2330359819277,97
2024-09-19 14:17:18.095000,418.2539592411832,996
2024-09-19 14:17:18.240000,418.2414945938547,1000
2024-09-19 14:17:18.303000,418.2250086884673,98
2024-09-19 14:17:18.304000,418.24005478836506,12
2024-09-19 14:17:18.309000,418.2263901357928,102
2024-09-19 14:17:18.332000,418.2026284278872,7
2024-09-19 14:17:18.416000,418.21990404916977,7
2024-09-19 14:17:18.436000,418.254328037702,5
2024-09-19 14:17:18.439000,418.2200843275087,104
2024-09-19 14:17:18.442000,418.2653532235313,101
2024-09-19 14:17:18.479000,418.2409188807649,8
2024-09-19 14:17:18.529000,418.2525178259264,98
2024-09-19 14:17:18.620000,418.2116735767927,97
2024-09-19 14:17:18.639000,418.2484022374781,998
2024-09-19 14:17:18.655000,418.2568846991984,10
2024-09-19 14:17:18.670000,418.2469989345699,6
2024-09-19 14:17:18.712000,418.2608033314549,995
2024-09-19 14:17:18.767000,418.24059060041895,997
2024-09-19 14:17:18.852000,418.2073584937052,1000
2024-09-19 14:17:18.891000,418.21631743350486,101
2024-09-19 14:17:18.924000,418.2275102605937,13
2024-09-19 14:17:19.168000,418.2242717986712,997
2024-09-19 14:17:19.272000,418.2107176803115,98
2024-09-19 14:17:19.316000,418.22071135040005,14
2024-09-19 14:17:19.349000,418.2179865835356,10
2024-09-19 14:17:19.827000,418.2227749012661,998
2024-09-19 14:17:21.002000,418.200571957836,1004
2024-09-19 14:17:21.065000,418.2209248604112,100
2024-09-19 14:17:21.067000,418.2019745996082,9
2024-09-19 14:17:21.181000,418.1744154564414,15
2024-09-19 14:17:21.210000,418.193960676448,997
2024-09-19 14:17:21.233000,418.19000703824094,98
2024-09-19 14:17:21.234000,418.1816658436224,6
2024-09-19 14:17:21.237000,418.1803057686846,9
2024-09-19 14:17:21.243000,418.1992800782523,5
2024-09-19 14:17:21.248000,418.22136129824776,1001
2024-09-19 14:17:21.249000,418.1803611931626,12
2024-09-19 14:17:21.287000,418.19080857322905,98
2024-09-19 14:17:21.319000,418.215143738338,102
2024-09-19 14:17:21.512000,418.2217127780587,9
2024-09-19 14:17:21.517000,418.2300306971184,10
2024-09-19 14:17:21.682000,418.18437906879336,96
2024-09-19 14:17:21.683000,418.1931039568393,12
2024-09-19 14:17:21.714000,418.19288595745775,1004
2024-09-19 14:17:21.796000,418.2106942256402,996
2024-09-19 14:17:21.852000,418.2012438671997,12
2024-09-19 14:17:21.870000,418.1722778461564,1005
2024-09-19 14:17:21.882000,418.2133708235079,101
2024-09-19 14:17:21.928000,418.2289358186008,97
2024-09-19 14:17:21.982000,418.2010307005648,11
2024-09-19 14:17:22.020000,418.1941409816043,997
2024-09-19 14:17:22.026000,418.2182404907715,101
2024-09-19 14:17:22.152000,418.1813457684717,98
2024-09-19 14:17:22.202000,418.1854920701376,1001
2024-09-19 14:17:22.230000,418.2239000098506,1002
2024-09-19 14:17:22.306000,418.2092228734485,6
2024-09-19 14:17:22.311000,418.2440892947108,1004
2024-09-19 14:17:22.317000,418.1873299563041,5
2024-09-19 14:17:22.382000,418.1588857322125,1002
2024-09-19 14:17:22.385000,418.1724133263441,99
2024-09-19 14:17:22.393000,418.2208771128921,100
2024-09-19 14:17:22.548000,418.198249762246,10
2024-09-19 14:17:22.569000,418.1622191937292,14
2024-09-19 14:17:22.609000,418.225054915462,1004
2024-09-19 14:17:22.618000,418.16639881939193,103
2024-09-19 14:17:22.662000,418.1578132476748,100
2024-09-19 14:17:22.693000,418.181579848187,98
2024-09-19 14:17:22.712000,418.19903741453936,1000
2024-09-19 14:17:22.849000,418.2289346282397,97
2024-09-19 14:17:22.888000,418.2029031128836,9
2024-09-19 14:17:22.992000,418.239969114096,99
2024-09-19 14:17:23.012000,418.2319023084547,14
2024-09-19 14:17:23.053000,418.2348649765609,95
2024-09-19 14:17:23.234000,418.24264246820496,104
2024-09-19 14:17:23.238000,418.2074527708402,98
2024-09-19 14:17:23.294000,418.2175277359099,96
2024-09-19 14:17:23.364000,418.2065292799655,8
2024-09-19 14:17:23.369000,418.1825346163731,103
2024-09-19 14:17:23.439000,418.2250761113506,10
2024-09-19 14:17:23.448000,418.2306329763696,9
2024-09-19 14:17:23.531000,418.1975203080445,995
2024-09-19 14:17:23.558000,418.176377359819,13
2024-09-19 14:17:23.807000,418.2302864129514,7
2024-09-19 14:17:23.831000,418.21220746308734,6
2024-09-19 14:17:23.995000,418.2309597485149,1000
2024-09-19 14:17:24.049000,418.2456869662429,11
2024-09-19 14:17:24.098000,418.2569103279596,95
2024-09-19 14:17:24.281000,418.247886328723,99
2024-09-19 14:17:24.285000,418.2280859549485,8
2024-09-19 14:17:24.299000,418.2111103503371,13
2024-09-19 14:17:24.333000,418.22925431224695,7
2024-09-19 14:17:24.359000,418.2500064526855,12
2024-09-19 14:17:24.407000,418.2593051976143,1005
2024-09-19 14:17:24.427000,418.232242903821,100
2024-09-19 14:17:24.427000,418.243384953444,6
2024-09-19 14:17:24.498000,418.245536192884,97
2024-09-19 14:17:24.503000,418.2570619047319,996
2024-09-19 14:17:24.729000,418.2102820097747,8
2024-09-19 14:17:24.731000,418.267563948648,102
2024-09-19 14:17:24.831000,418.2313543709771,104
2024-09-19 14:17:24.932000,418.2454318863569,98
2024-09-19 14:17:25.121000,418.20143840366586,15
2024-09-19 14:17:25.164000,418.1982465215763,96
2024-09-19 14:17:25.233000,418.2062273187302,997
2024-09-19 14:17:25.258000,418.2058690265321,6
2024-09-19 14:17:25.353000,418.2042689521496,95
2024-09-19 14:17:25.463000,418.2017883864043,14
2024-09-19 14:17:25.486000,418.20441517907335,98
2024-09-19 14:17:25.490000,418.19823037232027,1002
2024-09-19 14:17:25.657000,418.18720743653415,10
2024-09-19 14:17:25.691000,418.2039995645557,95
2024-09-19 14:17:25.696000,418.1890714350969,997
2024-09-19 14:17:25.704000,418.1889445192712,15
2024-09-19 14:17:25.756000,418.1950734393824,14
2024-09-19 14:17:25.770000,418.1738248257051,7
2024-09-19 14:17:25.791000,418.19743295960166,5
2024-09-19 14:17:25.802000,418.1857162915642,999
2024-09-19 14:17:25.824000,418.1911043339628,9
2024-09-19 14:17:25.845000,418.1792326512925,5
2024-09-19 14:17:25.986000,418.1868329326917,105
2024-09-19 14:17:26.083000,418.2332518515879,97
2024-09-19 14:17:26.259000,418.22485450334375,8
2024-09-19 14:17:26.284000,418.22477515011656,1002
2024-09-19 14:17:26.721000,418.2163760135893,105
2024-09-19 14:17:26.754000,418.2260378651431,99
2024-09-19 14:17:26.759000,418.20847855735866,13
2024-09-19 14:17:26.804000,418.217507103787,95
2024-09-19 14:17:26.820000,418.22526802674656,996
2024-09-19 14:17:26.970000,418.2147696002657,12
2024-09-19 14:17:27.104000,418.1648044191317,14
2024-09-19 14:17:27.196000,418.2123486884517,997
2024-09-19 14:17:27.221000,418.15907155063815,1000
2024-09-19 14:17:27.272000,418.1697756436593,10
2024-09-19 14:17:27.277000,418.1723018528892,999
2024-09-19 14:17:27.348000,418.15533650650303,6
2024-09-19 14:17:27.358000,418.14849533683656,1000
2024-09-19 14:17:27.414000,418.16032168477153,101
2024-09-19 14:17:27.433000,418.21265397192025,8
2024-09-19 14:17:27.493000,418.2135147365676,997
2024-09-19 14:17:27.536000,418.1632677644917,8
2024-09-19 14:17:27.592000,418.1684024071566,99
2024-09-19 14:17:27.669000,418.1767840216641,996
2024-09-19 14:17:27.771000,418.1565283840711,996
2024-09-19 14:17:27.800000,418.1737293932663,1002
2024-09-19 14:17:27.811000,418.20791118760326,9
2024-09-19 14:17:27.896000,418.2154182561116,998
2024-09-19 14:17:27.912000,418.2240571455547,999
2024-09-19 14:17:28.067000,418.14820809525503,1003
2024-09-19 14:17:28.152000,418.1313947316132,15
2024-09-19 14:17:28.173000,418.1560820881057,995
2024-09-19 14:17:28.252000,418.176263183614,6
2024-09-19 14:17:28.319000,418.1195882716078,999
2024-09-19 14:17:28.486000,418.1240579261634,11
2024-09-19 14:17:28.491000,418.1673178645992,10
2024-09-19 14:17:28.516000,418.1265218636209,98
2024-09-19 14:17:28.553000,418.138666864606,96
2024-09-19 14:17:28.717000,418.1262823803075,995
2024-09-19 14:17:28.981000,418.1175506900307,1002
2024-09-19 14:17:29.035000,418.1410013491117,102
2024-09-19 14:17:29.094000,418.1459448562052,99
2024-09-19 14:17:29.106000,418.1241940268903,996
2024-09-19 14:17:29.152000,418.1359652709676,1004
2024-09-19 14:17:29.396000,418.1475347757025,995
2024-09-19 14:17:29.405000,418.13161905775854,97
2024-09-19 14:17:29.415000,418.1149028801095,1005
2024-09-19 14:17:29.441000,418.1212804434229,98
2024-09-19 14:17:29.442000,418.1172048038635,96
2024-09-19 14:17:29.448000,418.100433528509,998
2024-09-19 14:17:29.539000,418.1403689968188,99
2024-09-19 14:17:29.638000,418.1162920837425,5
2024-09-19 14:17:29.735000,418.1363090146791,98
2024-09-19 14:17:29.755000,418.1142317999201,97
2024-09-19 14:17:29.781000,418.127938668567,1005
2024-09-19 14:17:29.797000,418.1253731295385,95
2024-09-19 14:17:29.839000,418.1475634145384,96
2024-09-19 14:17:29.842000,418.13539271128514,14
2024-09-19 14:17:29.845000,418.1389182170483,9
2024-09-19 14:17:29.847000,418.16150495818897,14
2024-09-19 14:17:29.856000,418.1496959137066,1002
2024-09-19 14:17:29.860000,418.1093384400602,99
2024-09-19 14:17:29.907000,418.17726934177017,11
2024-09-19 14:17:30.130000,418.1554651259829,999
2024-09-19 14:17:30.216000,418.1576294492169,97
2024-09-19 14:17:30.221000,418.1859464069592,100
2024-09-19 14:17:30.231000,418.1566588131404,14
2024-09-19 14:17:30.412000,418.1503407373611,105
2024-09-19 14:17:30.460000,418.1849267165776,1001
2024-09-19 14:17:30.587000,418.1633392129004,5
2024-09-19 14:17:30.592000,418.1841067369838,100
2024-09-19 14:17:30.642000,418.1511286328733,104
2024-09-19 14:17:30.658000,418.1766109303866,996
2024-09-19 14:17:30.698000,418.1510490043738,14
2024-09-19 14:17:30.748000,418.1379785377042,1001
2024-09-19 14:17:31.082000,418.1526050227071,7
2024-09-19 14:17:31.113000,418.1771267050914,5
2024-09-19 14:17:31.167000,418.1422909243069,995
2024-09-19 14:17:31.283000,418.1231370022194,104
2024-09-19 14:17:31.370000,418.1229876298744,6
2024-09-19 14:17:31.411000,418.1316235603909,96
2024-09-19 14:17:31.540000,418.1440463656659,103
2024-09-19 14:17:31.712000,418.1888911613712,11
2024-09-19 14:17:31.785000,418.1463322484614,95
2024-09-19 14:17:31.796000,418.1450338029381,99
2024-09-19 14:17:31.800000,418.1816036999482,102
2024-09-19 14:17:31.861000,418.15713387674793,95
2024-09-19 14:17:31.861000,418.1368686529722,15
2024-09-19 14:17:31.875000,418.1005098160408,6
2024-09-19 14:17:31.880000,418.135923747024,5
2024-09-19 14:17:31.967000,418.1613839486091,97
2024-09-19 14:17:32.126000,418.092035053849,15
2024-09-19 14:17:32.134000,418.1069657645976,97
2024-09-19 14:17:32.185000,418.1129700099983,1000
2024-09-19 14:17:32.201000,418.1198195375323,100
2024-09-19 14:17:32.259000,418.1083377036295,99
2024-09-19 14:17:32.264000,418.10916351228906,14
2024-09-19 14:17:32.272000,418.0607949937237,102
2024-09-19 14:17:32.371000,418.058589512566,101
2024-09-19 14:17:32.465000,418.0825135731951,14
2024-09-19 14:17:32.512000,418.0844637014642,101
2024-09-19 14:17:32.529000,418.1379087551226,104
2024-09-19 14:17:32.615000,418.10299402376575,7
2024-09-19 14:17:32.622000,418.0969551820789,102
2024-09-19 14:17:32.713000,418.0972027706193,1004
2024-09-19 14:17:32.719000,418.07772708975455,8
2024-09-19 14:17:32.770000,418.0663043696157,104
2024-09-19 14:17:32.801000,418.0966739248073,1003
2024-09-19 14:17:32.804000,418.112828523814,10
2024-09-19 14:17:32.920000,418.0918631737296,1003
2024-09-19 14:17:32.989000,418.1044749382654,998
2024-09-19 14:17:33.023000,418.20019203984407,997
2024-09-19 14:17:33.091000,418.17477675909015,96
2024-09-19 14:17:33.091000,418.15747846980986,95
2024-09-19 14:17:33.142000,418.1656124079496,996
2024-09-19 14:17:33.167000,418.2167790863604,14
2024-09-19 14:17:33.183000,418.1695323668085,105
2024-09-19 14:17:33.192000,418.1698632444971,1004
2024-09-19 14:17:33.192000,418.17769270855473,97
2024-09-19 14:17:33.307000,418.1529228931092,102
2024-09-19 14:17:33.307000,418.16731166750304,96
2024-09-19 14:17:33.322000,418.1997608981632,100
2024-09-19 14:17:33.371000,418.1810482374421,998
2024-09-19 14:17:33.427000,418.1778023574878,6
2024-09-19 14:17:33.507000,418.1521670037021,97
2024-09-19 14:17:33.601000,418.1683841687101,6
2024-09-19 14:17:33.603000,418.1749045716153,99
2024-09-19 14:17:33.620000,418.1786626747172,8
2024-09-19 14:17:33.670000,418.1588210948997,7
2024-09-19 14:17:33.674000,418.1639526992036,11
2024-09-19 14:17:33.677000,418.1627698095411,100
2024-09-19 14:17:33.725000,418.1762871588363,101
2024-09-19 14:17:33.725000,418.1704139350345,95
2024-09-19 14:17:33.780000,418.2186375180387,12
2024-09-19 14:17:33.783000,418.2084880778337,100
2024-09-19 14:17:33.813000,418.1777704915965,105
2024-09-19 14:17:33.844000,418.19588120820384,14
2024-09-19 14:17:33.863000,418.14348824221145,997
2024-09-19 14:17:33.901000,418.1522230251245,13
2024-09-19 14:17:33.935000,418.17697090248566,10
2024-09-19 14:17:34.004000,418.1819506865174,13
2024-09-19 14:17:34.042000,418.1836072800055,95
2024-09-19 14:17:34.062000,418.1652701007719,9
2024-09-19 14:17:34.069000,418.1706958357218,102
2024-09-19 14:17:34.096000,418.1611172510885,997
2024-09-19 14:17:34.145000,418.1458429477668,95
2024-09-19 14:17:34.165000,418.1648372967073,6
2024-09-19 14:17:34.193000,418.1775878144667,104
2024-09-19 14:17:34.241000,418.1719207296843,99
2024-09-19 14:17:34.421000,418.155098379682,97
2024-09-19 14:17:34.476000,418.1793218061512,105
2024-09-19 14:17:34.506000,418.14936055057296,1004
2024-09-19 14:17:34.553000,418.1503331901293,96
2024-09-19 14:17:34.613000,418.1800503242357,100
2024-09-19 14:17:34.673000,418.15187709235664,13
2024-09-19 14:17:34.753000,418.1868746426178,1001
2024-09-19 14:17:34.788000,418.16958769819246,102
2024-09-19 14:17:34.792000,418.1837614606294,1003
2024-09-19 14:17:34.809000,418.1835488759425,1002
2024-09-19 14:17:34.862000,418.15970996416223,1000
2024-09-19 14:17:34.910000,418.18414825360594,104
2024-09-19 14:17:34.980000,418.186045660869,6
2024-09-19 14:17:36.102000,418.14972536876985,13
2024-09-19 14:17:36.174000,418.14456089827104,96
2024-09-19 14:17:37.219000,418.2052768692113,996
2024-09-19 14:17:37.220000,418.14593096829486,14
2024-09-19 14:17:37.277000,418.18572504938425,8
2024-09-19 14:17:37.282000,418.1477461338511,5
2024-09-19 14:17:37.292000,418.166356419352,1004
2024-09-19 14:17:37.338000,418.1639164000377,998
2024-09-19 14:17:37.460000,418.2034789125788,1002
2024-09-19 14:17:37.633000,418.2131633416606,1004
2024-09-19 14:17:37.671000,418.224554879396,1004
2024-09-19 14:17:37.673000,418.14031979365205,7
2024-09-19 14:17:37.761000,418.2144170813186,996
2024-09-19 14:17:37.777000,418.16167094173926,1003
2024-09-19 14:17:37.777000,418.1807016809318,13
2024-09-19 14:17:37.909000,418.1749634329502,95
2024-09-19 14:17:37.920000,418.1549232246028,999
2024-09-19 14:17:37.951000,418.2133160351587,14
2024-09-19 14:17:38.046000,418.22651619748655,8
2024-09-19 14:17:38.127000,418.2549355031518,5
2024-09-19 14:17:38.274000,418.2805101330438,105
2024-09-19 14:17:38.431000,418.2664429526395,14
2024-09-19 14:17:38.602000,418.2242249241111,1005
2024-09-19 14:17:38.956000,418.265534021121,99
2024-09-19 14:17:39.116000,418.2963641711201,97
2024-09-19 14:17:39.145000,418.26828881520606,97
2024-09-19 14:17:39.165000,418.3038167109947,1005
2024-09-19 14:17:39.321000,418.29510909433617,1000
2024-09-19 14:17:39.354000,418.31712994617766,5
2024-09-19 14:17:39.396000,418.2974123457322,8
2024-09-19 14:17:39.440000,418.2975492769999,1000
2024-09-19 14:17:39.504000,418.25806078810825,999
2024-09-19 14:17:39.516000,418.25685094470833,99
2024-09-19 14:17:39.711000,418.3202671856968,14
2024-09-19 14:17:39.726000,418.3001650557141,7
2024-09-19 14:17:39.783000,418.3049978972982,996
2024-09-19 14:17:39.931000,418.3012466523488,14
2024-09-19 14:17:39.936000,418.3431078755047,1002
2024-09-19 14:17:39.974000,418.2372621530113,1000
2024-09-19 14:17:40.080000,418.28937791967087,1001
2024-09-19 14:17:40.093000,418.30526351766986,1001
2024-09-19 14:17:40.128000,418.3292061955375,10
2024-09-19 14:17:40.160000,418.301770012657,998
2024-09-19 14:17:40.183000,418.26417837348527,1002
2024-09-19 14:17:40.184000,418.3065992242801,1001
2024-09-19 14:17:40.270000,418.29195899336986,997
2024-09-19 14:17:40.440000,418.2692487378971,995
2024-09-19 14:17:40.489000,418.3020622484799,105
2024-09-19 14:17:40.526000,418.3005853952645,11
2024-09-19 14:17:40.796000,418.2979051568722,104
2024-09-19 14:17:40.826000,418.3100750788581,998
2024-09-19 14:17:40.893000,418.2960855975294,998
2024-09-19 14:17:40.960000,418.3086232575567,100
2024-09-19 14:17:40.966000,418.2999706039988,102
2024-09-19 14:17:41.042000,418.3485396780425,105
2024-09-19 14:17:41.098000,418.3106286272044,998
2024-09-19 14:17:41.381000,418.3330571850486,7
2024-09-19 14:17:41.440000,418.26041287204754,15
2024-09-19 14:17:41.538000,418.2650892839539,105
2024-09-19 14:17:41.675000,418.3332386774834,999
2024-09-19 14:17:41.701000,418.3323874744128,11
2024-09-19 14:17:41.877000,418.3367144922832,1003
2024-09-19 14:17:41.913000,418.251774972515,96
2024-09-19 14:17:41.996000,418.2788104201479,15
2024-09-19 14:17:42.029000,418.3870037951577,1001
2024-09-19 14:17:42.047000,418.41748011854247,1001
2024-09-19 14:17:42.170000,418.3034625365577,105
2024-09-19 14:17:42.226000,418.351440010598,97
2024-09-19 14:17:42.230000,418.327653138576,13
2024-09-19 14:17:42.239000,418.3047011642119,103
2024-09-19 14:17:42.305000,418.3407441013522,103
2024-09-19 14:17:42.446000,418.3656761623395,996
2024-09-19 14:17:42.518000,418.3230313043292,101
2024-09-19 14:17:42.595000,418.3561543780903,8
2024-09-19 14:17:42.649000,418.3157500962026,999
2024-09-19 14:17:42.682000,418.3606018496344,6
2024-09-19 14:17:42.684000,418.3534767928528,1002
2024-09-19 14:17:42.685000,418.363319506316,15
2024-09-19 14:17:42.800000,418.3521295932365,11
2024-09-19 14:17:42.815000,418.3960638511791,1003
2024-09-19 14:17:42.820000,418.3528095353166,997
2024-09-19 14:17:42.825000,418.36463751597495,1002
2024-09-19 14:17:42.843000,418.38563627317774,1003
2024-09-19 14:17:42.874000,418.3538717557128,8
2024-09-19 14:17:42.886000,418.3498140302023,105
2024-09-19 14:17:42.983000,418.3563415562969,96
2024-09-19 14:17:42.998000,418.34757577629694,14
2024-09-19 14:17:43.062000,418.3147712944213,995
2024-09-19 14:17:43.062000,418.3478375048818,96
2024-09-19 14:17:43.201000,418.3317574202746,7
2024-09-19 14:17:43.375000,418.3611156056224,6
2024-09-19 14:17:43.648000,418.334499244621,1002
2024-09-19 14:17:43.798000,418.3355403333328,7
2024-09-19 14:17:43.943000,418.3336771797917,1003
2024-09-19 14:17:44.092000,418.2880184065883,103
2024-09-19 14:17:44.104000,418.3046377482069,11
2024-09-19 14:17:44.134000,418.38942755069326,6
2024-09-19 14:17:44.161000,418.3125786986541,1001
2024-09-19 14:17:44.169000,418.2951875291651,6
2024-09-19 14:17:44.194000,418.2936727835896,104
2024-09-19 14:17:44.213000,418.3892275880653,997
2024-09-19 14:17:44.246000,418.3749184432655,1000
2024-09-19 14:17:44.255000,418.2862094513951,7
2024-09-19 14:17:44.269000,418.3796627754033,1000
2024-09-19 14:17:44.386000,418.3343742910381,98
2024-09-19 14:17:44.431000,418.3847337761092,995
2024-09-19 14:17:44.452000,418.3902566222524,104
2024-09-19 14:17:44.457000,418.36171742462267,97
2024-09-19 14:17:44.495000,418.3775342510731,101
2024-09-19 14:17:44.525000,418.37832318641085,105
2024-09-19 14:17:44.572000,418.3260255524152,1000
2024-09-19 14:17:44.581000,418.3853815899733,998
2024-09-19 14:17:44.583000,418.2904785135264,7
2024-09-19 14:17:44.617000,418.3644037621228,103
2024-09-19 14:17:44.618000,418.3574342235182,6
2024-09-19 14:17:44.625000,418.3873751222801,6
2024-09-19 14:17:44.706000,418.3160345156337,105
2024-09-19 14:17:44.746000,418.3744735761172,10
2024-09-19 14:17:44.748000,418.302531546445,1005
2024-09-19 14:17:44.828000,418.3134267609305,96
2024-09-19 14:17:44.889000,418.31360735562026,1004
2024-09-19 14:17:44.927000,418.3460661375658,14
2024-09-19 14:17:44.949000,418.3005278135183,998
2024-09-19 14:17:44.983000,418.349414651926,6
2024-09-19 14:17:45.026000,418.3869212952913,101
2024-09-19 14:17:45.184000,418.4046272948219,5
2024-09-19 14:17:45.284000,418.3861563624049,98
2024-09-19 14:17:45.316000,418.3974245591347,998
2024-09-19 14:17:45.338000,418.4022471237728,1000
2024-09-19 14:17:45.431000,418.3654926664963,1004
2024-09-19 14:17:45.491000,418.3843059893412,104
2024-09-19 14:17:45.754000,418.3998312029906,5
2024-09-19 14:17:45.768000,418.387521257573,10
2024-09-19 14:17:45.953000,418.39246639305446,996
2024-09-19 14:17:46.209000,418.4334647151087,8
2024-09-19 14:17:46.818000,418.4045786054198,103
2024-09-19 14:17:47.088000,418.4776803883999,5
2024-09-19 14:17:47.108000,418.4471669963277,12
2024-09-19 14:17:47.128000,418.4773663942832,8
2024-09-19 14:17:47.184000,418.45525929413753,999
2024-09-19 14:17:47.229000,418.4707655728683,15
2024-09-19 14:17:47.282000,418.4506092268609,997
2024-09-19 14:17:47.309000,418.5207223930763,99
2024-09-19 14:17:47.321000,418.4981629560803,10
2024-09-19 14:17:47.349000,418.4755051427551,14
2024-09-19 14:17:47.349000,418.4478518183343,6
2024-09-19 14:17:47.374000,418.4505857020781,100
2024-09-19 14:17:47.450000,418.45714654412274,996
2024-09-19 14:17:47.497000,418.4715037378044,103
2024-09-19 14:17:47.497000,418.4546731037735,6
2024-09-19 14:17:47.500000,418.4513024686843,997
2024-09-19 14:17:47.562000,418.45843671300577,1001
2024-09-19 14:17:47.578000,418.4419702078785,7
2024-09-19 14:17:47.609000,418.4671119873856,1002
2024-09-19 14:17:47.639000,418.4586686240728,12
2024-09-19 14:17:47.693000,418.4398631829804,104
2024-09-19 14:17:47.715000,418.4570108294912,1005
2024-09-19 14:17:47.724000,418.4559770781145,101
2024-09-19 14:17:47.733000,418.4829616581184,101
2024-09-19 14:17:47.782000,418.4669720390133,12
2024-09-19 14:17:47.912000,418.4674042883036,1005
2024-09-19 14:17:48.016000,418.5527006335914,11
2024-09-19 14:17:48.063000,418.5711156797556,999
2024-09-19 14:17:48.119000,418.5825209926343,999
2024-09-19 14:17:48.177000,418.5566602985221,1000
2024-09-19 14:17:48.195000,418.5563186276764,13
2024-09-19 14:17:48.305000,418.5681822251279,996
2024-09-19 14:17:48.358000,418.5720633900583,100
2024-09-19 14:17:48.395000,418.5640697261045,9
2024-09-19 14:17:48.477000,418.5584546088167,15
2024-09-19 14:17:48.499000,418.5347042801274,105
2024-09-19 14:17:48.502000,418.5617696022848,1001
2024-09-19 14:17:48.511000,418.5583114220734,11
2024-09-19 14:17:48.520000,418.58530135060886,997
2024-09-19 14:17:48.526000,418.5738315779173,1003
2024-09-19 14:17:48.547000,418.56798943035335,96
2024-09-19 14:17:48.553000,418.5672529674768,5
2024-09-19 14:17:48.560000,418.5561384745233,8
2024-09-19 14:17:48.667000,418.5497869711207,101
2024-09-19 14:17:48.706000,418.561148480256,102
2024-09-19 14:17:48.775000,418.5625294696897,6
2024-09-19 14:17:48.794000,418.5644385314365,101
2024-09-19 14:17:48.854000,418.5941080811469,11
2024-09-19 14:17:48.869000,418.5640900894704,14
2024-09-19 14:17:48.876000,418.55301884094,98
2024-09-19 14:17:48.877000,418.5825805332196,96
2024-09-19 14:17:48.994000,418.5574665222339,7
2024-09-19 14:17:49.031000,418.5292884700468,998
2024-09-19 14:17:49.153000,418.540143237304,995
2024-09-19 14:17:49.305000,418.59189380882566,1005
2024-09-19 14:17:49.369000,418.5464534886482,6
2024-09-19 14:17:49.398000,418.540711614076,5
2024-09-19 14:17:49.400000,418.5596346469196,9
2024-09-19 14:17:49.519000,418.5753165538041,98
2024-09-19 14:17:49.589000,418.5361534400572,98
2024-09-19 14:17:49.737000,418.5742812431792,95
2024-09-19 14:17:49.742000,418.55324457359205,1000
2024-09-19 14:17:49.837000,418.55383838743705,97
2024-09-19 14:17:50.640000,418.5468272191548,98
2024-09-19 14:17:50.772000,418.58665699808495,100
2024-09-19 14:17:51.056000,418.54984387936247,1000
2024-09-19 14:17:51.137000,418.5546922933594,1000
2024-09-19 14:17:51.139000,418.5050779304721,1000
2024-09-19 14:17:51.149000,418.5510082329898,1005
2024-09-19 14:17:51.155000,418.5545164656943,102
2024-09-19 14:17:51.171000,418.5394952664169,98
2024-09-19 14:17:51.190000,418.52347730070926,1005
2024-09-19 14:17:51.208000,418.5422451644913,100
2024-09-19 14:17:51.224000,418.54099714681126,103
2024-09-19 14:17:51.235000,418.53483156103806,1005
2024-09-19 14:17:51.369000,418.48472044008537,13
2024-09-19 14:17:51.381000,418.5398387520632,997
2024-09-19 14:17:51.395000,418.5529842889493,1004
2024-09-19 14:17:51.404000,418.5223570321455,101
2024-09-19 14:17:51.436000,418.5321558383975,10
2024-09-19 14:17:51.445000,418.53667083123406,1002
2024-09-19 14:17:51.480000,418.5317829292477,1002
2024-09-19 14:17:51.597000,418.5392086282232,98
2024-09-19 14:17:51.712000,418.5391855875215,104
2024-09-19 14:17:51.748000,418.560553328376,98
2024-09-19 14:17:51.816000,418.5052944914182,12
2024-09-19 14:17:51.824000,418.5083120969316,104
2024-09-19 14:17:51.828000,418.52022232648375,996
2024-09-19 14:17:51.830000,418.55984635503074,1004
2024-09-19 14:17:51.860000,418.5470123951888,7
2024-09-19 14:17:51.885000,418.5152277260106,1003
2024-09-19 14:17:51.901000,418.5357834131944,1005
2024-09-19 14:17:51.915000,418.5230885863144,103
2024-09-19 14:17:51.962000,418.55358413163134,15
2024-09-19 14:17:52.098000,418.4982470174578,10
2024-09-19 14:17:52.127000,418.4892297789575,6
2024-09-19 14:17:52.184000,418.4869756937756,996
2024-09-19 14:17:52.288000,418.4765968884034,99
2024-09-19 14:17:52.442000,418.4848643482325,1004
2024-09-19 14:17:52.457000,418.47796455309145,1001
2024-09-19 14:17:52.466000,418.4948764078627,100
2024-09-19 14:17:52.832000,418.4784340218371,9
2024-09-19 14:17:53.059000,418.4754239845535,999
2024-09-19 14:17:53.068000,418.4609193393181,999
2024-09-19 14:17:53.138000,418.4197860507698,15
2024-09-19 14:17:53.159000,418.38183072814576,1004
2024-09-19 14:17:53.194000,418.4031920094266,7
2024-09-19 14:17:53.249000,418.4647011001338,102
2024-09-19 14:17:53.285000,418.4747583009728,10
2024-09-19 14:17:53.316000,418.4728955548237,10
2024-09-19 14:17:53.358000,418.4916028726755,997
2024-09-19 14:17:53.428000,418.4803916808279,100
2024-09-19 14:17:53.429000,418.4037858655081,998
2024-09-19 14:17:53.455000,418.4794568640767,101
2024-09-19 14:17:53.522000,418.41677173615,1004
2024-09-19 14:17:53.540000,418.4043389875811,1003
2024-09-19 14:17:53.647000,418.409531269942,997
2024-09-19 14:17:53.656000,418.4426157089409,15
2024-09-19 14:17:53.733000,418.4204432547687,13
2024-09-19 14:17:53.734000,418.4691606710067,98
2024-09-19 14:17:53.796000,418.4416617651348,12
2024-09-19 14:17:53.849000,418.40179945128136,995
2024-09-19 14:17:53.883000,418.3909696742111,6
2024-09-19 14:17:53.888000,418.4480486708178,1001
2024-09-19 14:17:53.925000,418.40778394926,14
2024-09-19 14:17:53.948000,418.4113011222764,95
2024-09-19 14:17:53.977000,418.4299569686919,1003
2024-09-19 14:17:54.249000,418.461730399772,102
2024-09-19 14:17:54.308000,418.4492075198074,1001
2024-09-19 14:17:54.381000,418.4519511722,5
2024-09-19 14:17:54.445000,418.4193179537144,9
2024-09-19 14:17:54.477000,418.4702431910196,97
2024-09-19 14:17:54.499000,418.4141831040628,104
2024-09-19 14:17:54.514000,418.402081216104,996
2024-09-19 14:17:54.533000,418.3931814421895,99
2024-09-19 14:17:54.576000,418.4152537687526,999
2024-09-19 14:17:54.689000,418.47786007210806,8
2024-09-19 14:17:54.762000,418.461130586248,1003
2024-09-19 14:17:54.775000,418.4590975319659,100
2024-09-19 14:17:54.779000,418.4330121318391,8
2024-09-19 14:17:54.788000,418.4410792478256,101
2024-09-19 14:17:54.793000,418.4183067477015,97
2024-09-19 14:17:54.866000,418.4426254983193,6
2024-09-19 14:17:54.868000,418.470306432124,1000
2024-09-19 14:17:54.915000,418.45117126668345,98
2024-09-19 14:17:54.931000,418.43001562110953,1000
2024-09-19 14:17:54.977000,418.4703164338201,13
2024-09-19 14:17:55.050000,418.4678422549014,98
2024-09-19 14:17:55.106000,418.4533838544067,95
2024-09-19 14:17:55.143000,418.41646152942513,999
2024-09-19 14:17:55.198000,418.41382977929993,104
2024-09-19 14:17:55.286000,418.4123188705592,999
2024-09-19 14:17:55.318000,418.4543513664917,5
2024-09-19 14:17:55.342000,418.4625343596725,9
2024-09-19 14:17:55.391000,418.4698586714306,95
2024-09-19 14:17:55.422000,418.4223075379351,96
2024-09-19 14:17:55.469000,418.4583402169588,11
2024-09-19 14:17:55.470000,418.425580652092,99
2024-09-19 14:17:55.607000,418.416693568414,995
2024-09-19 14:17:55.660000,418.471864894675,5
2024-09-19 14:17:55.684000,418.45490491999567,996
2024-09-19 14:17:55.694000,418.4554286411021,7
2024-09-19 14:17:55.854000,418.4485869541904,102
2024-09-19 14:17:55.916000,418.4373173960583,7
2024-09-19 14:17:55.929000,418.4613758194544,999
2024-09-19 14:17:55.976000,418.4404210759053,97
2024-09-19 14:17:55.989000,418.44858639922,9
2024-09-19 14:17:56.003000,418.4368698178819,102
2024-09-19 14:17:56.009000,418.4187900873162,998
2024-09-19 14:17:56.014000,418.3900262606983,1000
2024-09-19 14:17:56.035000,418.4458122539437,99
2024-09-19 14:17:56.047000,418.39977867236536,13
2024-09-19 14:17:56.091000,418.3810188584056,6
2024-09-19 14:17:56.130000,418.4152430074573,15
2024-09-19 14:17:56.196000,418.4136488832573,1001
2024-09-19 14:17:56.239000,418.42970223135785,102
2024-09-19 14:17:56.244000,418.4125700840143,100
2024-09-19 14:17:56.300000,418.3962716305269,105
2024-09-19 14:17:56.401000,418.439679374225,11
2024-09-19 14:17:56.431000,418.3970310123804,9
2024-09-19 14:17:56.438000,418.4476330088884,103
2024-09-19 14:17:56.483000,418.40860512405504,10
2024-09-19 14:17:56.507000,418.39460364504026,10
2024-09-19 14:17:56.548000,418.42670290314175,101
2024-09-19 14:17:56.597000,418.3815803386556,10
2024-09-19 14:17:56.630000,418.44595457136256,995
2024-09-19 14:17:56.709000,418.43452643034345,15
2024-09-19 14:17:56.732000,418.4167698488786,11
2024-09-19 14:17:56.754000,418.4493092877202,11
2024-09-19 14:17:56.763000,418.40548279580827,11
2024-09-19 14:17:56.862000,418.4681744985734,1005
2024-09-19 14:17:56.891000,418.4287633006842,101
2024-09-19 14:17:56.930000,418.4285727920569,103
2024-09-19 14:17:56.956000,418.4511522187317,98
2024-09-19 14:17:57.040000,418.3757229536178,996
2024-09-19 14:17:57.062000,418.3882688408738,8
2024-09-19 14:17:57.143000,418.3816883439591,9
2024-09-19 14:17:57.169000,418.3823511395981,1005
2024-09-19 14:17:57.187000,418.369531799967,1000
2024-09-19 14:17:57.234000,418.3697474854122,8
2024-09-19 14:17:57.280000,418.370560034448,8
2024-09-19 14:17:57.312000,418.38930470050514,14
2024-09-19 14:17:57.329000,418.3494494536433,997
2024-09-19 14:17:57.332000,418.3695732629256,1000
2024-09-19 14:17:57.359000,418.3789509348283,102
2024-09-19 14:17:57.433000,418.3684451761219,998
2024-09-19 14:17:57.483000,418.4016738420294,13
2024-09-19 14:17:57.539000,418.3730041434516,1003
2024-09-19 14:17:57.580000,418.3873730056959,100
2024-09-19 14:17:57.688000,418.3746740007452,995
2024-09-19 14:17:57.718000,418.3921248950935,1005
2024-09-19 14:17:57.762000,418.4010161271143,9
2024-09-19 14:17:57.766000,418.3490495658952,996
2024-09-19 14:17:57.811000,418.3564980614835,1005
2024-09-19 14:17:57.824000,418.3593929351433,14
2024-09-19 14:17:57.870000,418.3852786429383,14
2024-09-19 14:17:57.883000,418.39541041848656,12
2024-09-19 14:17:57.904000,418.3392887713976,105
2024-09-19 14:17:57.938000,418.3457500958438,15
2024-09-19 14:17:57.964000,418.36269313984405,96
2024-09-19 14:17:57.988000,418.3905379539688,9
2024-09-19 14:17:57.988000,418.3677403561499,1005
2024-09-19 14:17:58.021000,418.36137557086016,5
2024-09-19 14:17:58.038000,418.369950114008,1001
2024-09-19 14:17:58.079000,418.3733845451054,97
2024-09-19 14:17:58.177000,418.35020900082174,995
2024-09-19 14:17:58.275000,418.3697799449215,7
2024-09-19 14:17:58.305000,418.35992385342007,1001
2024-09-19 14:17:58.338000,418.3353556151272,998
2024-09-19 14:17:58.342000,418.3578478582334,99
2024-09-19 14:17:58.375000,418.3321440892467,10
2024-09-19 14:17:58.416000,418.3532046536861,105
2024-09-19 14:17:58.479000,418.364374869726,11
2024-09-19 14:17:58.520000,418.3598321328114,996
2024-09-19 14:17:58.540000,418.3563972584312,15
2024-09-19 14:17:58.599000,418.35236464601655,998
2024-09-19 14:17:58.788000,418.3568822623187,1000
2024-09-19 14:17:58.858000,418.3256620576875,8
2024-09-19 14:17:58.869000,418.3901290372341,102
2024-09-19 14:17:58.926000,418.331401094128,1003
2024-09-19 14:17:58.944000,418.3512443071802,102
2024-09-19 14:17:58.961000,418.3749721270155,11
2024-09-19 14:17:59.117000,418.3372935616636,1003
2024-09-19 14:17:59.285000,418.3618941413263,1003
2024-09-19 14:17:59.400000,418.32365884755046,98
2024-09-19 14:17:59.437000,418.3822515975959,998
2024-09-19 14:17:59.492000,418.3118923073026,1000
2024-09-19 14:17:59.564000,418.34250386166354,1000
2024-09-19 14:17:59.653000,418.3328732100157,11
2024-09-19 14:17:59.759000,418.3351276745817,8
2024-09-19 14:17:59.783000,418.3642947375318,96
2024-09-19 14:17:59.845000,418.3279793607897,1001
2024-09-19 14:17:59.858000,418.3362472836699,6
2024-09-19 14:17:59.883000,418.3475224290081,1000
2024-09-19 14:17:59.935000,418.32569803704905,996
2024-09-19 14:17:59.935000,418.3913212178322,104
2024-09-19 14:17:59.951000,418.3259418075691,104
2024-09-19 14:17:59.959000,418.33234270201297,13
