Timestamp,Price,Size
2024-09-16 15:07:00.039000,415.7472548101294,5
2024-09-16 15:07:00.128000,415.6852075472886,99
2024-09-16 15:07:00.206000,415.7173013846521,105
2024-09-16 15:07:00.206000,415.7657960904254,1001
2024-09-16 15:07:00.233000,415.7786746129228,1004
2024-09-16 15:07:00.262000,415.7610748762554,103
2024-09-16 15:07:00.288000,415.7225412294509,1000
2024-09-16 15:07:00.497000,415.7086248907358,1003
2024-09-16 15:07:00.534000,415.81623816751096,12
2024-09-16 15:07:00.697000,415.7146006021333,95
2024-09-16 15:07:00.730000,415.7168562848627,15
2024-09-16 15:07:00.846000,415.7880329212509,1000
2024-09-16 15:07:00.860000,415.6963064689476,99
2024-09-16 15:07:00.866000,415.7518249767616,103
2024-09-16 15:07:00.870000,415.7240238241568,104
2024-09-16 15:07:00.994000,415.71505048833785,999
2024-09-16 15:07:01.384000,415.6694330949063,12
2024-09-16 15:07:01.864000,415.7091232796561,1004
2024-09-16 15:07:01.925000,415.6828424034932,11
2024-09-16 15:07:02.007000,415.6752754049447,95
2024-09-16 15:07:02.255000,415.6832087219605,997
2024-09-16 15:07:02.566000,415.6798036590236,103
2024-09-16 15:07:02.686000,415.6884916128789,997
2024-09-16 15:07:03.542000,415.69015023812153,105
2024-09-16 15:07:03.874000,415.68546968080494,96
2024-09-16 15:07:03.973000,415.6745347507687,102
2024-09-16 15:07:04.256000,415.6438921249048,1004
2024-09-16 15:07:04.680000,415.6475867524812,1001
2024-09-16 15:07:04.951000,415.6636539589752,1003
2024-09-16 15:07:05.162000,415.626285976032,98
2024-09-16 15:07:05.166000,415.5655127112829,104
2024-09-16 15:07:05.174000,415.5469939177839,10
2024-09-16 15:07:05.183000,415.5511027391461,1001
2024-09-16 15:07:05.191000,415.5962716852973,11
2024-09-16 15:07:05.219000,415.5457681650784,995
2024-09-16 15:07:05.231000,415.5740838821481,1003
2024-09-16 15:07:05.306000,415.5880104964465,14
2024-09-16 15:07:05.369000,415.55389227798827,100
2024-09-16 15:07:05.376000,415.55771099971184,10
2024-09-16 15:07:05.385000,415.5842608323092,12
2024-09-16 15:07:05.392000,415.5737154200933,100
2024-09-16 15:07:05.502000,415.5961971559392,5
2024-09-16 15:07:05.541000,415.57218743564897,995
2024-09-16 15:07:05.551000,415.571135553349,11
2024-09-16 15:07:05.564000,415.5753559842564,104
2024-09-16 15:07:05.617000,415.5786184235597,98
2024-09-16 15:07:05.678000,415.5413222927007,1001
2024-09-16 15:07:05.679000,415.5497258420315,1005
2024-09-16 15:07:05.781000,415.5743587699309,11
2024-09-16 15:07:05.850000,415.5570688513643,1003
2024-09-16 15:07:05.868000,415.64597595271874,12
2024-09-16 15:07:05.877000,415.5852320941666,13
2024-09-16 15:07:05.939000,415.63957243775695,95
2024-09-16 15:07:05.972000,415.5934114842073,12
2024-09-16 15:07:05.996000,415.56755940923,102
2024-09-16 15:07:06.129000,415.5532523016682,6
2024-09-16 15:07:06.223000,415.55399007044525,101
2024-09-16 15:07:06.344000,415.559407009281,104
2024-09-16 15:07:06.378000,415.5538232428033,1005
2024-09-16 15:07:06.401000,415.5652224214255,100
2024-09-16 15:07:06.430000,415.5348301870885,97
2024-09-16 15:07:06.497000,415.5556580010992,1003
2024-09-16 15:07:06.586000,415.55611240340966,8
2024-09-16 15:07:06.954000,415.5492174972648,95
2024-09-16 15:07:06.965000,415.5740977738976,98
2024-09-16 15:07:06.979000,415.5639086332582,99
2024-09-16 15:07:07.004000,415.4989582617474,995
2024-09-16 15:07:07.058000,415.4449357975472,15
2024-09-16 15:07:07.117000,415.4780480518416,6
2024-09-16 15:07:07.132000,415.4779739718575,997
2024-09-16 15:07:07.140000,415.4244376149699,1005
2024-09-16 15:07:07.427000,415.5177000151066,9
2024-09-16 15:07:07.436000,415.4943251333428,100
2024-09-16 15:07:07.445000,415.5243618139244,105
2024-09-16 15:07:07.700000,415.4780311263576,8
2024-09-16 15:07:07.726000,415.4292560938895,102
2024-09-16 15:07:07.727000,415.50173768301073,102
2024-09-16 15:07:07.731000,415.47003377302576,105
2024-09-16 15:07:07.897000,415.4549569232117,9
2024-09-16 15:07:07.904000,415.5182371469403,12
2024-09-16 15:07:07.986000,415.4507218186564,5
2024-09-16 15:07:08.019000,415.4411317979426,997
2024-09-16 15:07:08.021000,415.4107998148658,98
2024-09-16 15:07:08.119000,415.4410672582978,12
2024-09-16 15:07:08.152000,415.3987393230188,996
2024-09-16 15:07:08.182000,415.3953111845524,6
2024-09-16 15:07:08.204000,415.4320070590986,5
2024-09-16 15:07:08.257000,415.437448922544,100
2024-09-16 15:07:08.268000,415.4435223584332,1002
2024-09-16 15:07:08.297000,415.419738028675,13
2024-09-16 15:07:08.333000,415.4061873831178,102
2024-09-16 15:07:08.346000,415.4128375258777,5
2024-09-16 15:07:08.357000,415.413634463361,10
2024-09-16 15:07:08.385000,415.4444345764372,14
2024-09-16 15:07:08.399000,415.4140600106477,1000
2024-09-16 15:07:08.468000,415.41056954876586,99
2024-09-16 15:07:08.478000,415.4422540204041,13
2024-09-16 15:07:08.490000,415.4293080636755,1002
2024-09-16 15:07:08.688000,415.41408977668686,96
2024-09-16 15:07:08.691000,415.3880098547282,13
2024-09-16 15:07:08.705000,415.3990088942565,5
2024-09-16 15:07:08.872000,415.3880641753911,96
2024-09-16 15:07:08.903000,415.4255528111953,100
2024-09-16 15:07:09.071000,418.9877365454129,998
2024-09-16 15:07:09.090000,415.43139289413017,13
2024-09-16 15:07:09.296000,415.4577516979983,7
2024-09-16 15:07:09.345000,415.4513656431012,100
2024-09-16 15:07:09.399000,415.4171857339602,102
2024-09-16 15:07:09.495000,415.4389010009608,98
2024-09-16 15:07:09.596000,415.4004344167458,14
2024-09-16 15:07:09.606000,415.49299923336935,101
2024-09-16 15:07:09.637000,415.4180124513186,13
2024-09-16 15:07:09.650000,415.4694040224249,12
2024-09-16 15:07:09.853000,415.4614778525622,100
2024-09-16 15:07:09.941000,415.45873216359627,13
2024-09-16 15:07:09.981000,415.4387703803975,100
2024-09-16 15:07:10.138000,415.4971860128516,999
2024-09-16 15:07:10.180000,415.4882513795189,14
2024-09-16 15:07:10.259000,415.47599115715167,7
2024-09-16 15:07:10.272000,415.4694466592907,13
2024-09-16 15:07:10.303000,415.4812086502273,1002
2024-09-16 15:07:10.453000,415.4748520722513,8
2024-09-16 15:07:10.486000,415.4781287863288,1001
2024-09-16 15:07:10.501000,415.4830054055178,100
2024-09-16 15:07:10.530000,415.4545448887237,100
2024-09-16 15:07:10.875000,415.4810340388051,6
2024-09-16 15:07:10.939000,418.9716377170125,103
2024-09-16 15:07:11.090000,415.4221273197326,100
2024-09-16 15:07:11.114000,415.3749357052364,15
2024-09-16 15:07:11.148000,415.3786116832733,1002
2024-09-16 15:07:11.181000,415.3486055314585,103
2024-09-16 15:07:11.194000,415.3825562800058,13
2024-09-16 15:07:11.216000,415.4660535014776,999
2024-09-16 15:07:11.234000,415.4172828033762,1001
2024-09-16 15:07:11.284000,415.4036334492743,998
2024-09-16 15:07:11.410000,415.3982552303351,7
2024-09-16 15:07:11.446000,415.4011982547116,96
2024-09-16 15:07:11.505000,415.3953656173298,105
2024-09-16 15:07:11.524000,415.40955979889696,999
2024-09-16 15:07:11.535000,415.4708696197537,105
2024-09-16 15:07:11.539000,415.3978860697614,1003
2024-09-16 15:07:11.546000,415.4457310819247,103
2024-09-16 15:07:11.588000,415.4153660054408,999
2024-09-16 15:07:11.627000,415.3476050955621,101
2024-09-16 15:07:11.656000,415.464509356063,1004
2024-09-16 15:07:11.662000,415.41393725962985,102
2024-09-16 15:07:11.667000,415.4237746238304,97
2024-09-16 15:07:11.705000,415.37674835866767,9
2024-09-16 15:07:11.769000,415.3432384309252,9
2024-09-16 15:07:11.781000,415.4101824497877,96
2024-09-16 15:07:11.863000,415.3779113039137,95
2024-09-16 15:07:11.871000,415.3840362655386,101
2024-09-16 15:07:11.929000,415.3965455644719,105
2024-09-16 15:07:11.986000,415.3955251382535,14
2024-09-16 15:07:11.997000,415.3786024175945,995
2024-09-16 15:07:12.452000,415.3730279930752,13
2024-09-16 15:07:13.086000,415.3187537215888,100
2024-09-16 15:07:13.095000,415.3202754348531,1000
2024-09-16 15:07:13.218000,415.3055262424405,998
2024-09-16 15:07:13.251000,415.2935377065095,104
2024-09-16 15:07:13.270000,415.3330253909702,103
2024-09-16 15:07:13.334000,415.3148849240903,1004
2024-09-16 15:07:13.386000,415.3405306001211,100
2024-09-16 15:07:13.395000,415.3418953762277,995
2024-09-16 15:07:13.410000,415.3153243787615,100
2024-09-16 15:07:13.536000,415.312837979989,1005
2024-09-16 15:07:13.572000,415.34222493956855,11
2024-09-16 15:07:13.575000,415.2943022619789,15
2024-09-16 15:07:13.629000,415.32150106751726,10
2024-09-16 15:07:13.643000,415.32008211045405,11
2024-09-16 15:07:13.748000,415.295585634467,98
2024-09-16 15:07:13.771000,415.3261568372267,1004
2024-09-16 15:07:13.785000,415.3362670351239,95
2024-09-16 15:07:13.836000,415.2979353984631,996
2024-09-16 15:07:13.849000,415.2940008453356,10
2024-09-16 15:07:13.936000,415.3501394802968,15
2024-09-16 15:07:13.984000,415.3001636536516,99
2024-09-16 15:07:14.014000,415.3545006973257,998
2024-09-16 15:07:14.030000,415.3728993119341,8
2024-09-16 15:07:14.034000,415.3486004969578,102
2024-09-16 15:07:14.180000,415.3671124628427,13
2024-09-16 15:07:14.199000,415.3051354102259,995
2024-09-16 15:07:14.218000,415.3608720527181,9
2024-09-16 15:07:14.359000,415.3169588943068,1002
2024-09-16 15:07:14.480000,415.3602702597302,1002
2024-09-16 15:07:14.572000,415.31767469824206,103
2024-09-16 15:07:14.712000,415.3217763622393,11
2024-09-16 15:07:14.716000,415.3275349862559,100
2024-09-16 15:07:14.904000,415.3653035900215,100
2024-09-16 15:07:14.908000,415.3332710305605,8
2024-09-16 15:07:15.067000,415.3699368091509,7
2024-09-16 15:07:15.071000,415.3852722272644,15
2024-09-16 15:07:15.153000,415.352079884187,103
2024-09-16 15:07:15.186000,415.3832291020942,996
2024-09-16 15:07:15.186000,415.39769741393127,998
2024-09-16 15:07:15.273000,415.3700712718496,8
2024-09-16 15:07:15.317000,415.4081138190835,96
2024-09-16 15:07:15.374000,415.3752020883301,102
2024-09-16 15:07:15.404000,415.3352965768888,995
2024-09-16 15:07:15.538000,415.38652082112185,6
2024-09-16 15:07:15.549000,415.3948954037148,1003
2024-09-16 15:07:15.604000,415.38910799162784,99
2024-09-16 15:07:15.654000,415.3512115445529,10
2024-09-16 15:07:15.667000,415.37895623019006,1000
2024-09-16 15:07:15.763000,415.3680830490584,12
2024-09-16 15:07:15.861000,415.3973280610242,100
2024-09-16 15:07:15.879000,415.3807337739372,995
2024-09-16 15:07:15.939000,415.3724576591068,96
2024-09-16 15:07:15.955000,415.3884099861936,14
2024-09-16 15:07:15.968000,415.3909678441032,14
2024-09-16 15:07:15.981000,415.3817030014548,1000
2024-09-16 15:07:16.038000,415.3630952275737,1004
2024-09-16 15:07:16.103000,415.3626203937042,998
2024-09-16 15:07:16.174000,415.3621808290609,1004
2024-09-16 15:07:16.186000,415.3397837631144,1002
2024-09-16 15:07:16.200000,415.3341089455102,15
2024-09-16 15:07:16.228000,415.400293895284,997
2024-09-16 15:07:16.311000,415.37965768401335,996
2024-09-16 15:07:16.362000,415.397095430952,1000
2024-09-16 15:07:16.383000,415.34223804104056,102
2024-09-16 15:07:16.465000,415.3408794999689,12
2024-09-16 15:07:16.495000,415.3269655008141,7
2024-09-16 15:07:16.517000,415.3663386981671,999
2024-09-16 15:07:16.518000,415.3499083128772,11
2024-09-16 15:07:16.622000,415.4049993150194,995
2024-09-16 15:07:16.632000,415.3656330550946,14
2024-09-16 15:07:16.678000,415.3634806978009,998
2024-09-16 15:07:16.743000,415.3398065850912,1000
2024-09-16 15:07:16.801000,415.3494928433974,7
2024-09-16 15:07:16.928000,415.4172060422963,1002
2024-09-16 15:07:16.981000,415.3249729644247,15
2024-09-16 15:07:16.981000,415.3896804827735,96
2024-09-16 15:07:17.010000,419.112646747153,10
2024-09-16 15:07:17.017000,415.4295560100196,1003
2024-09-16 15:07:17.029000,415.4233183600792,104
2024-09-16 15:07:17.049000,415.43611531559,8
2024-09-16 15:07:17.064000,415.4578669289732,103
2024-09-16 15:07:17.064000,415.438604994964,99
2024-09-16 15:07:17.090000,415.4459611631871,999
2024-09-16 15:07:17.120000,415.4471059722817,14
2024-09-16 15:07:17.127000,415.4199289050905,97
2024-09-16 15:07:17.170000,415.4099747256429,998
2024-09-16 15:07:17.185000,415.4179404595372,999
2024-09-16 15:07:17.237000,415.4353767916705,8
2024-09-16 15:07:17.281000,415.4002399035766,1000
2024-09-16 15:07:17.397000,415.4278352028525,97
2024-09-16 15:07:17.434000,415.4483534861385,1004
2024-09-16 15:07:17.459000,415.41861003258,15
2024-09-16 15:07:17.475000,415.4414575981055,98
2024-09-16 15:07:17.517000,415.4061586187945,9
2024-09-16 15:07:17.528000,415.4298994294177,1005
2024-09-16 15:07:17.532000,415.4479668743731,5
2024-09-16 15:07:17.559000,415.44084896404473,98
2024-09-16 15:07:17.697000,415.4536867309495,98
2024-09-16 15:07:17.704000,415.4204167185217,98
2024-09-16 15:07:17.848000,415.4160678647007,102
2024-09-16 15:07:17.982000,415.4226638038813,96
2024-09-16 15:07:18.307000,415.42382694738006,1002
2024-09-16 15:07:18.508000,415.4288727522202,1001
2024-09-16 15:07:18.863000,415.4530210043393,100
2024-09-16 15:07:18.988000,415.433585665768,98
2024-09-16 15:07:19.029000,415.440906006054,102
2024-09-16 15:07:19.069000,415.44227439110347,13
2024-09-16 15:07:19.090000,415.4339839272717,8
2024-09-16 15:07:19.140000,415.4209968444232,6
2024-09-16 15:07:19.202000,415.4395248724151,1001
2024-09-16 15:07:19.261000,415.4248385306144,100
2024-09-16 15:07:19.404000,415.453999910295,1004
2024-09-16 15:07:19.413000,415.4588423221669,1004
2024-09-16 15:07:19.478000,415.4083962907844,5
2024-09-16 15:07:19.554000,415.43943263046657,99
2024-09-16 15:07:19.568000,415.4626084682412,102
2024-09-16 15:07:19.588000,415.4626908895011,101
2024-09-16 15:07:19.600000,415.4338804669897,1000
2024-09-16 15:07:19.623000,415.466141392026,103
2024-09-16 15:07:19.684000,415.4486254028027,15
2024-09-16 15:07:19.685000,415.4249700758329,1001
2024-09-16 15:07:19.732000,415.4312206636578,6
2024-09-16 15:07:19.742000,415.4330590179276,1002
2024-09-16 15:07:19.832000,415.4486477250458,1004
2024-09-16 15:07:19.847000,415.4101289967821,100
2024-09-16 15:07:19.847000,415.4223104660516,105
2024-09-16 15:07:19.879000,415.4558544137734,1003
2024-09-16 15:07:19.912000,415.4052416314682,11
2024-09-16 15:07:19.919000,415.43760117156046,8
2024-09-16 15:07:19.929000,415.4533062441549,6
2024-09-16 15:07:20.207000,415.44606088306375,11
2024-09-16 15:07:20.395000,415.43501227906233,5
2024-09-16 15:07:20.453000,418.8820628172139,8
2024-09-16 15:07:20.475000,415.4437701372012,97
2024-09-16 15:07:20.581000,415.45223584593487,103
2024-09-16 15:07:20.606000,415.4409089226041,1002
2024-09-16 15:07:20.825000,415.46537053275154,99
2024-09-16 15:07:20.915000,415.4279540520343,100
2024-09-16 15:07:20.949000,415.431230532762,11
2024-09-16 15:07:20.967000,415.446418224328,98
2024-09-16 15:07:20.968000,415.4235682789069,1003
2024-09-16 15:07:21.102000,415.4123042692482,95
2024-09-16 15:07:21.427000,415.4556418338916,5
2024-09-16 15:07:21.457000,415.4401289479838,105
2024-09-16 15:07:22.085000,415.4765925931824,998
2024-09-16 15:07:22.469000,415.4515513040788,15
2024-09-16 15:07:22.543000,415.4423629067337,995
2024-09-16 15:07:22.721000,415.4485587636186,102
2024-09-16 15:07:22.903000,415.4428115085327,96
2024-09-16 15:07:22.941000,415.4528082365471,8
2024-09-16 15:07:23.027000,415.39749792723785,101
2024-09-16 15:07:23.028000,415.3804071209931,96
2024-09-16 15:07:23.055000,415.3907986598672,7
2024-09-16 15:07:23.083000,415.4408710495316,98
2024-09-16 15:07:23.150000,415.4594934799357,8
2024-09-16 15:07:23.169000,415.4160401853995,996
2024-09-16 15:07:23.175000,415.3793951350776,101
2024-09-16 15:07:23.207000,415.3844153346562,1002
2024-09-16 15:07:23.221000,415.3742516372911,99
2024-09-16 15:07:23.249000,415.4457060953078,103
2024-09-16 15:07:23.254000,415.4267874827996,95
2024-09-16 15:07:23.258000,415.46347803858976,95
2024-09-16 15:07:23.273000,415.4079257983404,14
2024-09-16 15:07:23.284000,415.3934310378378,1004
2024-09-16 15:07:23.296000,415.4758358827543,97
2024-09-16 15:07:23.331000,415.391076478151,1003
2024-09-16 15:07:23.352000,415.3968062821075,95
2024-09-16 15:07:23.352000,415.43468482263006,99
2024-09-16 15:07:23.449000,415.4513453335595,105
2024-09-16 15:07:23.470000,415.4378083170904,97
2024-09-16 15:07:23.489000,415.43341034089576,105
2024-09-16 15:07:23.534000,415.4349312178069,96
2024-09-16 15:07:23.600000,415.44431393974975,103
2024-09-16 15:07:23.610000,415.43414706482304,7
2024-09-16 15:07:23.770000,415.4431704141029,7
2024-09-16 15:07:23.802000,415.4592882442355,999
2024-09-16 15:07:23.858000,415.4167089640023,99
2024-09-16 15:07:23.940000,415.3936878882123,103
2024-09-16 15:07:24.112000,415.3851034826099,5
2024-09-16 15:07:24.325000,415.39912044775446,100
2024-09-16 15:07:24.347000,415.38642900429,999
2024-09-16 15:07:24.390000,415.3834006236414,9
2024-09-16 15:07:24.427000,415.399078048281,105
2024-09-16 15:07:24.442000,415.38549647473945,101
2024-09-16 15:07:24.561000,415.367693939754,105
2024-09-16 15:07:24.581000,415.4121836772175,10
2024-09-16 15:07:24.599000,415.4071112019013,98
2024-09-16 15:07:24.600000,415.40950665471377,104
2024-09-16 15:07:24.639000,415.3810725263208,10
2024-09-16 15:07:24.767000,415.38676989639663,100
2024-09-16 15:07:24.852000,415.3778439800392,105
2024-09-16 15:07:24.972000,415.3918210354077,998
2024-09-16 15:07:25.022000,415.3448053150998,95
2024-09-16 15:07:25.031000,415.3443588389525,9
2024-09-16 15:07:25.039000,415.3860789553701,7
2024-09-16 15:07:25.045000,415.3520652410206,1002
2024-09-16 15:07:25.052000,415.3736626175632,1003
2024-09-16 15:07:25.138000,415.3620536820432,12
2024-09-16 15:07:25.310000,415.3781322078436,6
2024-09-16 15:07:25.384000,415.38616449728056,14
2024-09-16 15:07:25.396000,415.344304649745,995
2024-09-16 15:07:25.512000,415.35050293775663,997
2024-09-16 15:07:25.521000,415.3534506544701,5
2024-09-16 15:07:25.529000,415.354531000382,999
2024-09-16 15:07:25.544000,415.346529491237,100
2024-09-16 15:07:25.550000,415.3484913953088,999
2024-09-16 15:07:25.573000,415.3760896618056,95
2024-09-16 15:07:25.661000,415.3481269625141,11
2024-09-16 15:07:25.714000,415.3663032801715,995
2024-09-16 15:07:25.727000,415.3457991972588,1003
2024-09-16 15:07:25.730000,415.3976310602371,105
2024-09-16 15:07:25.778000,415.38378943366536,10
2024-09-16 15:07:25.791000,415.35729989772176,101
2024-09-16 15:07:25.820000,415.35245099178337,10
2024-09-16 15:07:25.860000,415.3426079867736,1004
2024-09-16 15:07:25.866000,415.3772985856551,1002
2024-09-16 15:07:26.085000,415.3736083632976,14
2024-09-16 15:07:26.223000,415.4053250901332,1002
2024-09-16 15:07:26.842000,415.39936899226495,99
2024-09-16 15:07:26.910000,415.4117652153801,1005
2024-09-16 15:07:27.015000,415.4244052384189,8
2024-09-16 15:07:27.020000,415.3986743783273,996
2024-09-16 15:07:27.024000,415.3806103400984,100
2024-09-16 15:07:27.026000,415.3849445284856,103
2024-09-16 15:07:27.031000,415.4053344328706,1003
2024-09-16 15:07:27.033000,415.4028031817594,1003
2024-09-16 15:07:27.272000,415.4054172435089,95
2024-09-16 15:07:27.309000,415.44632192153085,103
2024-09-16 15:07:27.380000,415.3859244611415,105
2024-09-16 15:07:27.401000,415.3508229426519,14
2024-09-16 15:07:27.427000,415.3837944926013,105
2024-09-16 15:07:27.439000,415.3647996273108,995
2024-09-16 15:07:27.452000,415.422144738921,105
2024-09-16 15:07:27.459000,415.43448716964014,97
2024-09-16 15:07:27.471000,415.3749263843893,15
2024-09-16 15:07:27.501000,415.3709491338904,998
2024-09-16 15:07:27.522000,415.3824678762753,998
2024-09-16 15:07:27.690000,415.3496204688979,1005
2024-09-16 15:07:27.712000,415.4439655387562,1004
2024-09-16 15:07:27.774000,415.3986653153777,999
2024-09-16 15:07:27.790000,415.4199664112185,95
2024-09-16 15:07:27.863000,415.42650011423126,1004
2024-09-16 15:07:27.955000,415.4096974419378,13
2024-09-16 15:07:27.975000,415.4099671490714,9
2024-09-16 15:07:27.980000,415.397391637282,995
2024-09-16 15:07:28.535000,415.35583502345895,1003
2024-09-16 15:07:28.561000,415.3128592470644,11
2024-09-16 15:07:28.731000,415.31041707363926,10
2024-09-16 15:07:28.826000,415.3436021220773,1003
2024-09-16 15:07:28.883000,415.3353691642407,1000
2024-09-16 15:07:29.682000,415.30868484524734,7
2024-09-16 15:07:30.107000,415.2699555104341,7
2024-09-16 15:07:30.115000,415.2799025261744,105
2024-09-16 15:07:30.121000,415.3087296935656,105
2024-09-16 15:07:30.222000,415.33295618362337,995
2024-09-16 15:07:30.326000,415.27145922212566,95
2024-09-16 15:07:30.339000,415.3134285415676,997
2024-09-16 15:07:30.354000,415.2758236869384,98
2024-09-16 15:07:30.410000,415.2939739889092,12
2024-09-16 15:07:30.478000,415.2565930036725,1003
2024-09-16 15:07:30.512000,415.298580378749,9
2024-09-16 15:07:30.552000,415.3258532747428,101
2024-09-16 15:07:30.572000,415.2687294944636,103
2024-09-16 15:07:30.650000,415.2886691544242,98
2024-09-16 15:07:30.665000,415.31756442732967,5
2024-09-16 15:07:30.712000,415.2804103203363,99
2024-09-16 15:07:30.723000,415.2674617153589,15
2024-09-16 15:07:30.755000,415.2513367710307,6
2024-09-16 15:07:30.778000,415.2964110150488,7
2024-09-16 15:07:30.827000,415.3112902697041,12
2024-09-16 15:07:30.864000,415.3109688240104,14
2024-09-16 15:07:30.970000,415.3090054799852,6
2024-09-16 15:07:30.982000,415.32896772544257,998
2024-09-16 15:07:30.999000,415.2766207029146,96
2024-09-16 15:07:31.003000,415.30051731448185,100
2024-09-16 15:07:31.425000,415.2679664729994,14
2024-09-16 15:07:31.557000,415.3069362597215,997
2024-09-16 15:07:31.672000,415.2765331146412,13
2024-09-16 15:07:31.828000,415.29234280027583,995
2024-09-16 15:07:31.853000,415.29709322955335,1004
2024-09-16 15:07:31.951000,415.2797596421733,999
2024-09-16 15:07:32.069000,415.26557580821856,102
2024-09-16 15:07:32.163000,415.3009554179849,996
2024-09-16 15:07:32.195000,415.2897847124733,1002
2024-09-16 15:07:32.222000,415.331722138505,15
2024-09-16 15:07:32.241000,415.28910877045314,7
2024-09-16 15:07:32.340000,415.2446499535451,103
2024-09-16 15:07:32.366000,415.30893041093566,9
2024-09-16 15:07:32.375000,415.30305409810734,103
2024-09-16 15:07:32.395000,415.3279517277449,1004
2024-09-16 15:07:32.416000,415.2693970316244,103
2024-09-16 15:07:32.515000,415.30434135092406,8
2024-09-16 15:07:32.593000,415.2539052324792,1004
2024-09-16 15:07:32.596000,415.2924852625516,996
2024-09-16 15:07:32.604000,415.3209854053488,6
2024-09-16 15:07:32.645000,415.3049248920792,12
2024-09-16 15:07:32.652000,415.25736845188334,1004
2024-09-16 15:07:32.672000,415.3172688983947,14
2024-09-16 15:07:32.722000,415.311355047238,95
2024-09-16 15:07:32.730000,415.32612438459535,15
2024-09-16 15:07:32.743000,415.31810989133135,103
2024-09-16 15:07:32.750000,415.2762318548152,9
2024-09-16 15:07:32.814000,415.3423720467235,998
2024-09-16 15:07:32.922000,415.2850130600112,105
2024-09-16 15:07:32.931000,415.2862470390093,7
2024-09-16 15:07:32.947000,415.3146489671892,1001
2024-09-16 15:07:32.977000,415.331685592447,8
2024-09-16 15:07:32.990000,415.3106252937131,1002
2024-09-16 15:07:33.012000,415.2672912091266,12
2024-09-16 15:07:33.079000,415.2352747680426,104
2024-09-16 15:07:33.119000,415.2238086138739,14
2024-09-16 15:07:33.159000,415.2192140982048,8
2024-09-16 15:07:33.195000,415.2272692420834,95
2024-09-16 15:07:33.240000,415.18029042616433,998
2024-09-16 15:07:33.263000,415.26706124252416,102
2024-09-16 15:07:33.268000,415.2781021017569,15
2024-09-16 15:07:33.323000,415.209783144533,102
2024-09-16 15:07:33.461000,415.21776242118335,1000
2024-09-16 15:07:33.503000,415.1908206217111,1003
2024-09-16 15:07:33.510000,415.2019000211114,8
2024-09-16 15:07:33.556000,415.2261266285102,96
2024-09-16 15:07:33.572000,418.8202693573543,8
2024-09-16 15:07:33.577000,415.2357607864856,1004
2024-09-16 15:07:33.655000,415.1803774939575,1000
2024-09-16 15:07:33.680000,415.1739318352706,97
2024-09-16 15:07:33.682000,415.2710533296766,14
2024-09-16 15:07:33.745000,415.2674552298942,103
2024-09-16 15:07:33.787000,415.20074670246606,105
2024-09-16 15:07:33.801000,415.241871131351,1000
2024-09-16 15:07:33.825000,415.2129377055645,11
2024-09-16 15:07:33.872000,415.21231790413685,996
2024-09-16 15:07:33.907000,415.1756276880001,997
2024-09-16 15:07:33.948000,415.1799136444653,102
2024-09-16 15:07:33.970000,415.2345358904009,995
2024-09-16 15:07:34.439000,415.1813491524733,104
2024-09-16 15:07:34.518000,418.8496668071131,999
2024-09-16 15:07:34.518000,415.1439911794942,1003
2024-09-16 15:07:34.532000,415.16131547583706,13
2024-09-16 15:07:34.719000,415.1361040599649,99
2024-09-16 15:07:34.780000,415.1569249601171,103
2024-09-16 15:07:34.936000,415.1781626732834,999
2024-09-16 15:07:35.036000,415.2024518579954,15
2024-09-16 15:07:35.057000,415.183252846849,1000
2024-09-16 15:07:35.191000,415.17893547627466,99
2024-09-16 15:07:35.320000,415.1872695050397,7
2024-09-16 15:07:35.336000,415.1832556010398,13
2024-09-16 15:07:35.336000,415.1685686123473,97
2024-09-16 15:07:35.349000,415.2047585332978,1004
2024-09-16 15:07:35.403000,415.1246083512858,102
2024-09-16 15:07:35.445000,415.1985941274126,5
2024-09-16 15:07:35.466000,415.1645582652849,13
2024-09-16 15:07:35.482000,415.2144421756682,99
2024-09-16 15:07:35.501000,415.19992053324586,100
2024-09-16 15:07:35.511000,415.1726202127937,999
2024-09-16 15:07:35.522000,415.173864132878,105
2024-09-16 15:07:35.543000,415.13447436703626,1005
2024-09-16 15:07:35.549000,415.1692299164888,99
2024-09-16 15:07:35.559000,415.1524916802467,1003
2024-09-16 15:07:35.577000,415.1819848593943,102
2024-09-16 15:07:35.688000,415.166206672991,998
2024-09-16 15:07:35.724000,415.1718204827029,96
2024-09-16 15:07:35.736000,415.189770052393,7
2024-09-16 15:07:35.772000,415.1300207763173,105
2024-09-16 15:07:35.901000,415.21152287649386,100
2024-09-16 15:07:35.949000,415.130302924138,6
2024-09-16 15:07:35.977000,415.1782282703247,11
2024-09-16 15:07:36.027000,415.2018993496375,999
2024-09-16 15:07:36.103000,415.2043143451812,1002
2024-09-16 15:07:36.146000,415.2267150529525,1002
2024-09-16 15:07:36.172000,415.24707519861096,104
2024-09-16 15:07:36.193000,415.205493041024,97
2024-09-16 15:07:36.255000,415.2543681132257,102
2024-09-16 15:07:36.310000,415.16370388805615,105
2024-09-16 15:07:36.316000,415.2343686795952,101
2024-09-16 15:07:36.372000,415.21610460628494,1005
2024-09-16 15:07:36.431000,415.21435353780953,7
2024-09-16 15:07:36.469000,415.2197989193338,14
2024-09-16 15:07:36.498000,415.1634182776563,14
2024-09-16 15:07:36.498000,415.2172981855969,1003
2024-09-16 15:07:36.560000,415.2127402584076,95
2024-09-16 15:07:36.569000,415.1888222668026,102
2024-09-16 15:07:36.576000,415.2076640314375,6
2024-09-16 15:07:36.578000,415.2348807626632,9
2024-09-16 15:07:36.651000,415.1971996232838,99
2024-09-16 15:07:36.741000,415.1686034065426,1005
2024-09-16 15:07:36.846000,415.1744761743108,100
2024-09-16 15:07:36.880000,415.1981514097821,996
2024-09-16 15:07:36.903000,415.19275385593545,95
2024-09-16 15:07:36.922000,415.2160862430837,1002
2024-09-16 15:07:36.995000,415.1927906009364,95
2024-09-16 15:07:37.062000,415.2827547910292,1005
2024-09-16 15:07:37.126000,415.2553538366034,10
2024-09-16 15:07:37.134000,415.2737320801056,1005
2024-09-16 15:07:37.136000,415.2531076477503,1005
2024-09-16 15:07:37.264000,415.2844978262708,97
2024-09-16 15:07:37.317000,415.264168485958,100
2024-09-16 15:07:37.436000,415.31623806270585,1000
2024-09-16 15:07:37.495000,415.2750572860329,100
2024-09-16 15:07:37.633000,415.2892079753968,999
2024-09-16 15:07:37.671000,415.2611851739048,11
2024-09-16 15:07:37.680000,415.2752603110883,98
2024-09-16 15:07:37.737000,415.258245817687,1001
2024-09-16 15:07:37.768000,415.2511712488809,5
2024-09-16 15:07:37.777000,415.2442467875599,97
2024-09-16 15:07:37.828000,415.2657156700039,103
2024-09-16 15:07:37.848000,415.26657415953247,1003
2024-09-16 15:07:37.857000,415.2994516146077,1000
2024-09-16 15:07:37.867000,415.2625126012,95
2024-09-16 15:07:37.871000,415.2861368996042,1001
2024-09-16 15:07:37.908000,415.2834210990775,104
2024-09-16 15:07:37.920000,415.29923035552,13
2024-09-16 15:07:37.931000,415.3075489414029,1000
2024-09-16 15:07:37.984000,415.2649267404474,997
2024-09-16 15:07:38.048000,415.2970609362821,1004
2024-09-16 15:07:38.097000,415.28377743117375,5
2024-09-16 15:07:38.174000,415.325825412149,998
2024-09-16 15:07:38.344000,415.2746989821526,995
2024-09-16 15:07:38.363000,415.3117669989427,999
2024-09-16 15:07:38.394000,415.285722361383,1001
2024-09-16 15:07:38.496000,415.2967769094464,98
2024-09-16 15:07:38.716000,415.31010156671306,1002
2024-09-16 15:07:38.728000,415.2868363263543,6
2024-09-16 15:07:38.911000,415.2935132194954,13
2024-09-16 15:07:38.924000,415.2749377867851,1001
2024-09-16 15:07:38.952000,415.3107800233651,5
2024-09-16 15:07:38.986000,415.320090331048,1002
2024-09-16 15:07:39.251000,415.3231381297264,1003
2024-09-16 15:07:39.456000,415.3223320108749,997
2024-09-16 15:07:39.469000,415.30924653833017,98
2024-09-16 15:07:39.549000,415.340781432385,100
2024-09-16 15:07:39.648000,415.3416791623032,97
2024-09-16 15:07:39.661000,415.344110992486,97
2024-09-16 15:07:39.948000,415.3482166208725,11
2024-09-16 15:07:39.954000,415.3360778223469,97
2024-09-16 15:07:40.011000,415.3374106221128,11
2024-09-16 15:07:40.018000,415.32524004300126,96
2024-09-16 15:07:40.035000,415.3049538602198,999
2024-09-16 15:07:40.042000,415.3068268714942,105
2024-09-16 15:07:40.042000,415.3019139744526,102
2024-09-16 15:07:40.129000,415.3163405576262,8
2024-09-16 15:07:40.263000,415.3175523352056,1005
2024-09-16 15:07:40.530000,415.2982174132524,97
2024-09-16 15:07:40.587000,415.28196488188814,999
2024-09-16 15:07:40.697000,415.2996211995952,998
2024-09-16 15:07:40.716000,415.3215633867199,997
2024-09-16 15:07:40.776000,415.29359696547766,1001
2024-09-16 15:07:40.826000,415.3041062101072,101
2024-09-16 15:07:40.915000,415.317618969316,8
2024-09-16 15:07:41.019000,415.3593864155241,8
2024-09-16 15:07:41.053000,415.3769845068301,9
2024-09-16 15:07:41.078000,415.4078487020219,6
2024-09-16 15:07:41.109000,415.3658387241208,995
2024-09-16 15:07:41.236000,415.3118427123975,999
2024-09-16 15:07:41.295000,415.4211706531828,97
2024-09-16 15:07:41.313000,415.3768380500208,97
2024-09-16 15:07:41.326000,415.3724680702334,1000
2024-09-16 15:07:41.361000,415.332668367876,999
2024-09-16 15:07:41.428000,415.3538585089926,104
2024-09-16 15:07:41.470000,415.39673419041145,12
2024-09-16 15:07:41.515000,415.3256544272441,999
2024-09-16 15:07:41.593000,415.3396862405223,999
2024-09-16 15:07:41.598000,415.41597111655625,997
2024-09-16 15:07:41.614000,415.3075502198972,11
2024-09-16 15:07:41.750000,415.2969439256401,1003
2024-09-16 15:07:41.832000,415.3118192352766,9
2024-09-16 15:07:41.855000,415.3945735516684,99
2024-09-16 15:07:41.923000,415.3667411976085,998
2024-09-16 15:07:41.928000,415.30752920147177,1002
2024-09-16 15:07:41.930000,415.3690769889736,1000
2024-09-16 15:07:41.975000,415.3582248635717,7
2024-09-16 15:07:41.981000,415.3222345702535,97
2024-09-16 15:07:42.259000,415.4221749113802,11
2024-09-16 15:07:42.269000,415.4647499467797,103
2024-09-16 15:07:42.271000,415.468181123974,6
2024-09-16 15:07:42.287000,415.3999211898959,1004
2024-09-16 15:07:42.309000,415.40653135951055,98
2024-09-16 15:07:42.384000,415.41409481187327,103
2024-09-16 15:07:42.423000,415.4075970496646,12
2024-09-16 15:07:42.457000,415.4292762436383,15
2024-09-16 15:07:42.487000,415.4428828143614,1003
2024-09-16 15:07:42.500000,415.423628604958,998
2024-09-16 15:07:42.507000,415.4522938967416,995
2024-09-16 15:07:42.531000,415.3996120702498,15
2024-09-16 15:07:42.636000,415.4336403716911,9
2024-09-16 15:07:42.663000,415.4100811774772,102
2024-09-16 15:07:42.731000,415.41699333777575,996
2024-09-16 15:07:42.791000,415.445105939057,101
2024-09-16 15:07:42.816000,415.4104216048266,96
2024-09-16 15:07:42.836000,415.4326293231714,105
2024-09-16 15:07:42.913000,415.4424995355696,1005
2024-09-16 15:07:42.993000,415.4146961352972,6
2024-09-16 15:07:43.029000,415.4122990216883,15
2024-09-16 15:07:43.096000,415.4220616776415,1004
2024-09-16 15:07:43.150000,415.40101835706713,1005
2024-09-16 15:07:43.172000,415.41189388349807,8
2024-09-16 15:07:43.433000,415.41775792834574,99
2024-09-16 15:07:43.467000,415.422371199225,995
2024-09-16 15:07:43.468000,415.4120169200807,103
2024-09-16 15:07:43.542000,415.4119631045227,13
2024-09-16 15:07:43.558000,415.4256238450538,6
2024-09-16 15:07:43.658000,415.4223949602873,100
2024-09-16 15:07:43.699000,415.41630645848034,14
2024-09-16 15:07:43.719000,415.4130906943774,1005
2024-09-16 15:07:43.791000,415.4298648845071,996
2024-09-16 15:07:43.799000,415.4233862559408,14
2024-09-16 15:07:43.802000,415.4338536779166,997
2024-09-16 15:07:43.946000,415.4085082094486,104
2024-09-16 15:07:43.975000,415.420804677893,997
2024-09-16 15:07:44.038000,415.3415241001974,1003
2024-09-16 15:07:44.158000,415.3487509108172,8
2024-09-16 15:07:44.312000,415.3722853354054,105
2024-09-16 15:07:44.370000,415.372835083579,13
2024-09-16 15:07:44.449000,415.32838868968287,96
2024-09-16 15:07:44.562000,415.3734906680359,98
2024-09-16 15:07:44.753000,415.36298270270345,10
2024-09-16 15:07:44.794000,415.39176845841615,1000
2024-09-16 15:07:44.820000,415.3675954576315,1005
2024-09-16 15:07:44.854000,415.38663092738,99
2024-09-16 15:07:45.016000,415.3689889914538,1003
2024-09-16 15:07:45.101000,415.37845964805,1002
2024-09-16 15:07:45.209000,415.3661685757656,96
2024-09-16 15:07:45.258000,415.4329241479125,15
2024-09-16 15:07:45.331000,415.44010455844256,101
2024-09-16 15:07:45.334000,415.3842743652857,6
2024-09-16 15:07:45.367000,415.4288532506948,96
2024-09-16 15:07:45.440000,415.3702796010352,7
2024-09-16 15:07:45.444000,415.439442455554,1001
2024-09-16 15:07:45.490000,415.42549952550047,7
2024-09-16 15:07:45.569000,415.4328527247678,10
2024-09-16 15:07:45.592000,415.3679475256429,9
2024-09-16 15:07:45.595000,415.4061202645095,104
2024-09-16 15:07:45.677000,415.3915502062663,999
2024-09-16 15:07:45.679000,415.3738353804313,11
2024-09-16 15:07:45.716000,415.356633643977,1003
2024-09-16 15:07:45.720000,415.4013560554817,997
2024-09-16 15:07:45.766000,415.4349738933511,5
2024-09-16 15:07:45.867000,415.3476991616543,7
2024-09-16 15:07:45.869000,415.3901346154125,15
2024-09-16 15:07:45.992000,415.396256859937,998
2024-09-16 15:07:46.063000,415.44006135195633,7
2024-09-16 15:07:46.069000,415.460243740937,1005
2024-09-16 15:07:46.113000,415.4346579339753,6
2024-09-16 15:07:46.203000,415.4442182219576,97
2024-09-16 15:07:46.350000,415.426683855652,13
2024-09-16 15:07:46.357000,415.4284392514354,96
2024-09-16 15:07:46.440000,415.4569238949183,995
2024-09-16 15:07:46.463000,415.4640000291064,7
2024-09-16 15:07:46.473000,415.4636919165183,95
2024-09-16 15:07:46.503000,415.4733683936896,95
2024-09-16 15:07:46.562000,415.4627300657461,96
2024-09-16 15:07:46.564000,415.43140714869526,99
2024-09-16 15:07:46.580000,415.4139835112027,98
2024-09-16 15:07:46.590000,415.4198093351569,5
2024-09-16 15:07:46.729000,415.4275677689181,95
2024-09-16 15:07:46.795000,415.45308569656976,5
2024-09-16 15:07:46.902000,415.437406272585,996
2024-09-16 15:07:46.966000,415.42011215177695,5
2024-09-16 15:07:47.213000,415.52013225730366,6
2024-09-16 15:07:47.352000,415.4987973948266,9
2024-09-16 15:07:47.360000,415.507664907758,1001
2024-09-16 15:07:47.413000,415.47703344796383,97
2024-09-16 15:07:47.510000,415.4993284990518,98
2024-09-16 15:07:47.662000,415.5378280411189,997
2024-09-16 15:07:47.676000,415.544365965551,11
2024-09-16 15:07:47.799000,415.5269382557863,5
2024-09-16 15:07:47.845000,415.5111336308008,997
2024-09-16 15:07:47.870000,415.4810304405359,96
2024-09-16 15:07:47.914000,415.4864081958932,996
2024-09-16 15:07:48.027000,415.51646740833297,8
2024-09-16 15:07:48.202000,415.50643598122224,105
2024-09-16 15:07:48.533000,415.5001893107281,10
2024-09-16 15:07:48.802000,415.5205588013887,99
2024-09-16 15:07:48.840000,415.5055225075364,102
2024-09-16 15:07:49.055000,415.4831391613514,95
2024-09-16 15:07:49.106000,415.5206697186296,97
2024-09-16 15:07:49.131000,415.5356722906469,96
2024-09-16 15:07:49.241000,415.55958564456085,96
2024-09-16 15:07:49.243000,415.5105563230546,102
2024-09-16 15:07:49.268000,415.5003501882999,1000
2024-09-16 15:07:49.281000,415.5044525534739,11
2024-09-16 15:07:49.410000,415.5369354465823,100
2024-09-16 15:07:49.553000,415.5139569887817,9
2024-09-16 15:07:49.598000,415.5735455230525,8
2024-09-16 15:07:49.627000,415.5611980597697,100
2024-09-16 15:07:49.645000,415.5173674055068,104
2024-09-16 15:07:49.663000,415.5052149273386,1002
2024-09-16 15:07:49.673000,415.5477253122178,105
2024-09-16 15:07:49.698000,415.5261729375314,95
2024-09-16 15:07:49.854000,415.49499901325737,95
2024-09-16 15:07:49.859000,415.5398477005845,96
2024-09-16 15:07:49.865000,415.50313795373467,995
2024-09-16 15:07:49.883000,415.5320002165744,998
2024-09-16 15:07:49.890000,415.567860366077,996
2024-09-16 15:07:49.906000,415.5293596226077,13
2024-09-16 15:07:49.916000,415.5551899161832,997
2024-09-16 15:07:49.953000,415.5037196385035,1004
2024-09-16 15:07:49.980000,415.5133909995077,5
2024-09-16 15:07:50.112000,415.5203456158778,104
2024-09-16 15:07:50.125000,415.5116378416181,100
2024-09-16 15:07:50.416000,415.5079794796033,995
2024-09-16 15:07:50.487000,415.4983167812521,8
2024-09-16 15:07:50.491000,415.51877137393205,97
2024-09-16 15:07:50.579000,415.5236708463992,6
2024-09-16 15:07:50.698000,415.5003667363634,98
2024-09-16 15:07:50.918000,415.5112471473532,12
2024-09-16 15:07:51.021000,415.4491262311966,99
2024-09-16 15:07:51.047000,415.48589266986784,999
2024-09-16 15:07:51.076000,415.4776358850676,10
2024-09-16 15:07:51.127000,415.46301340378136,11
2024-09-16 15:07:51.167000,415.4660552414703,96
2024-09-16 15:07:51.211000,415.475625653185,98
2024-09-16 15:07:51.215000,415.4754589460477,14
2024-09-16 15:07:51.230000,415.4861221341944,996
2024-09-16 15:07:51.235000,415.5160222194535,6
2024-09-16 15:07:51.286000,415.4941174901112,999
2024-09-16 15:07:51.325000,415.47501904798014,5
2024-09-16 15:07:51.344000,415.45756335409567,1004
2024-09-16 15:07:51.351000,415.4906136040298,1004
2024-09-16 15:07:51.403000,415.47816921569984,97
2024-09-16 15:07:51.404000,415.47929811933466,998
2024-09-16 15:07:51.463000,415.4889278382584,1001
2024-09-16 15:07:51.473000,415.43431826463126,104
2024-09-16 15:07:51.490000,415.4965477959698,11
2024-09-16 15:07:51.530000,415.44373952077,9
2024-09-16 15:07:51.534000,415.4711661562287,7
2024-09-16 15:07:51.603000,415.4929551919773,102
2024-09-16 15:07:51.632000,415.4641901407424,102
2024-09-16 15:07:51.641000,415.47915573286247,100
2024-09-16 15:07:51.707000,415.4705067811948,995
2024-09-16 15:07:51.815000,415.4186162560059,1004
2024-09-16 15:07:51.912000,415.482226060361,8
2024-09-16 15:07:51.946000,415.4368086531819,15
2024-09-16 15:07:51.946000,415.42078833094286,100
2024-09-16 15:07:52.003000,415.4450709282798,1004
2024-09-16 15:07:52.064000,415.4384022303436,103
2024-09-16 15:07:52.288000,415.4231406646366,996
2024-09-16 15:07:52.303000,415.4378048431334,6
2024-09-16 15:07:52.562000,415.4271302599512,97
2024-09-16 15:07:52.566000,415.4322610249625,96
2024-09-16 15:07:52.665000,415.4246785048606,7
2024-09-16 15:07:52.870000,415.4202107489018,14
2024-09-16 15:07:52.998000,415.429652652184,12
2024-09-16 15:07:53.703000,415.444705870781,1003
2024-09-16 15:07:54.027000,415.50348744070703,105
2024-09-16 15:07:54.172000,415.5216959491002,14
2024-09-16 15:07:54.223000,415.50237315993166,100
2024-09-16 15:07:54.415000,415.4672464514956,95
2024-09-16 15:07:54.462000,415.5021042813871,97
2024-09-16 15:07:54.471000,415.4620827839415,11
2024-09-16 15:07:54.528000,415.4954697433385,8
2024-09-16 15:07:54.608000,415.4716241017657,105
2024-09-16 15:07:54.668000,415.4505103799494,1001
2024-09-16 15:07:54.769000,415.4987309284281,5
2024-09-16 15:07:54.801000,415.5325302270623,7
2024-09-16 15:07:54.972000,415.51493883919903,6
2024-09-16 15:07:55.004000,415.52042609304175,104
2024-09-16 15:07:55.022000,415.54468962441314,1001
2024-09-16 15:07:55.163000,415.5423889638786,996
2024-09-16 15:07:55.311000,415.5249662979383,12
2024-09-16 15:07:55.564000,415.55425454638055,102
2024-09-16 15:07:55.576000,415.5702728006949,104
2024-09-16 15:07:55.616000,415.51746727970766,12
2024-09-16 15:07:55.728000,415.55342142761975,99
2024-09-16 15:07:55.802000,415.5329926508726,95
2024-09-16 15:07:55.896000,415.57544364670383,105
2024-09-16 15:07:55.998000,415.55076859528384,1005
2024-09-16 15:07:56.021000,415.52972824125146,6
2024-09-16 15:07:56.081000,415.5491694362175,996
2024-09-16 15:07:56.096000,415.5593841158744,100
2024-09-16 15:07:56.105000,415.5836430250536,99
2024-09-16 15:07:56.151000,415.5294328365945,998
2024-09-16 15:07:56.254000,415.5950040569762,95
2024-09-16 15:07:56.258000,415.5612747391832,105
2024-09-16 15:07:56.263000,415.5476587415766,1005
2024-09-16 15:07:56.353000,415.5269854630585,97
2024-09-16 15:07:56.448000,415.55344674093,1003
2024-09-16 15:07:56.619000,415.5854169066493,1003
2024-09-16 15:07:56.621000,415.5790085082607,1003
2024-09-16 15:07:56.629000,415.5875478278641,995
2024-09-16 15:07:56.667000,415.5299165663806,1001
2024-09-16 15:07:56.669000,415.5300326155946,997
2024-09-16 15:07:56.695000,415.5748130719738,5
2024-09-16 15:07:56.735000,415.5832313988985,13
2024-09-16 15:07:56.807000,415.5772954769683,95
2024-09-16 15:07:56.902000,415.561118417208,95
2024-09-16 15:07:56.958000,415.5361722238141,1004
2024-09-16 15:07:57.010000,415.6117234086316,13
2024-09-16 15:07:57.032000,415.60235993098337,105
2024-09-16 15:07:57.082000,415.607793223657,102
2024-09-16 15:07:57.107000,415.5921181310597,7
2024-09-16 15:07:57.154000,415.6114512623001,14
2024-09-16 15:07:57.175000,415.5884997370631,10
2024-09-16 15:07:57.181000,415.5723346150336,995
2024-09-16 15:07:57.208000,415.5897817939455,95
2024-09-16 15:07:57.212000,415.5867253976986,99
2024-09-16 15:07:57.279000,415.5813308186548,1004
2024-09-16 15:07:57.284000,415.6035374077389,102
2024-09-16 15:07:57.329000,415.5823312425624,100
2024-09-16 15:07:57.359000,415.582508847766,101
2024-09-16 15:07:57.435000,415.5951659907705,96
2024-09-16 15:07:57.449000,415.5541298571365,14
2024-09-16 15:07:57.455000,415.5824819684504,15
2024-09-16 15:07:57.549000,415.591470160068,1001
2024-09-16 15:07:57.631000,415.55239194850384,997
2024-09-16 15:07:57.631000,415.61043597701774,999
2024-09-16 15:07:57.713000,415.6141472018242,9
2024-09-16 15:07:57.716000,415.568731077818,1000
2024-09-16 15:07:57.763000,415.549628650674,13
2024-09-16 15:07:57.794000,415.592021518013,98
2024-09-16 15:07:57.823000,415.6104240879322,1000
2024-09-16 15:07:57.857000,415.6049968906228,999
2024-09-16 15:07:57.890000,415.5543688177127,1005
2024-09-16 15:07:57.988000,415.5405114656338,95
2024-09-16 15:07:58.183000,415.5492349921405,1004
2024-09-16 15:07:58.427000,415.5506980018394,99
2024-09-16 15:07:58.475000,415.5677669968232,996
2024-09-16 15:07:58.553000,415.5831901718693,15
2024-09-16 15:07:58.879000,415.56653707983054,101
2024-09-16 15:07:59.125000,415.57585057842135,1001
2024-09-16 15:07:59.157000,415.5614824843613,96
2024-09-16 15:07:59.159000,415.5664407398243,99
2024-09-16 15:07:59.219000,415.5636615985877,1004
2024-09-16 15:07:59.431000,415.5653547465776,997
2024-09-16 15:07:59.491000,415.5598750635256,13
2024-09-16 15:07:59.492000,419.3811586436046,10
2024-09-16 15:07:59.510000,415.5617224205386,99
2024-09-16 15:07:59.780000,419.3566962534164,13
2024-09-16 15:07:59.899000,415.56358479068297,1000
