Timestamp,Price,Size
2024-09-17 12:24:00.150000,408.55337004320654,1003
2024-09-17 12:24:00.151000,408.4556418476028,98
2024-09-17 12:24:00.334000,408.4616866502581,95
2024-09-17 12:24:00.372000,408.5322207521492,999
2024-09-17 12:24:00.548000,408.4638070605016,999
2024-09-17 12:24:00.611000,408.48573659736576,1000
2024-09-17 12:24:00.642000,408.51376380540114,999
2024-09-17 12:24:00.880000,408.54230366954624,101
2024-09-17 12:24:02.014000,408.5324003425266,1002
2024-09-17 12:24:02.016000,408.4627628373639,1005
2024-09-17 12:24:02.144000,408.5113424361994,1001
2024-09-17 12:24:02.144000,408.4867133151543,995
2024-09-17 12:24:02.265000,408.5433980701616,103
2024-09-17 12:24:02.280000,408.5154041462333,100
2024-09-17 12:24:02.321000,408.4988384405463,995
2024-09-17 12:24:02.394000,408.5214247280673,15
2024-09-17 12:24:02.403000,408.5017583611654,5
2024-09-17 12:24:02.514000,408.47287065339833,1001
2024-09-17 12:24:02.525000,408.5090868978717,1005
2024-09-17 12:24:02.580000,408.5154323422223,998
2024-09-17 12:24:02.596000,408.52150886700025,1002
2024-09-17 12:24:02.621000,408.4957349475927,96
2024-09-17 12:24:02.632000,408.521321049483,997
2024-09-17 12:24:02.711000,408.5049418997348,13
2024-09-17 12:24:02.779000,408.509487124221,11
2024-09-17 12:24:02.919000,408.4754016299614,997
2024-09-17 12:24:02.937000,408.5062736122038,1004
2024-09-17 12:24:02.979000,408.49544882495417,10
2024-09-17 12:24:03.003000,408.5090311315114,5
2024-09-17 12:24:03.092000,408.4852017613114,95
2024-09-17 12:24:03.098000,408.456393179227,100
2024-09-17 12:24:03.234000,408.4891513166854,8
2024-09-17 12:24:03.253000,408.5161989419109,8
2024-09-17 12:24:03.268000,408.4927170988682,1001
2024-09-17 12:24:03.355000,408.5068285623465,97
2024-09-17 12:24:03.383000,408.5000714320876,15
2024-09-17 12:24:03.469000,408.48268248418464,7
2024-09-17 12:24:03.473000,408.5150234143588,103
2024-09-17 12:24:03.635000,408.48568259760657,99
2024-09-17 12:24:03.701000,408.48889824570585,13
2024-09-17 12:24:03.726000,408.47978510055947,8
2024-09-17 12:24:03.760000,408.49424646064347,997
2024-09-17 12:24:03.796000,408.4728177442024,12
2024-09-17 12:24:03.830000,408.4880387123923,101
2024-09-17 12:24:03.859000,408.514590176658,997
2024-09-17 12:24:03.875000,408.4797555108655,1004
2024-09-17 12:24:03.941000,408.4662180192621,13
2024-09-17 12:24:03.961000,408.49225412073815,998
2024-09-17 12:24:03.984000,408.5138647366303,102
2024-09-17 12:24:03.988000,408.511595225226,1001
2024-09-17 12:24:04.032000,408.4760716432193,104
2024-09-17 12:24:04.062000,408.5041304432175,1003
2024-09-17 12:24:04.172000,408.422674684855,12
2024-09-17 12:24:04.197000,408.4233283048195,8
2024-09-17 12:24:04.275000,408.4481244274253,13
2024-09-17 12:24:04.304000,408.47657852674223,5
2024-09-17 12:24:04.434000,408.4005854283562,996
2024-09-17 12:24:04.563000,408.4193403956177,5
2024-09-17 12:24:04.601000,408.3942915798916,1005
2024-09-17 12:24:04.680000,408.4674649424155,13
2024-09-17 12:24:04.691000,408.4801851900393,1000
2024-09-17 12:24:04.714000,408.4962810405456,99
2024-09-17 12:24:04.719000,408.38789454066193,8
2024-09-17 12:24:04.722000,408.3839931473177,14
2024-09-17 12:24:04.749000,408.4328033456067,1004
2024-09-17 12:24:04.798000,408.37626259588205,1004
2024-09-17 12:24:04.870000,408.3945133513475,101
2024-09-17 12:24:04.941000,408.3800893249312,99
2024-09-17 12:24:04.946000,408.4912521985688,104
2024-09-17 12:24:04.991000,408.4859869727199,998
2024-09-17 12:24:05.008000,408.5078603735652,995
2024-09-17 12:24:05.062000,408.477878265056,12
2024-09-17 12:24:05.098000,408.45887219914096,99
2024-09-17 12:24:05.184000,408.5229772890104,1005
2024-09-17 12:24:05.202000,408.4595027922027,15
2024-09-17 12:24:05.300000,408.4766162746615,8
2024-09-17 12:24:05.317000,408.4866046431085,995
2024-09-17 12:24:05.331000,408.5213169227871,12
2024-09-17 12:24:05.374000,408.4859412926583,998
2024-09-17 12:24:05.398000,408.4584932815561,1005
2024-09-17 12:24:05.420000,408.4635073177425,100
2024-09-17 12:24:05.478000,408.45332553655305,999
2024-09-17 12:24:05.557000,408.4576801733294,104
2024-09-17 12:24:05.564000,408.45905461770536,1003
2024-09-17 12:24:05.677000,408.5143264677589,999
2024-09-17 12:24:05.683000,408.4976253898498,10
2024-09-17 12:24:05.731000,408.522310471941,9
2024-09-17 12:24:05.731000,408.5254807249726,5
2024-09-17 12:24:05.803000,408.4650484946434,5
2024-09-17 12:24:05.815000,408.47750867382666,98
2024-09-17 12:24:05.833000,408.4797121664213,103
2024-09-17 12:24:05.921000,408.4637863522739,102
2024-09-17 12:24:05.937000,408.4574895402339,100
2024-09-17 12:24:05.950000,408.4733039322521,1001
2024-09-17 12:24:05.973000,408.47193826399206,95
2024-09-17 12:24:05.974000,408.5055624583166,7
2024-09-17 12:24:05.977000,408.4560271145062,99
2024-09-17 12:24:06.059000,408.4670742155909,101
2024-09-17 12:24:06.097000,408.4740884278984,11
2024-09-17 12:24:06.195000,408.4647099068656,1000
2024-09-17 12:24:06.247000,408.4756068356183,12
2024-09-17 12:24:06.412000,408.4821964292165,96
2024-09-17 12:24:06.476000,408.4731063003453,96
2024-09-17 12:24:06.529000,408.4642511037856,97
2024-09-17 12:24:06.555000,408.4271507418421,101
2024-09-17 12:24:06.588000,408.4529826740299,1005
2024-09-17 12:24:06.621000,408.44974777197376,999
2024-09-17 12:24:06.684000,408.4513675675126,9
2024-09-17 12:24:06.818000,408.4686204463106,997
2024-09-17 12:24:06.910000,408.4820466142166,1002
2024-09-17 12:24:07.088000,408.4184338885584,1004
2024-09-17 12:24:07.133000,408.4382241590626,102
2024-09-17 12:24:07.147000,408.400627217905,999
2024-09-17 12:24:07.162000,408.3929428628792,12
2024-09-17 12:24:07.191000,408.4161563208422,999
2024-09-17 12:24:07.203000,408.3997638878704,1001
2024-09-17 12:24:07.257000,408.4548252879077,7
2024-09-17 12:24:07.274000,408.41935194079286,10
2024-09-17 12:24:07.327000,408.3976446113147,7
2024-09-17 12:24:07.450000,408.4356925795571,15
2024-09-17 12:24:07.450000,408.4346831238796,14
2024-09-17 12:24:07.695000,408.38305397853424,1004
2024-09-17 12:24:07.963000,408.3882622976171,1003
2024-09-17 12:24:08.110000,408.3554326978377,15
2024-09-17 12:24:08.225000,408.3522756283253,1003
2024-09-17 12:24:08.323000,408.3658540694475,103
2024-09-17 12:24:08.605000,408.353367902758,7
2024-09-17 12:24:08.730000,408.36199123287446,104
2024-09-17 12:24:08.827000,408.380044638248,11
2024-09-17 12:24:08.849000,408.3847404309978,102
2024-09-17 12:24:08.856000,408.34183185914793,100
2024-09-17 12:24:08.872000,408.3411580296956,96
2024-09-17 12:24:09.028000,408.2669563619983,7
2024-09-17 12:24:09.054000,408.35207749764095,100
2024-09-17 12:24:09.087000,408.3458143430847,1001
2024-09-17 12:24:09.102000,408.3455862056941,997
2024-09-17 12:24:09.139000,408.3644220114081,95
2024-09-17 12:24:09.160000,408.2773774311548,98
2024-09-17 12:24:09.194000,408.3265629107889,7
2024-09-17 12:24:09.226000,408.2995023935306,100
2024-09-17 12:24:09.250000,408.3547410314609,96
2024-09-17 12:24:09.353000,408.273211566206,996
2024-09-17 12:24:09.369000,408.3565970399582,100
2024-09-17 12:24:09.384000,408.2819613872524,101
2024-09-17 12:24:09.392000,408.3139500554014,1004
2024-09-17 12:24:09.396000,408.2784241359881,99
2024-09-17 12:24:09.404000,408.3603202766485,96
2024-09-17 12:24:09.532000,408.34068530736687,14
2024-09-17 12:24:09.611000,408.2907000028276,995
2024-09-17 12:24:09.620000,408.3401544717545,1005
2024-09-17 12:24:09.753000,408.3391492306352,103
2024-09-17 12:24:09.754000,408.2759921492813,14
2024-09-17 12:24:09.768000,408.337282572877,11
2024-09-17 12:24:09.769000,408.2799151046008,102
2024-09-17 12:24:09.830000,408.35021944731335,15
2024-09-17 12:24:09.919000,408.3259494513848,101
2024-09-17 12:24:09.989000,408.26297429400415,103
2024-09-17 12:24:10.154000,408.30288648271295,995
2024-09-17 12:24:10.167000,408.2657161733184,100
2024-09-17 12:24:10.198000,408.2851984136197,999
2024-09-17 12:24:10.238000,408.2935518094459,104
2024-09-17 12:24:10.240000,408.2829743590315,103
2024-09-17 12:24:10.300000,408.2687941103226,1002
2024-09-17 12:24:10.397000,408.26164397310896,8
2024-09-17 12:24:10.494000,408.3098072033196,97
2024-09-17 12:24:10.522000,408.2660103079773,101
2024-09-17 12:24:10.535000,408.3001126600793,101
2024-09-17 12:24:10.585000,408.2700452185142,103
2024-09-17 12:24:10.610000,408.25672089776987,7
2024-09-17 12:24:10.630000,408.3122685230304,8
2024-09-17 12:24:10.861000,408.273017675419,995
2024-09-17 12:24:10.922000,408.26865188077,99
2024-09-17 12:24:10.949000,408.30353294485616,100
2024-09-17 12:24:10.970000,408.3074073990865,997
2024-09-17 12:24:11.029000,408.2633513213934,101
2024-09-17 12:24:11.041000,408.24550970578576,97
2024-09-17 12:24:11.137000,408.3101006869644,6
2024-09-17 12:24:11.232000,408.2365551472394,6
2024-09-17 12:24:11.291000,408.2266747554188,997
2024-09-17 12:24:11.328000,408.268984723466,1001
2024-09-17 12:24:11.392000,408.2437871348386,97
2024-09-17 12:24:11.478000,408.2368523888241,96
2024-09-17 12:24:11.496000,408.2954760732976,15
2024-09-17 12:24:11.575000,408.2552132090667,1005
2024-09-17 12:24:11.596000,408.29644327788026,12
2024-09-17 12:24:11.646000,408.22704001525,9
2024-09-17 12:24:11.675000,408.206098434915,8
2024-09-17 12:24:11.680000,408.2264549315636,1001
2024-09-17 12:24:11.691000,408.2440435951897,9
2024-09-17 12:24:11.739000,408.2496900497448,95
2024-09-17 12:24:11.835000,408.2477702811007,7
2024-09-17 12:24:11.837000,408.2360507355437,1002
2024-09-17 12:24:11.843000,408.26715305538426,104
2024-09-17 12:24:11.876000,408.2371027015987,5
2024-09-17 12:24:11.889000,408.2430235406933,97
2024-09-17 12:24:11.901000,408.234992976481,99
2024-09-17 12:24:12.013000,408.310423436316,8
2024-09-17 12:24:12.047000,408.30026743257656,1004
2024-09-17 12:24:12.125000,408.2669549751366,1002
2024-09-17 12:24:12.207000,408.2665203076997,998
2024-09-17 12:24:12.225000,408.32433389783046,995
2024-09-17 12:24:12.242000,408.3166906546037,1000
2024-09-17 12:24:12.281000,408.273561311088,104
2024-09-17 12:24:12.321000,408.30727990946775,105
2024-09-17 12:24:12.356000,408.28619451543625,999
2024-09-17 12:24:12.363000,408.3302570701779,996
2024-09-17 12:24:12.412000,408.2824524081951,996
2024-09-17 12:24:12.460000,408.3389510650261,995
2024-09-17 12:24:12.465000,408.3179370301164,104
2024-09-17 12:24:12.475000,408.3215894208784,6
2024-09-17 12:24:12.482000,408.3314481410849,12
2024-09-17 12:24:12.498000,408.2729561059356,10
2024-09-17 12:24:12.536000,408.2869453700956,15
2024-09-17 12:24:12.555000,408.2940604357784,100
2024-09-17 12:24:12.651000,408.272265621332,101
2024-09-17 12:24:12.749000,408.298846725384,10
2024-09-17 12:24:12.779000,408.3026895069409,100
2024-09-17 12:24:12.795000,408.2836150313219,995
2024-09-17 12:24:12.800000,408.3326393253232,99
2024-09-17 12:24:12.806000,408.2828437559132,5
2024-09-17 12:24:12.825000,408.2782534895319,6
2024-09-17 12:24:12.834000,408.2785673244196,995
2024-09-17 12:24:12.956000,408.2689792172669,9
2024-09-17 12:24:13.022000,408.3093710369161,101
2024-09-17 12:24:13.063000,408.31220751165256,7
2024-09-17 12:24:13.099000,408.30359479082927,5
2024-09-17 12:24:13.101000,408.27791747206135,9
2024-09-17 12:24:13.117000,408.3008615735784,1004
2024-09-17 12:24:13.351000,408.29597387079264,997
2024-09-17 12:24:13.365000,408.3045734800742,1002
2024-09-17 12:24:13.483000,408.29266576841866,15
2024-09-17 12:24:13.542000,408.30869114062864,7
2024-09-17 12:24:13.601000,408.3098415569901,96
2024-09-17 12:24:13.771000,408.2850054857005,102
2024-09-17 12:24:13.777000,408.2840039983219,105
2024-09-17 12:24:13.783000,408.2771729647816,99
2024-09-17 12:24:14.122000,408.2941815056658,1003
2024-09-17 12:24:14.137000,408.2928163900309,1004
2024-09-17 12:24:14.276000,408.3097300768292,10
2024-09-17 12:24:14.412000,408.28468178341046,995
2024-09-17 12:24:14.450000,408.27352140490655,10
2024-09-17 12:24:14.547000,408.3072584954514,99
2024-09-17 12:24:14.626000,408.3139950293829,997
2024-09-17 12:24:14.788000,408.2918913276424,15
2024-09-17 12:24:15.088000,408.38646570956536,1001
2024-09-17 12:24:15.103000,408.3882962581453,997
2024-09-17 12:24:15.159000,408.29866441585295,100
2024-09-17 12:24:15.216000,408.3666051902787,15
2024-09-17 12:24:15.250000,408.3976954229829,104
2024-09-17 12:24:15.254000,408.3709961458487,6
2024-09-17 12:24:15.311000,408.30102634038326,12
2024-09-17 12:24:15.328000,408.4031971260597,5
2024-09-17 12:24:15.393000,408.3225829387104,1001
2024-09-17 12:24:15.397000,408.328266345426,101
2024-09-17 12:24:15.501000,408.4091136906035,104
2024-09-17 12:24:15.551000,408.3606767517753,98
2024-09-17 12:24:15.593000,408.3900056082144,8
2024-09-17 12:24:15.685000,408.4058064404355,100
2024-09-17 12:24:15.754000,408.3513081183153,7
2024-09-17 12:24:15.763000,408.3011121400501,104
2024-09-17 12:24:15.809000,408.307655820736,97
2024-09-17 12:24:15.976000,408.3850244173239,14
2024-09-17 12:24:15.987000,408.3620105032233,102
2024-09-17 12:24:16.003000,408.4136011979315,99
2024-09-17 12:24:16.064000,408.4056020623494,101
2024-09-17 12:24:16.088000,408.4081122096532,1003
2024-09-17 12:24:16.133000,408.418307970079,10
2024-09-17 12:24:16.187000,408.42648979111686,14
2024-09-17 12:24:16.412000,408.4109886824706,1001
2024-09-17 12:24:16.431000,408.4307075548567,998
2024-09-17 12:24:16.433000,408.4281018688348,13
2024-09-17 12:24:16.631000,408.41476413957696,101
2024-09-17 12:24:16.660000,408.4129441904861,8
2024-09-17 12:24:16.738000,408.4299166261747,96
2024-09-17 12:24:16.787000,408.4351639846205,98
2024-09-17 12:24:16.789000,408.4269035199533,1004
2024-09-17 12:24:16.992000,408.4125870568379,99
2024-09-17 12:24:17.077000,408.3711277499556,95
2024-09-17 12:24:17.089000,408.38524164264805,997
2024-09-17 12:24:17.276000,408.3867118397989,101
2024-09-17 12:24:17.416000,408.3703427986192,998
2024-09-17 12:24:17.451000,408.3611971941554,98
2024-09-17 12:24:17.544000,408.3859545093901,104
2024-09-17 12:24:17.553000,408.3814299063335,100
2024-09-17 12:24:17.572000,408.3813946724927,104
2024-09-17 12:24:17.585000,408.37072935715054,1005
2024-09-17 12:24:17.661000,408.35621007219225,997
2024-09-17 12:24:17.675000,408.3772083043805,1005
2024-09-17 12:24:17.711000,408.3665267811101,97
2024-09-17 12:24:17.731000,408.3852657195191,1001
2024-09-17 12:24:17.791000,408.3822801418582,15
2024-09-17 12:24:17.933000,408.4002696723717,1004
2024-09-17 12:24:17.938000,408.3871705624381,5
2024-09-17 12:24:17.944000,408.3718322338083,14
2024-09-17 12:24:17.953000,408.3900159219253,96
2024-09-17 12:24:17.958000,408.3919632343777,103
2024-09-17 12:24:18.033000,408.4480585716425,102
2024-09-17 12:24:18.131000,408.4320218188921,1003
2024-09-17 12:24:18.233000,408.4425437243688,105
2024-09-17 12:24:18.246000,408.4392418603509,1001
2024-09-17 12:24:18.326000,408.4412084580987,1000
2024-09-17 12:24:18.374000,408.4544887833664,1000
2024-09-17 12:24:18.375000,408.4013194272659,995
2024-09-17 12:24:18.389000,408.4159410712861,11
2024-09-17 12:24:18.446000,408.4556797594132,95
2024-09-17 12:24:18.461000,408.4512048838971,5
2024-09-17 12:24:18.473000,408.4521490595053,6
2024-09-17 12:24:18.486000,408.4440320247412,14
2024-09-17 12:24:18.530000,408.4007700506312,1004
2024-09-17 12:24:18.544000,408.4424514829332,1005
2024-09-17 12:24:18.624000,408.4211435781908,11
2024-09-17 12:24:18.654000,408.45454650683774,99
2024-09-17 12:24:18.663000,408.41290704583946,999
2024-09-17 12:24:18.685000,408.4232624269725,1002
2024-09-17 12:24:18.701000,408.43605639444274,5
2024-09-17 12:24:18.781000,408.4521434149245,999
2024-09-17 12:24:18.826000,408.41988045676754,13
2024-09-17 12:24:18.831000,408.4337509934678,5
2024-09-17 12:24:18.858000,408.4546947838834,10
2024-09-17 12:24:18.861000,408.4442428216575,99
2024-09-17 12:24:18.888000,408.4357310783568,99
2024-09-17 12:24:18.949000,408.4491179440523,15
2024-09-17 12:24:19.086000,408.4428922312644,97
2024-09-17 12:24:19.516000,408.45929583043136,13
2024-09-17 12:24:19.728000,408.4658816711988,1004
2024-09-17 12:24:19.749000,408.4557684658297,995
2024-09-17 12:24:19.750000,408.4488525420732,96
2024-09-17 12:24:19.816000,408.4699682077647,98
2024-09-17 12:24:19.931000,408.4546619509808,12
2024-09-17 12:24:20.134000,408.4371173404157,996
2024-09-17 12:24:20.162000,408.4587838121125,1005
2024-09-17 12:24:20.211000,408.4656409391191,999
2024-09-17 12:24:20.229000,408.4500497643096,1005
2024-09-17 12:24:20.587000,408.45052003116257,1004
2024-09-17 12:24:21.204000,408.4263212794564,1004
2024-09-17 12:24:21.254000,408.4446135034805,104
2024-09-17 12:24:21.335000,408.4521594830547,996
2024-09-17 12:24:21.543000,408.40776491348464,15
2024-09-17 12:24:21.636000,408.43979448128175,997
2024-09-17 12:24:21.703000,408.4299097608715,995
2024-09-17 12:24:21.774000,408.4050662547064,9
2024-09-17 12:24:21.777000,408.4411759709968,996
2024-09-17 12:24:21.859000,408.44210503132,999
2024-09-17 12:24:21.951000,408.4407712892173,102
2024-09-17 12:24:22.040000,408.4270172597435,998
2024-09-17 12:24:22.062000,408.39307415742616,7
2024-09-17 12:24:22.157000,408.39635948615165,996
2024-09-17 12:24:22.257000,408.4145678093704,997
2024-09-17 12:24:22.320000,408.4147128621341,10
2024-09-17 12:24:22.370000,408.3984885999957,998
2024-09-17 12:24:22.442000,408.3949417694195,97
2024-09-17 12:24:22.480000,408.4206461779223,1004
2024-09-17 12:24:22.512000,408.3913976355798,10
2024-09-17 12:24:22.519000,408.4233493443598,5
2024-09-17 12:24:22.550000,408.4258533353407,100
2024-09-17 12:24:22.563000,408.4293551973552,9
2024-09-17 12:24:22.620000,408.39394424469214,14
2024-09-17 12:24:22.666000,408.4023298140902,14
2024-09-17 12:24:22.699000,408.40835875534736,1004
2024-09-17 12:24:22.839000,408.4050989735192,998
2024-09-17 12:24:22.846000,408.3975429303384,1001
2024-09-17 12:24:22.874000,408.4138558119992,102
2024-09-17 12:24:23.138000,408.4074446011057,103
2024-09-17 12:24:23.197000,408.4019348986748,999
2024-09-17 12:24:23.317000,408.4022707767425,103
2024-09-17 12:24:23.628000,408.4055604767736,15
2024-09-17 12:24:23.919000,408.40519597131856,7
2024-09-17 12:24:24.037000,408.3980962080073,1005
2024-09-17 12:24:24.129000,408.4098692182624,7
2024-09-17 12:24:24.227000,408.4044737754286,998
2024-09-17 12:24:24.317000,408.410166050353,9
2024-09-17 12:24:24.395000,408.4116236906914,100
2024-09-17 12:24:24.510000,408.4126219187447,102
2024-09-17 12:24:24.605000,408.406757448375,10
2024-09-17 12:24:24.646000,408.39992612269526,997
2024-09-17 12:24:24.670000,408.40840050614895,997
2024-09-17 12:24:24.872000,408.3933144601742,103
2024-09-17 12:24:24.922000,408.4120334371306,996
2024-09-17 12:24:24.946000,408.3949440246603,1003
2024-09-17 12:24:24.970000,408.39784352009184,105
2024-09-17 12:24:25.051000,408.37849021216925,9
2024-09-17 12:24:25.186000,408.3380425202799,995
2024-09-17 12:24:25.208000,408.3684437337977,999
2024-09-17 12:24:25.325000,408.3733910654784,11
2024-09-17 12:24:25.332000,408.3725156191132,1000
2024-09-17 12:24:25.333000,408.3793729900213,8
2024-09-17 12:24:25.397000,408.3834614897573,15
2024-09-17 12:24:25.473000,408.3658486809074,14
2024-09-17 12:24:25.479000,408.3805672745488,102
2024-09-17 12:24:25.486000,408.3899285791998,997
2024-09-17 12:24:25.490000,408.3822246267925,98
2024-09-17 12:24:25.673000,408.3731352611168,97
2024-09-17 12:24:25.677000,408.377296255002,995
2024-09-17 12:24:25.713000,408.3573229792274,1004
2024-09-17 12:24:25.775000,408.3603535778416,10
2024-09-17 12:24:25.793000,408.3612333954486,13
2024-09-17 12:24:25.922000,408.38373196059774,97
2024-09-17 12:24:26.262000,408.3219762764188,1004
2024-09-17 12:24:26.305000,408.3005248809566,15
2024-09-17 12:24:26.317000,408.33216564618766,10
2024-09-17 12:24:26.698000,408.33723796946174,1002
2024-09-17 12:24:26.759000,408.28765142138246,98
2024-09-17 12:24:26.770000,408.3195692122374,6
2024-09-17 12:24:26.777000,408.3044918380671,95
2024-09-17 12:24:26.881000,408.341632483216,14
2024-09-17 12:24:26.899000,408.2993445435956,101
2024-09-17 12:24:26.929000,408.2936098403295,1002
2024-09-17 12:24:26.932000,408.2880546701693,104
2024-09-17 12:24:26.966000,408.3241048644538,98
2024-09-17 12:24:27.037000,408.31693482535,996
2024-09-17 12:24:27.075000,408.3288526067902,100
2024-09-17 12:24:27.095000,408.3251207604444,105
2024-09-17 12:24:27.327000,408.3334068392009,100
2024-09-17 12:24:27.384000,408.3380316886289,97
2024-09-17 12:24:27.423000,408.32336252115095,7
2024-09-17 12:24:27.515000,408.3255344015711,100
2024-09-17 12:24:27.549000,408.3025706786779,997
2024-09-17 12:24:27.689000,408.3325761606301,9
2024-09-17 12:24:27.744000,408.3376949253496,995
2024-09-17 12:24:27.817000,408.3194007672812,104
2024-09-17 12:24:27.844000,408.3326107221106,95
2024-09-17 12:24:27.855000,408.3391831153734,102
2024-09-17 12:24:27.904000,408.33558772327206,9
2024-09-17 12:24:28.165000,408.32452291908805,104
2024-09-17 12:24:28.508000,408.33714152686736,103
2024-09-17 12:24:28.540000,408.3185197705715,9
2024-09-17 12:24:28.802000,408.3341377464666,97
2024-09-17 12:24:28.810000,408.34614294271057,100
2024-09-17 12:24:29.019000,408.4129256113648,6
2024-09-17 12:24:29.048000,408.3259497202963,15
2024-09-17 12:24:29.049000,408.3519014623236,997
2024-09-17 12:24:29.057000,408.31699965021227,98
2024-09-17 12:24:29.099000,408.3322768811087,10
2024-09-17 12:24:29.189000,408.3079961375349,105
2024-09-17 12:24:29.207000,408.30529547447935,10
2024-09-17 12:24:29.221000,408.3161857169115,100
2024-09-17 12:24:29.240000,408.36779838090087,1000
2024-09-17 12:24:29.257000,408.3247188816936,1002
2024-09-17 12:24:29.263000,408.3387444206217,995
2024-09-17 12:24:29.297000,408.3574869336215,5
2024-09-17 12:24:29.317000,408.33828993008007,999
2024-09-17 12:24:29.340000,408.3085725830313,103
2024-09-17 12:24:29.379000,408.3820005077922,7
2024-09-17 12:24:29.483000,408.4034893296439,998
2024-09-17 12:24:29.526000,408.3321876325701,10
2024-09-17 12:24:29.548000,408.3826237383562,9
2024-09-17 12:24:29.619000,408.3104587017936,11
2024-09-17 12:24:29.739000,408.42162330843945,11
2024-09-17 12:24:29.753000,408.3539226703419,14
2024-09-17 12:24:29.792000,408.3128973915159,997
2024-09-17 12:24:29.828000,408.3800159019757,999
2024-09-17 12:24:29.866000,408.39649387408514,13
2024-09-17 12:24:29.867000,408.32151164853775,105
2024-09-17 12:24:29.874000,408.32143222034665,11
2024-09-17 12:24:29.892000,408.3805484789797,15
2024-09-17 12:24:29.940000,408.333224671986,8
2024-09-17 12:24:30.004000,408.4391097496057,7
2024-09-17 12:24:30.047000,408.39239655483766,12
2024-09-17 12:24:30.060000,408.4264358817673,105
2024-09-17 12:24:30.085000,408.42158322976127,1000
2024-09-17 12:24:30.105000,408.4226028798606,98
2024-09-17 12:24:30.138000,408.4374864116525,98
2024-09-17 12:24:30.223000,408.370014517636,95
2024-09-17 12:24:30.229000,408.4456794015953,8
2024-09-17 12:24:30.235000,408.4283954869786,1003
2024-09-17 12:24:30.270000,408.41034265105935,12
2024-09-17 12:24:30.348000,408.4230463564929,12
2024-09-17 12:24:30.410000,408.4253837660102,1000
2024-09-17 12:24:30.426000,408.4379225236879,999
2024-09-17 12:24:30.467000,408.4210558638265,995
2024-09-17 12:24:30.497000,408.38411873549865,97
2024-09-17 12:24:30.546000,408.3914156554759,96
2024-09-17 12:24:30.570000,408.4018726917201,996
2024-09-17 12:24:30.605000,408.4106568978716,1005
2024-09-17 12:24:30.750000,408.4475797859384,10
2024-09-17 12:24:30.785000,408.4079046181155,997
2024-09-17 12:24:30.823000,408.38746696599424,15
2024-09-17 12:24:30.829000,408.4126433422509,95
2024-09-17 12:24:31.032000,408.3834704109658,100
2024-09-17 12:24:31.098000,408.34172240278167,8
2024-09-17 12:24:31.393000,408.3497139884616,96
2024-09-17 12:24:31.436000,408.3495802660086,12
2024-09-17 12:24:31.508000,408.3581023942669,5
2024-09-17 12:24:31.595000,408.3640483308117,99
2024-09-17 12:24:31.613000,408.3726887637236,5
2024-09-17 12:24:31.861000,408.344673016668,12
2024-09-17 12:24:31.949000,408.3656135419128,100
2024-09-17 12:24:32.097000,408.3757303466583,103
2024-09-17 12:24:32.227000,408.3323540562658,11
2024-09-17 12:24:32.238000,408.337034179881,8
2024-09-17 12:24:32.239000,408.3703883815817,97
2024-09-17 12:24:32.267000,408.3724747389706,1001
2024-09-17 12:24:32.271000,408.3514964531248,999
2024-09-17 12:24:32.475000,408.3710401475834,10
2024-09-17 12:24:32.520000,408.3572079161923,1001
2024-09-17 12:24:32.527000,408.37241067414647,104
2024-09-17 12:24:32.735000,408.3801347191236,14
2024-09-17 12:24:32.906000,408.3676697035149,96
2024-09-17 12:24:32.929000,408.3741637364949,13
2024-09-17 12:24:32.952000,408.3368626751167,15
2024-09-17 12:24:33.019000,408.3468972852371,7
2024-09-17 12:24:33.150000,408.2748657685976,998
2024-09-17 12:24:33.189000,408.2642755644304,96
2024-09-17 12:24:33.532000,408.263603250973,96
2024-09-17 12:24:33.563000,408.3619881197229,101
2024-09-17 12:24:33.636000,408.2974731009604,10
2024-09-17 12:24:33.641000,408.2891291498411,103
2024-09-17 12:24:33.677000,408.281050567298,104
2024-09-17 12:24:33.679000,408.2704434074863,998
2024-09-17 12:24:33.689000,408.2878540184374,999
2024-09-17 12:24:33.714000,408.2781282926508,13
2024-09-17 12:24:33.731000,408.3339374898086,1001
2024-09-17 12:24:33.772000,408.3283036091372,101
2024-09-17 12:24:33.854000,408.2617023274696,96
2024-09-17 12:24:33.998000,408.2587694098897,1004
2024-09-17 12:24:34.111000,408.2342689024604,7
2024-09-17 12:24:34.117000,408.25087879318113,99
2024-09-17 12:24:34.203000,408.2254841971883,100
2024-09-17 12:24:34.356000,408.23165994480894,95
2024-09-17 12:24:34.370000,408.2255196577733,102
2024-09-17 12:24:34.374000,408.2482108934004,5
2024-09-17 12:24:34.571000,408.21711023590257,101
2024-09-17 12:24:34.628000,408.2644195665608,999
2024-09-17 12:24:34.715000,408.2634725658412,104
2024-09-17 12:24:34.728000,408.2118440201956,1002
2024-09-17 12:24:34.821000,408.2386166288974,101
2024-09-17 12:24:35.095000,408.2189614805376,1003
2024-09-17 12:24:35.180000,408.1983601144496,104
2024-09-17 12:24:35.218000,408.21684231188055,1000
2024-09-17 12:24:35.368000,408.2155777686029,15
2024-09-17 12:24:35.383000,408.2101927555679,999
2024-09-17 12:24:35.396000,408.19852244802064,102
2024-09-17 12:24:35.458000,408.2085757225298,1004
2024-09-17 12:24:35.585000,408.2078562524114,101
2024-09-17 12:24:35.628000,408.2280275777978,1000
2024-09-17 12:24:35.874000,408.1990138966027,104
2024-09-17 12:24:36.119000,408.2296106592713,99
2024-09-17 12:24:36.136000,408.1799766117548,1002
2024-09-17 12:24:36.207000,408.2366160694624,996
2024-09-17 12:24:36.218000,408.1876297581179,103
2024-09-17 12:24:36.230000,408.2080789975484,999
2024-09-17 12:24:36.297000,408.231774864917,105
2024-09-17 12:24:36.430000,408.18435800452943,1005
2024-09-17 12:24:36.438000,408.1708831023428,1002
2024-09-17 12:24:36.443000,408.2386231522075,14
2024-09-17 12:24:36.450000,408.1664212792312,101
2024-09-17 12:24:36.536000,408.2171944091587,1005
2024-09-17 12:24:36.538000,408.221619941824,14
2024-09-17 12:24:36.547000,408.2281481981423,101
2024-09-17 12:24:36.556000,408.1821818365668,15
2024-09-17 12:24:36.608000,408.2471176560565,100
2024-09-17 12:24:36.617000,408.2396585610642,105
2024-09-17 12:24:36.701000,408.2509886424548,12
2024-09-17 12:24:36.775000,408.1805472984093,996
2024-09-17 12:24:36.822000,408.2341444855465,96
2024-09-17 12:24:36.861000,408.21246285685504,1004
2024-09-17 12:24:36.891000,408.25055338611713,104
2024-09-17 12:24:37.503000,408.2087202586262,996
2024-09-17 12:24:37.920000,408.2215989373288,101
2024-09-17 12:24:38.090000,408.1815403306747,14
2024-09-17 12:24:38.205000,408.195216560964,1001
2024-09-17 12:24:38.432000,408.201551640024,12
2024-09-17 12:24:38.452000,408.14952874749866,8
2024-09-17 12:24:38.728000,408.1539964858025,1002
2024-09-17 12:24:38.843000,408.1888981272055,10
2024-09-17 12:24:39.027000,408.078743301551,101
2024-09-17 12:24:39.073000,408.1365023668697,97
2024-09-17 12:24:39.074000,408.1064979937842,101
2024-09-17 12:24:39.084000,408.157464456089,99
2024-09-17 12:24:39.093000,408.15818849931,12
2024-09-17 12:24:39.119000,408.1548728688932,101
2024-09-17 12:24:39.157000,408.0980457580984,14
2024-09-17 12:24:39.213000,408.13224829419073,103
2024-09-17 12:24:39.247000,408.1449527865067,11
2024-09-17 12:24:39.346000,408.10768057591656,96
2024-09-17 12:24:39.362000,408.15045666298886,1005
2024-09-17 12:24:39.366000,408.1490682814626,1001
2024-09-17 12:24:39.385000,408.11890990977497,102
2024-09-17 12:24:39.452000,408.14362202210566,995
2024-09-17 12:24:39.516000,408.1313397848321,101
2024-09-17 12:24:39.629000,408.079720951398,96
2024-09-17 12:24:39.642000,408.132985561431,104
2024-09-17 12:24:39.654000,408.141533351966,104
2024-09-17 12:24:39.654000,408.1117175927174,13
2024-09-17 12:24:39.669000,408.0992208593564,5
2024-09-17 12:24:39.751000,408.0871804147073,103
2024-09-17 12:24:39.752000,408.1571574422659,11
2024-09-17 12:24:39.859000,408.09811918990727,10
2024-09-17 12:24:39.911000,408.125244383333,15
2024-09-17 12:24:39.945000,408.1077162266296,996
2024-09-17 12:24:39.957000,408.1446884785416,105
2024-09-17 12:24:39.993000,408.13793427063086,105
2024-09-17 12:24:40.263000,408.1379520177844,95
2024-09-17 12:24:40.383000,408.1524917820634,996
2024-09-17 12:24:41.107000,408.136705516758,98
2024-09-17 12:24:42.073000,408.2356465585544,104
2024-09-17 12:24:42.088000,408.2705260016795,996
2024-09-17 12:24:42.128000,408.2166227899261,95
2024-09-17 12:24:42.137000,408.2489472885749,1000
2024-09-17 12:24:42.147000,408.1717904799359,104
2024-09-17 12:24:42.305000,408.1451581976136,1001
2024-09-17 12:24:42.309000,408.2535361985161,6
2024-09-17 12:24:42.384000,408.261073599121,5
2024-09-17 12:24:42.475000,408.1768091191594,103
2024-09-17 12:24:42.561000,408.2399385550017,96
2024-09-17 12:24:42.665000,408.2554712832124,6
2024-09-17 12:24:42.672000,408.14402144917057,995
2024-09-17 12:24:42.721000,408.1972670446727,102
2024-09-17 12:24:42.732000,408.2699842125842,104
2024-09-17 12:24:42.741000,408.20965088464544,14
2024-09-17 12:24:42.833000,408.2670429113373,1000
2024-09-17 12:24:42.928000,408.1540372677054,10
2024-09-17 12:24:42.973000,408.2167171437454,996
2024-09-17 12:24:42.978000,408.20900142044826,1003
2024-09-17 12:24:42.987000,408.2161308684061,104
2024-09-17 12:24:43.067000,408.2663519795702,1002
2024-09-17 12:24:43.100000,408.27913582629634,999
2024-09-17 12:24:43.424000,408.2712913518504,5
2024-09-17 12:24:43.436000,408.2473467683703,12
2024-09-17 12:24:43.459000,408.2786264111714,5
2024-09-17 12:24:43.508000,408.23976288453895,1001
2024-09-17 12:24:43.617000,408.2787857523553,98
2024-09-17 12:24:43.778000,408.268181073939,8
2024-09-17 12:24:43.806000,408.2703137998832,14
2024-09-17 12:24:43.807000,408.2531893333736,1002
2024-09-17 12:24:43.820000,408.2518299296174,15
2024-09-17 12:24:43.970000,408.2779945167048,1002
2024-09-17 12:24:43.995000,408.2716845750261,9
2024-09-17 12:24:44.040000,408.25907499738827,97
2024-09-17 12:24:44.097000,408.2482372785729,14
2024-09-17 12:24:44.119000,408.2553566540638,96
2024-09-17 12:24:44.144000,408.2078019936265,12
2024-09-17 12:24:44.213000,408.28078819356097,5
2024-09-17 12:24:44.214000,408.2607073200074,95
2024-09-17 12:24:44.217000,408.2787589300118,100
2024-09-17 12:24:44.303000,408.2620275038349,1003
2024-09-17 12:24:44.312000,408.2791754183803,14
2024-09-17 12:24:44.370000,408.2577393653414,103
2024-09-17 12:24:44.547000,408.2424353892116,104
2024-09-17 12:24:44.654000,408.228994724437,103
2024-09-17 12:24:44.708000,408.272281668877,1000
2024-09-17 12:24:44.721000,408.2206238046628,9
2024-09-17 12:24:44.727000,408.2949381362463,1002
2024-09-17 12:24:44.733000,408.25190388831055,14
2024-09-17 12:24:44.772000,408.2596268398439,14
2024-09-17 12:24:44.786000,408.27875063796586,1004
2024-09-17 12:24:44.906000,408.2522919956064,6
2024-09-17 12:24:45.050000,408.257409700062,9
2024-09-17 12:24:45.080000,408.250707871744,996
2024-09-17 12:24:45.133000,408.2587880490619,5
2024-09-17 12:24:45.148000,408.2507835832649,996
2024-09-17 12:24:45.168000,408.2455255862254,10
2024-09-17 12:24:45.233000,408.2435181355577,99
2024-09-17 12:24:45.330000,408.1989626433655,1002
2024-09-17 12:24:45.344000,408.2122267435673,12
2024-09-17 12:24:45.428000,408.2382918368029,99
2024-09-17 12:24:45.430000,408.24990257454,995
2024-09-17 12:24:45.449000,408.2085614632911,97
2024-09-17 12:24:45.465000,408.2369491663473,995
2024-09-17 12:24:45.513000,408.230646556545,95
2024-09-17 12:24:45.536000,408.2251162897073,7
2024-09-17 12:24:45.544000,408.26070179573367,95
2024-09-17 12:24:45.575000,408.2284000182438,995
2024-09-17 12:24:45.581000,408.2166537495584,105
2024-09-17 12:24:45.601000,408.26267208734254,99
2024-09-17 12:24:45.604000,408.2578150630035,98
2024-09-17 12:24:45.688000,408.2006451737833,997
2024-09-17 12:24:45.698000,408.2590216316268,99
2024-09-17 12:24:45.753000,408.22463727632544,103
2024-09-17 12:24:45.806000,408.21676010288337,96
2024-09-17 12:24:45.852000,408.19936759074113,12
2024-09-17 12:24:45.939000,408.2191727067558,1000
2024-09-17 12:24:45.975000,408.2196996895795,996
2024-09-17 12:24:46.065000,408.2642284932715,1001
2024-09-17 12:24:46.142000,408.2621465686064,1005
2024-09-17 12:24:46.168000,408.2603131594333,97
2024-09-17 12:24:46.177000,408.2101820789424,99
2024-09-17 12:24:46.196000,408.2463288309714,95
2024-09-17 12:24:46.407000,408.2593230495195,9
2024-09-17 12:24:46.490000,408.2343844413915,97
2024-09-17 12:24:46.516000,408.22870278238696,99
2024-09-17 12:24:46.563000,408.2350435484631,15
2024-09-17 12:24:46.615000,408.2415504753227,13
2024-09-17 12:24:46.637000,408.2207108804723,97
2024-09-17 12:24:46.698000,408.2300613175976,105
2024-09-17 12:24:46.741000,408.22721990793264,102
2024-09-17 12:24:46.757000,408.2312883108667,997
2024-09-17 12:24:46.764000,408.2667554655157,995
2024-09-17 12:24:46.844000,408.21889172707273,105
2024-09-17 12:24:46.884000,408.23452719325326,104
2024-09-17 12:24:46.904000,408.2385635702017,10
2024-09-17 12:24:46.973000,408.2291086958491,96
2024-09-17 12:24:47.030000,408.1499718442661,105
2024-09-17 12:24:47.046000,408.1997806173771,1001
2024-09-17 12:24:47.057000,408.18160473268256,12
2024-09-17 12:24:47.089000,408.1635677116402,1000
2024-09-17 12:24:47.141000,408.249912903559,15
2024-09-17 12:24:47.207000,408.1821453830228,1003
2024-09-17 12:24:47.220000,408.23901820152497,98
2024-09-17 12:24:47.231000,408.240352078691,99
2024-09-17 12:24:47.235000,408.2102767508801,14
2024-09-17 12:24:47.277000,408.15777979172015,10
2024-09-17 12:24:47.291000,408.16627000457055,9
2024-09-17 12:24:47.415000,408.17491205047264,98
2024-09-17 12:24:47.445000,408.23190350733177,14
2024-09-17 12:24:47.511000,408.1655587813578,95
2024-09-17 12:24:47.530000,408.1612640218591,1005
2024-09-17 12:24:47.575000,408.2415599237221,10
2024-09-17 12:24:47.618000,408.1622047653795,13
2024-09-17 12:24:47.712000,408.1702570723649,96
2024-09-17 12:24:47.747000,408.1518478198386,999
2024-09-17 12:24:47.749000,408.17127293009366,100
2024-09-17 12:24:47.973000,408.22004228734886,7
2024-09-17 12:24:48.038000,408.19221282237504,5
2024-09-17 12:24:48.047000,408.18898218667874,996
2024-09-17 12:24:48.064000,408.1876593896391,995
2024-09-17 12:24:48.134000,408.1811129287845,15
2024-09-17 12:24:48.153000,408.1940472909564,8
2024-09-17 12:24:48.203000,408.2034946675313,1001
2024-09-17 12:24:48.273000,408.1603224152219,1005
2024-09-17 12:24:48.736000,408.18820514066766,97
2024-09-17 12:24:48.815000,408.1879816616606,10
2024-09-17 12:24:48.834000,408.2008785286907,999
2024-09-17 12:24:48.861000,408.1911428266541,997
2024-09-17 12:24:48.875000,408.18366629166246,15
2024-09-17 12:24:48.980000,408.1853860401084,1003
2024-09-17 12:24:49.158000,408.1988565869518,96
2024-09-17 12:24:49.370000,408.2023666838846,999
2024-09-17 12:24:51.017000,408.2213797766903,996
2024-09-17 12:24:51.159000,408.2150224311022,1000
2024-09-17 12:24:51.360000,408.2207793610772,97
2024-09-17 12:24:51.495000,408.22726677404745,104
2024-09-17 12:24:51.548000,408.21223733280334,14
2024-09-17 12:24:51.595000,408.2051385029978,8
2024-09-17 12:24:51.598000,408.2129132221288,5
2024-09-17 12:24:51.629000,408.1928894629727,1000
2024-09-17 12:24:51.657000,408.2073374748489,11
2024-09-17 12:24:51.715000,408.2093983722264,999
2024-09-17 12:24:51.742000,408.1971282837432,98
2024-09-17 12:24:51.832000,408.1960534106169,8
2024-09-17 12:24:51.913000,408.2236545626758,96
2024-09-17 12:24:51.976000,408.2273703056288,5
2024-09-17 12:24:52.028000,408.1101248452508,1000
2024-09-17 12:24:52.049000,408.1740849792281,103
2024-09-17 12:24:52.100000,408.1893311963608,6
2024-09-17 12:24:52.179000,408.0884687170287,998
2024-09-17 12:24:52.286000,408.119526169602,96
2024-09-17 12:24:52.324000,408.150861186445,997
2024-09-17 12:24:52.390000,408.11565899468405,104
2024-09-17 12:24:52.480000,408.1634959582788,6
2024-09-17 12:24:52.522000,408.2320796073213,13
2024-09-17 12:24:52.540000,408.2145081524732,101
2024-09-17 12:24:52.644000,408.2127832975478,14
2024-09-17 12:24:52.757000,408.115517951614,7
2024-09-17 12:24:52.766000,408.0962822512953,101
2024-09-17 12:24:52.770000,408.1264069459372,99
2024-09-17 12:24:52.811000,408.2157497442535,1003
2024-09-17 12:24:52.819000,408.2186859740422,11
2024-09-17 12:24:52.854000,408.20439876412894,1000
2024-09-17 12:24:52.884000,408.1143577729249,1000
2024-09-17 12:24:52.900000,408.1117054047445,104
2024-09-17 12:24:53.019000,408.1134679856898,96
2024-09-17 12:24:53.105000,408.0542704557596,11
2024-09-17 12:24:53.118000,408.0726047271784,97
2024-09-17 12:24:53.170000,408.1276856156498,999
2024-09-17 12:24:53.235000,408.0559422904912,15
2024-09-17 12:24:53.266000,408.0927160921876,98
2024-09-17 12:24:53.318000,408.1084341468604,999
2024-09-17 12:24:53.367000,408.0852939248932,9
2024-09-17 12:24:53.377000,408.1017404622245,96
2024-09-17 12:24:53.436000,408.0971481632175,995
2024-09-17 12:24:53.469000,408.0915030085986,98
2024-09-17 12:24:53.514000,408.082076922379,6
2024-09-17 12:24:53.596000,408.08261020132335,95
2024-09-17 12:24:53.648000,408.08326455769577,1005
2024-09-17 12:24:53.685000,408.0699866296708,1000
2024-09-17 12:24:53.711000,408.0895650943429,1001
2024-09-17 12:24:53.837000,408.0669191266199,97
2024-09-17 12:24:53.857000,408.10256185624667,99
2024-09-17 12:24:53.938000,408.0483459566343,95
2024-09-17 12:24:53.958000,408.073621402174,105
2024-09-17 12:24:53.965000,408.052177922114,104
2024-09-17 12:24:54.873000,408.0545196158311,1003
2024-09-17 12:24:55.085000,408.0488610220028,1005
2024-09-17 12:24:55.132000,408.01606523896095,102
2024-09-17 12:24:55.144000,407.9886789105299,14
2024-09-17 12:24:55.220000,408.002365695378,100
2024-09-17 12:24:55.229000,407.99247914136834,103
2024-09-17 12:24:55.282000,408.049529032657,98
2024-09-17 12:24:55.326000,408.0029585610361,7
2024-09-17 12:24:55.564000,408.0137827393841,103
2024-09-17 12:24:55.675000,408.0532293749378,102
2024-09-17 12:24:55.732000,408.00572265034737,98
2024-09-17 12:24:55.764000,408.0395117135269,999
2024-09-17 12:24:55.862000,408.020289255479,99
2024-09-17 12:24:55.883000,408.0130713004447,7
2024-09-17 12:24:55.896000,408.0025270327427,997
2024-09-17 12:24:55.949000,407.9973311429477,7
2024-09-17 12:24:55.949000,408.0302218770746,997
2024-09-17 12:24:55.989000,407.9789329686984,104
2024-09-17 12:24:57.070000,407.98509806667386,1005
2024-09-17 12:24:57.117000,408.0153660984415,98
2024-09-17 12:24:57.375000,408.0299887204501,98
2024-09-17 12:24:57.416000,408.0120234261329,11
2024-09-17 12:24:57.470000,407.9986032487452,11
2024-09-17 12:24:57.536000,407.9783524226413,5
2024-09-17 12:24:57.746000,408.0288573756718,95
2024-09-17 12:24:57.894000,407.9844129519153,1000
2024-09-17 12:24:58.809000,408.032120035034,1004
2024-09-17 12:24:58.898000,408.0166575377973,1000
2024-09-17 12:24:59.149000,408.0175396875969,5
