Timestamp,Price,Size
2024-09-19 10:42:00.043000,419.51579467478376,8
2024-09-19 10:42:01.048000,419.5275954319478,98
2024-09-19 10:42:01.200000,419.5308493837983,1003
2024-09-19 10:42:01.426000,419.52009745506433,995
2024-09-19 10:42:01.568000,419.5220944545216,95
2024-09-19 10:42:01.630000,419.5121411758228,97
2024-09-19 10:42:01.649000,419.52449048633423,15
2024-09-19 10:42:01.679000,419.5320237038818,102
2024-09-19 10:42:01.768000,419.522001286225,105
2024-09-19 10:42:01.874000,419.5045640845965,999
2024-09-19 10:42:01.894000,419.5199039189948,998
2024-09-19 10:42:02.051000,419.56675671673855,1001
2024-09-19 10:42:02.125000,419.5758552467077,10
2024-09-19 10:42:02.159000,419.48471539379113,104
2024-09-19 10:42:02.211000,419.5753232289503,1004
2024-09-19 10:42:02.213000,419.5594208252502,1004
2024-09-19 10:42:02.251000,419.49248846100977,5
2024-09-19 10:42:02.257000,419.5643356856591,14
2024-09-19 10:42:02.288000,419.46113510378086,1000
2024-09-19 10:42:02.323000,419.5106708395334,9
2024-09-19 10:42:02.384000,419.5246582045192,999
2024-09-19 10:42:02.393000,419.5623489772833,103
2024-09-19 10:42:02.411000,419.5219460136329,7
2024-09-19 10:42:02.432000,419.56818748371296,15
2024-09-19 10:42:02.434000,419.479362827174,1001
2024-09-19 10:42:02.449000,419.5077214553714,5
2024-09-19 10:42:02.493000,419.56355108802126,1001
2024-09-19 10:42:02.496000,419.5508620292409,96
2024-09-19 10:42:02.516000,419.4927343829708,997
2024-09-19 10:42:02.617000,419.5279707657656,1005
2024-09-19 10:42:02.625000,419.5158382111888,13
2024-09-19 10:42:02.709000,419.5042064147676,9
2024-09-19 10:42:02.759000,419.5368151112756,105
2024-09-19 10:42:02.787000,419.5271406191968,99
2024-09-19 10:42:02.804000,419.5215956596292,99
2024-09-19 10:42:02.937000,419.5647311471685,11
2024-09-19 10:42:03.098000,419.4736345883292,15
2024-09-19 10:42:03.105000,419.4645011465021,100
2024-09-19 10:42:03.147000,419.4840352787015,97
2024-09-19 10:42:03.223000,419.4905739087539,10
2024-09-19 10:42:03.233000,419.4810147213159,999
2024-09-19 10:42:03.278000,419.4771400751143,6
2024-09-19 10:42:03.293000,419.4831753456952,103
2024-09-19 10:42:03.341000,419.4783712968498,15
2024-09-19 10:42:03.413000,419.4781076214302,1002
2024-09-19 10:42:03.418000,419.4880059077151,99
2024-09-19 10:42:03.446000,419.487546207543,98
2024-09-19 10:42:03.467000,419.4634759938502,5
2024-09-19 10:42:03.482000,419.4914304457198,6
2024-09-19 10:42:03.532000,419.4744046369235,9
2024-09-19 10:42:03.650000,419.4548735049843,10
2024-09-19 10:42:03.661000,419.4811042848258,104
2024-09-19 10:42:03.702000,419.49081260351926,101
2024-09-19 10:42:03.708000,419.4708204031016,13
2024-09-19 10:42:03.717000,419.4919965409696,8
2024-09-19 10:42:03.723000,419.4891479225727,1002
2024-09-19 10:42:03.729000,419.4584912082024,98
2024-09-19 10:42:03.734000,419.4778750062935,11
2024-09-19 10:42:03.825000,419.4777942483573,95
2024-09-19 10:42:03.878000,419.4537703420172,1004
2024-09-19 10:42:03.917000,419.4608477108199,15
2024-09-19 10:42:03.993000,419.4896210515,1002
2024-09-19 10:42:04.008000,419.4491705491486,102
2024-09-19 10:42:04.040000,419.4666590966129,8
2024-09-19 10:42:04.044000,419.4569224262146,12
2024-09-19 10:42:04.055000,419.48008698640473,13
2024-09-19 10:42:04.087000,419.4164829959103,15
2024-09-19 10:42:04.092000,419.4192632282516,6
2024-09-19 10:42:04.165000,419.40536882839314,1003
2024-09-19 10:42:04.263000,419.4754641469157,105
2024-09-19 10:42:04.339000,419.4771346355744,101
2024-09-19 10:42:04.396000,419.3944551556236,100
2024-09-19 10:42:04.453000,419.4202954400044,7
2024-09-19 10:42:04.474000,419.4354300288715,104
2024-09-19 10:42:04.566000,419.4088698218848,9
2024-09-19 10:42:04.642000,419.397466776354,99
2024-09-19 10:42:04.697000,419.4071155952401,9
2024-09-19 10:42:04.701000,419.439958841779,15
2024-09-19 10:42:04.796000,419.4227845414817,1002
2024-09-19 10:42:04.878000,419.4533058468387,9
2024-09-19 10:42:04.910000,419.47833399925264,12
2024-09-19 10:42:05.032000,419.37332593949446,1000
2024-09-19 10:42:05.055000,419.37432429023903,8
2024-09-19 10:42:06.030000,419.3610873753928,5
2024-09-19 10:42:06.208000,419.4239068454409,13
2024-09-19 10:42:06.273000,419.3913787508451,1003
2024-09-19 10:42:06.315000,419.4022123614413,1000
2024-09-19 10:42:06.386000,419.3990739102667,9
2024-09-19 10:42:06.387000,419.40605405005687,11
2024-09-19 10:42:06.448000,419.3984660962332,995
2024-09-19 10:42:06.540000,419.4271045322948,5
2024-09-19 10:42:06.554000,419.3728802384578,99
2024-09-19 10:42:06.610000,419.3696344490171,995
2024-09-19 10:42:06.644000,419.3953616130594,1004
2024-09-19 10:42:06.652000,419.3824119499212,998
2024-09-19 10:42:06.700000,419.3818326844815,14
2024-09-19 10:42:06.760000,419.4087175346624,998
2024-09-19 10:42:06.793000,419.3580382529691,999
2024-09-19 10:42:06.861000,419.4169569409843,12
2024-09-19 10:42:06.876000,419.423704443235,999
2024-09-19 10:42:06.915000,419.4172286152286,101
2024-09-19 10:42:06.930000,419.412428358212,11
2024-09-19 10:42:06.937000,419.4001189174328,96
2024-09-19 10:42:06.963000,419.4170686151079,96
2024-09-19 10:42:07.147000,419.4595738060872,1000
2024-09-19 10:42:07.229000,419.45055123369946,97
2024-09-19 10:42:07.282000,419.4753555132463,1002
2024-09-19 10:42:07.434000,419.4939684591325,995
2024-09-19 10:42:07.555000,419.4202009253946,101
2024-09-19 10:42:07.582000,419.442110160692,1003
2024-09-19 10:42:07.739000,419.5037428988592,12
2024-09-19 10:42:07.796000,419.4916272512738,101
2024-09-19 10:42:07.825000,419.4272222390443,14
2024-09-19 10:42:08.302000,419.53417510739166,9
2024-09-19 10:42:08.341000,419.50137270398,1002
2024-09-19 10:42:08.672000,419.5021813402912,13
2024-09-19 10:42:08.860000,419.5294117514478,103
2024-09-19 10:42:08.881000,419.5100730062466,7
2024-09-19 10:42:08.933000,419.5180932560093,999
2024-09-19 10:42:08.964000,419.5148509038551,99
2024-09-19 10:42:09.146000,419.5242295482132,998
2024-09-19 10:42:09.208000,419.5199656609658,13
2024-09-19 10:42:09.432000,419.5190746040495,1003
2024-09-19 10:42:09.574000,419.5068520350855,1001
2024-09-19 10:42:09.714000,419.5372599624827,101
2024-09-19 10:42:09.876000,419.51452333209335,5
2024-09-19 10:42:09.920000,419.52494011616807,102
2024-09-19 10:42:10.042000,419.5250041693348,995
2024-09-19 10:42:10.047000,419.5214637748509,11
2024-09-19 10:42:10.070000,419.5576264516865,6
2024-09-19 10:42:10.332000,419.5083997046694,103
2024-09-19 10:42:10.338000,419.5536138250425,1005
2024-09-19 10:42:10.341000,419.5158237778717,1001
2024-09-19 10:42:10.376000,419.54509182847937,14
2024-09-19 10:42:10.480000,419.5211912288193,101
2024-09-19 10:42:10.514000,419.5236723323408,9
2024-09-19 10:42:10.625000,419.5053255350927,998
2024-09-19 10:42:10.773000,419.5414481932215,997
2024-09-19 10:42:10.811000,419.51098990515374,98
2024-09-19 10:42:10.866000,419.51973073328793,9
2024-09-19 10:42:11.184000,419.518234077264,11
2024-09-19 10:42:11.277000,419.5151161560403,998
2024-09-19 10:42:11.373000,419.52138610891006,102
2024-09-19 10:42:12.001000,419.5239730002767,14
2024-09-19 10:42:12.013000,419.5223989680069,1004
2024-09-19 10:42:12.043000,419.4703897257315,96
2024-09-19 10:42:12.057000,419.4979638271258,1003
2024-09-19 10:42:12.103000,419.4743579504163,1000
2024-09-19 10:42:12.198000,419.47817345759086,95
2024-09-19 10:42:12.271000,419.5210979005112,8
2024-09-19 10:42:12.300000,419.5093574452904,9
2024-09-19 10:42:12.307000,419.4912805746569,996
2024-09-19 10:42:12.308000,419.48824032545207,5
2024-09-19 10:42:12.312000,419.5159175832296,6
2024-09-19 10:42:12.323000,419.511185287841,103
2024-09-19 10:42:12.395000,419.5158697251184,998
2024-09-19 10:42:12.516000,419.5252976774368,1005
2024-09-19 10:42:12.526000,419.48415557339706,1002
2024-09-19 10:42:12.529000,419.47435876250887,9
2024-09-19 10:42:12.606000,419.4705095833377,12
2024-09-19 10:42:12.653000,419.4973958798403,101
2024-09-19 10:42:12.682000,419.5299740123341,1004
2024-09-19 10:42:12.742000,419.5258710484434,15
2024-09-19 10:42:12.760000,419.4882143732611,1000
2024-09-19 10:42:12.768000,419.4729200664659,995
2024-09-19 10:42:12.850000,419.5351160413184,96
2024-09-19 10:42:12.869000,419.4951590224409,995
2024-09-19 10:42:12.908000,419.4571059250686,104
2024-09-19 10:42:12.927000,419.5103751701383,1000
2024-09-19 10:42:12.936000,419.5367104886087,1002
2024-09-19 10:42:12.986000,419.5289379992048,7
2024-09-19 10:42:12.986000,419.495714615402,5
2024-09-19 10:42:12.986000,419.51919327202063,998
2024-09-19 10:42:13.082000,419.5069175309116,1004
2024-09-19 10:42:13.085000,419.4876999901179,1000
2024-09-19 10:42:13.103000,419.4924391784389,997
2024-09-19 10:42:13.150000,419.4909739419823,14
2024-09-19 10:42:13.275000,419.4889089946351,13
2024-09-19 10:42:13.302000,419.5013141553206,105
2024-09-19 10:42:13.662000,419.5113399875776,95
2024-09-19 10:42:13.700000,419.51170071899,97
2024-09-19 10:42:13.824000,419.4789087365089,104
2024-09-19 10:42:13.831000,419.5279472039079,97
2024-09-19 10:42:13.834000,419.5022298636049,1000
2024-09-19 10:42:13.838000,419.4965817966509,7
2024-09-19 10:42:14.050000,419.4599461297151,95
2024-09-19 10:42:14.344000,419.4762471526376,11
2024-09-19 10:42:14.494000,419.4817202007426,7
2024-09-19 10:42:14.523000,419.5132074324688,100
2024-09-19 10:42:14.574000,419.4743883555505,1000
2024-09-19 10:42:14.647000,419.4734528918638,1001
2024-09-19 10:42:14.751000,419.4899736760258,998
2024-09-19 10:42:15.007000,419.5147201843532,996
2024-09-19 10:42:15.062000,419.4876517441938,100
2024-09-19 10:42:15.334000,419.5226709385999,1003
2024-09-19 10:42:15.346000,419.52201293640746,100
2024-09-19 10:42:15.348000,419.50622667853753,995
2024-09-19 10:42:15.364000,419.5001017368519,105
2024-09-19 10:42:15.413000,419.5262424337368,998
2024-09-19 10:42:15.461000,419.4945082562736,99
2024-09-19 10:42:15.495000,419.5166032599898,101
2024-09-19 10:42:15.500000,419.5082515771561,100
2024-09-19 10:42:15.511000,419.5234126604895,14
2024-09-19 10:42:15.656000,419.4856171488304,1002
2024-09-19 10:42:15.736000,419.5293149922279,7
2024-09-19 10:42:15.801000,419.4897627218547,5
2024-09-19 10:42:15.828000,419.5165818191357,5
2024-09-19 10:42:15.862000,419.4900890092326,997
2024-09-19 10:42:15.929000,419.49856234296,100
2024-09-19 10:42:16.018000,419.5452644045329,105
2024-09-19 10:42:16.025000,419.5260023511342,995
2024-09-19 10:42:16.201000,419.5156732286821,998
2024-09-19 10:42:16.249000,419.519247615925,996
2024-09-19 10:42:16.336000,419.4737061778973,6
2024-09-19 10:42:16.354000,419.528786634402,98
2024-09-19 10:42:16.364000,419.5282453811755,1004
2024-09-19 10:42:16.466000,419.5020815340034,1002
2024-09-19 10:42:16.475000,419.5079253289164,12
2024-09-19 10:42:16.494000,419.4472152191025,101
2024-09-19 10:42:16.586000,419.5193962588502,96
2024-09-19 10:42:16.600000,419.4627993966594,103
2024-09-19 10:42:16.611000,419.5210530412317,95
2024-09-19 10:42:16.666000,419.5097215667772,10
2024-09-19 10:42:16.680000,419.4409491282799,100
2024-09-19 10:42:16.785000,419.5055645295864,998
2024-09-19 10:42:16.792000,419.4532269545199,14
2024-09-19 10:42:16.843000,419.5081583705263,5
2024-09-19 10:42:16.893000,419.5061618955822,996
2024-09-19 10:42:16.930000,419.46661216134873,9
2024-09-19 10:42:16.931000,419.5049111779567,95
2024-09-19 10:42:17.065000,419.433784402964,997
2024-09-19 10:42:17.124000,419.4381609432068,997
2024-09-19 10:42:17.160000,419.4421030376453,11
2024-09-19 10:42:17.179000,419.4132820108859,100
2024-09-19 10:42:17.267000,419.4810502326719,998
2024-09-19 10:42:17.388000,419.4323577827066,101
2024-09-19 10:42:17.418000,419.3897372056076,1000
2024-09-19 10:42:17.439000,419.4964870043884,96
2024-09-19 10:42:17.576000,419.4206162580767,5
2024-09-19 10:42:17.691000,419.4850986824991,95
2024-09-19 10:42:17.747000,419.4746365200687,102
2024-09-19 10:42:17.761000,419.4711990369587,1005
2024-09-19 10:42:17.891000,419.3999942087359,1000
2024-09-19 10:42:17.943000,419.3986441632786,13
2024-09-19 10:42:18.020000,419.3982567918357,14
2024-09-19 10:42:18.182000,419.3747343040946,102
2024-09-19 10:42:18.250000,419.36876276017705,97
2024-09-19 10:42:18.267000,419.36149700165873,6
2024-09-19 10:42:18.280000,419.3599530472457,11
2024-09-19 10:42:18.311000,419.3835262097963,996
2024-09-19 10:42:18.384000,419.40068599027967,15
2024-09-19 10:42:18.417000,419.36777939893767,95
2024-09-19 10:42:18.561000,419.3843526628223,15
2024-09-19 10:42:18.572000,419.3785029246656,8
2024-09-19 10:42:18.651000,419.3710902529674,6
2024-09-19 10:42:18.699000,419.37427625266935,9
2024-09-19 10:42:18.699000,419.3747801912729,12
2024-09-19 10:42:18.706000,419.4009783521138,997
2024-09-19 10:42:18.713000,419.3975644560125,998
2024-09-19 10:42:18.728000,419.38600789832464,97
2024-09-19 10:42:18.809000,419.3711284873333,1000
2024-09-19 10:42:18.963000,419.4075468283684,998
2024-09-19 10:42:19.015000,419.4366979053628,10
2024-09-19 10:42:19.047000,419.3841978495872,1003
2024-09-19 10:42:19.140000,419.3849772128174,96
2024-09-19 10:42:19.159000,419.42298915652265,7
2024-09-19 10:42:19.168000,419.4248131298056,9
2024-09-19 10:42:19.217000,419.3780094931134,10
2024-09-19 10:42:19.285000,419.4131254075619,102
2024-09-19 10:42:19.328000,419.4265839833054,100
2024-09-19 10:42:19.360000,419.421488556809,7
2024-09-19 10:42:19.514000,419.3857269687804,103
2024-09-19 10:42:19.524000,419.3713667467492,997
2024-09-19 10:42:19.584000,419.41272407833793,1005
2024-09-19 10:42:19.612000,419.3765913666614,1002
2024-09-19 10:42:19.626000,419.4318347422467,105
2024-09-19 10:42:19.687000,419.42935337723407,1003
2024-09-19 10:42:19.719000,419.4238724561682,1004
2024-09-19 10:42:19.733000,419.384836248823,997
2024-09-19 10:42:19.825000,419.4264582673734,998
2024-09-19 10:42:19.898000,419.3645320434367,13
2024-09-19 10:42:19.908000,419.3749698421727,11
2024-09-19 10:42:19.909000,419.4336729935177,95
2024-09-19 10:42:19.948000,419.38582080620114,1004
2024-09-19 10:42:20.789000,419.4059247183541,96
2024-09-19 10:42:20.864000,419.4174913247062,9
2024-09-19 10:42:21.013000,419.42478428775047,996
2024-09-19 10:42:22.003000,419.4173807090336,996
2024-09-19 10:42:22.093000,419.43256704837216,102
2024-09-19 10:42:22.177000,419.4606802064697,98
2024-09-19 10:42:22.302000,419.4232660241918,1005
2024-09-19 10:42:22.333000,419.4512405547966,97
2024-09-19 10:42:22.431000,419.4468122849855,103
2024-09-19 10:42:22.453000,419.4306663521458,104
2024-09-19 10:42:22.467000,419.44151013269766,9
2024-09-19 10:42:22.509000,419.4667518907066,999
2024-09-19 10:42:22.556000,419.4354143310141,96
2024-09-19 10:42:22.686000,419.4352622925353,997
2024-09-19 10:42:22.883000,419.4081437657107,102
2024-09-19 10:42:23.082000,419.4337595131241,12
2024-09-19 10:42:23.258000,419.4779704081129,14
2024-09-19 10:42:23.273000,419.47698878103984,1001
2024-09-19 10:42:23.300000,419.47585223261495,103
2024-09-19 10:42:23.366000,419.4898690329805,1005
2024-09-19 10:42:23.395000,419.4818187836308,5
2024-09-19 10:42:23.483000,419.4318800776933,9
2024-09-19 10:42:23.701000,419.4394951232938,13
2024-09-19 10:42:23.797000,419.45675059668304,1000
2024-09-19 10:42:23.892000,419.4187736726042,14
2024-09-19 10:42:23.937000,419.4673495815813,995
2024-09-19 10:42:23.961000,419.4316447141673,997
2024-09-19 10:42:24.029000,419.6198450288225,8
2024-09-19 10:42:24.055000,419.53192794035135,14
2024-09-19 10:42:24.118000,419.5045662013664,8
2024-09-19 10:42:24.165000,419.47657068430806,997
2024-09-19 10:42:24.253000,419.5465045182829,15
2024-09-19 10:42:24.262000,419.517251331445,6
2024-09-19 10:42:24.365000,419.5212763484453,13
2024-09-19 10:42:24.425000,419.5847249537169,9
2024-09-19 10:42:24.426000,419.58373119907776,14
2024-09-19 10:42:24.469000,419.47887659282327,96
2024-09-19 10:42:24.499000,419.47332224699545,1005
2024-09-19 10:42:24.532000,419.5656798899096,1003
2024-09-19 10:42:24.591000,419.5762167148213,96
2024-09-19 10:42:24.608000,419.5249892682874,1004
2024-09-19 10:42:24.612000,419.60403588904063,995
2024-09-19 10:42:24.684000,419.5105055072076,15
2024-09-19 10:42:24.702000,419.5046714072767,105
2024-09-19 10:42:24.743000,419.5954103405191,12
2024-09-19 10:42:24.754000,419.4815419398012,13
2024-09-19 10:42:24.766000,419.5817100857773,100
2024-09-19 10:42:24.898000,419.5299036592331,8
2024-09-19 10:42:24.916000,419.5491650692079,99
2024-09-19 10:42:24.962000,419.54812267503854,14
2024-09-19 10:42:25.138000,419.6209794590492,95
2024-09-19 10:42:25.402000,419.6508456290461,1001
2024-09-19 10:42:25.453000,419.6400531027695,1004
2024-09-19 10:42:25.501000,419.6407323222704,14
2024-09-19 10:42:25.528000,419.6459788342173,96
2024-09-19 10:42:25.571000,419.6389948699071,96
2024-09-19 10:42:25.580000,419.63398334105534,100
2024-09-19 10:42:25.676000,419.6160559918037,12
2024-09-19 10:42:26.013000,419.65977078154793,5
2024-09-19 10:42:26.115000,419.6884855379842,5
2024-09-19 10:42:26.146000,419.6749986359855,997
2024-09-19 10:42:26.148000,419.6770120419175,1001
2024-09-19 10:42:26.182000,419.6980728036464,5
2024-09-19 10:42:26.230000,419.69731879977735,1000
2024-09-19 10:42:26.246000,419.6919388570501,997
2024-09-19 10:42:26.274000,419.6605034517317,12
2024-09-19 10:42:26.290000,419.6675027587305,105
2024-09-19 10:42:26.326000,419.63325591163925,100
2024-09-19 10:42:26.333000,419.67351965938656,98
2024-09-19 10:42:26.345000,419.6478296518459,7
2024-09-19 10:42:26.401000,419.7011187862362,15
2024-09-19 10:42:26.409000,419.70326154901625,10
2024-09-19 10:42:26.413000,419.68653436096326,12
2024-09-19 10:42:26.430000,419.6540182024795,97
2024-09-19 10:42:26.439000,419.66051388824326,997
2024-09-19 10:42:26.588000,419.6511635044593,96
2024-09-19 10:42:26.681000,419.6992987374509,103
2024-09-19 10:42:26.745000,419.6868956919952,13
2024-09-19 10:42:26.758000,419.6576175766544,6
2024-09-19 10:42:26.802000,419.6911003013832,999
2024-09-19 10:42:26.918000,419.6926916247008,998
2024-09-19 10:42:27.057000,419.6588986340669,1001
2024-09-19 10:42:27.623000,419.6411016790549,14
2024-09-19 10:42:28.308000,419.6434959040228,995
2024-09-19 10:42:29.068000,419.67021623184576,99
2024-09-19 10:42:29.273000,419.6647567338935,100
2024-09-19 10:42:29.288000,419.6600935097114,14
2024-09-19 10:42:29.344000,419.6850776928703,14
2024-09-19 10:42:29.385000,419.6620298439914,5
2024-09-19 10:42:29.414000,419.6504881405968,9
2024-09-19 10:42:29.441000,419.6817519789132,99
2024-09-19 10:42:29.448000,419.6742399407142,98
2024-09-19 10:42:29.463000,419.66496106977104,1003
2024-09-19 10:42:29.560000,419.6807842747893,1004
2024-09-19 10:42:29.935000,419.6620472425793,11
2024-09-19 10:42:29.942000,419.6743628292912,996
2024-09-19 10:42:29.948000,419.6959039671647,13
2024-09-19 10:42:30.042000,419.6689498012214,11
2024-09-19 10:42:30.067000,419.6484715439376,15
2024-09-19 10:42:30.158000,419.6023351629955,101
2024-09-19 10:42:30.172000,419.6402567540296,997
2024-09-19 10:42:30.213000,419.6257750552525,101
2024-09-19 10:42:30.217000,419.655940757094,11
2024-09-19 10:42:30.240000,419.6367021148905,1000
2024-09-19 10:42:30.525000,419.5907223997659,1000
2024-09-19 10:42:30.528000,419.5948045764054,102
2024-09-19 10:42:30.550000,419.6157666170506,1003
2024-09-19 10:42:30.646000,419.6557428115975,1003
2024-09-19 10:42:30.698000,419.6666197418077,98
2024-09-19 10:42:30.744000,419.6598757876472,1000
2024-09-19 10:42:30.758000,419.62756775874806,1001
2024-09-19 10:42:30.910000,419.66134507660246,95
2024-09-19 10:42:31.029000,419.59664465520336,11
2024-09-19 10:42:31.094000,419.606680260277,101
2024-09-19 10:42:31.131000,419.60121990996544,1005
2024-09-19 10:42:31.311000,419.63404610529824,1005
2024-09-19 10:42:31.322000,419.60255322117,1002
2024-09-19 10:42:31.323000,419.6168027913163,97
2024-09-19 10:42:31.414000,419.6047818781494,103
2024-09-19 10:42:31.422000,419.61059006483606,1001
2024-09-19 10:42:31.471000,419.597446821757,1000
2024-09-19 10:42:31.538000,419.6329637446639,1004
2024-09-19 10:42:31.753000,419.60906718411104,15
2024-09-19 10:42:31.767000,419.5969091634138,11
2024-09-19 10:42:32.705000,419.6290845042392,98
2024-09-19 10:42:32.811000,419.61708158545474,102
2024-09-19 10:42:32.946000,419.6089607329773,1004
2024-09-19 10:42:33.938000,419.62307407124615,103
2024-09-19 10:42:34.199000,419.6262992186465,103
2024-09-19 10:42:34.332000,419.6121892724456,1002
2024-09-19 10:42:34.419000,419.6286662806796,100
2024-09-19 10:42:34.434000,419.6267233748253,995
2024-09-19 10:42:34.451000,419.64128124224845,98
2024-09-19 10:42:34.470000,419.6396059687948,14
2024-09-19 10:42:34.521000,419.626952556452,5
2024-09-19 10:42:34.554000,419.62332720096106,103
2024-09-19 10:42:34.562000,419.64551602315686,104
2024-09-19 10:42:34.594000,419.62990292526666,7
2024-09-19 10:42:34.703000,419.6713653662557,996
2024-09-19 10:42:34.711000,419.6021981111818,1001
2024-09-19 10:42:34.807000,419.6142150643774,96
2024-09-19 10:42:34.862000,419.6148219793921,101
2024-09-19 10:42:34.965000,419.62574404483246,96
2024-09-19 10:42:35.133000,419.635775377252,9
2024-09-19 10:42:35.181000,419.65749563761136,1005
2024-09-19 10:42:35.509000,419.66467234687065,105
2024-09-19 10:42:35.696000,419.6733846530887,1002
2024-09-19 10:42:35.845000,419.6699054724243,1003
2024-09-19 10:42:35.896000,419.6417278453867,1002
2024-09-19 10:42:35.963000,419.6570853280535,8
2024-09-19 10:42:36.047000,419.60562035289496,5
2024-09-19 10:42:36.086000,419.596123419154,104
2024-09-19 10:42:36.190000,419.6094729627709,12
2024-09-19 10:42:36.206000,419.6142190985787,999
2024-09-19 10:42:36.320000,419.6125537284407,97
2024-09-19 10:42:36.362000,419.5995193330656,5
2024-09-19 10:42:36.383000,419.62664312873096,9
2024-09-19 10:42:36.486000,419.619061347864,103
2024-09-19 10:42:36.496000,419.6103287162552,12
2024-09-19 10:42:36.505000,419.62071296289616,95
2024-09-19 10:42:36.533000,419.6310715313971,999
2024-09-19 10:42:36.546000,419.63881326625886,999
2024-09-19 10:42:36.550000,419.6377330927981,14
2024-09-19 10:42:36.601000,419.62610721992513,96
2024-09-19 10:42:36.650000,419.6217140631632,8
2024-09-19 10:42:36.690000,419.629914417412,6
2024-09-19 10:42:36.843000,419.60456818195934,998
2024-09-19 10:42:36.918000,419.60281420056,101
2024-09-19 10:42:36.931000,419.6273336987923,100
2024-09-19 10:42:36.978000,419.6089534869351,996
2024-09-19 10:42:36.981000,419.6177030099605,12
2024-09-19 10:42:36.989000,419.6146294020389,995
2024-09-19 10:42:38.081000,419.63827619071225,12
2024-09-19 10:42:38.094000,419.56101256230073,1001
2024-09-19 10:42:38.155000,419.6620785074316,99
2024-09-19 10:42:38.179000,419.5977133625975,10
2024-09-19 10:42:38.257000,419.6482594531313,14
2024-09-19 10:42:38.280000,419.64391378636026,1000
2024-09-19 10:42:38.414000,419.603755758785,1002
2024-09-19 10:42:38.527000,419.6354279870028,1000
2024-09-19 10:42:38.567000,419.64136182645495,96
2024-09-19 10:42:38.585000,419.57417384709953,9
2024-09-19 10:42:38.626000,419.6418951525839,6
2024-09-19 10:42:38.655000,419.6295354813932,95
2024-09-19 10:42:38.665000,419.6271750230519,1003
2024-09-19 10:42:38.694000,419.5822545259779,7
2024-09-19 10:42:38.697000,419.6373960103053,6
2024-09-19 10:42:38.833000,419.62194670187154,1000
2024-09-19 10:42:38.921000,419.6427145184552,7
2024-09-19 10:42:39.020000,419.6009282348208,1004
2024-09-19 10:42:39.028000,419.6059758561464,1002
2024-09-19 10:42:39.213000,419.60134637024765,9
2024-09-19 10:42:39.399000,419.5840975896152,998
2024-09-19 10:42:39.465000,419.5964923567411,101
2024-09-19 10:42:39.556000,419.6351317478523,97
2024-09-19 10:42:39.626000,419.62250500234455,1002
2024-09-19 10:42:39.691000,419.6276931925592,5
2024-09-19 10:42:39.716000,419.6165771292648,97
2024-09-19 10:42:39.737000,419.6141028873184,9
2024-09-19 10:42:39.743000,419.6113038352486,105
2024-09-19 10:42:39.792000,419.6134205423371,1001
2024-09-19 10:42:39.863000,419.6003775340819,1001
2024-09-19 10:42:39.943000,419.6058136167722,10
2024-09-19 10:42:39.987000,419.5928639392274,15
2024-09-19 10:42:39.987000,419.6143873313585,104
2024-09-19 10:42:39.995000,419.59037382920974,104
2024-09-19 10:42:39.999000,419.6017992365073,1004
2024-09-19 10:42:40.160000,419.5934905555512,1004
2024-09-19 10:42:40.289000,419.5968402775776,5
2024-09-19 10:42:40.490000,419.5871316844351,105
2024-09-19 10:42:40.549000,419.58859756329537,102
2024-09-19 10:42:40.685000,419.6088976964691,103
2024-09-19 10:42:40.779000,419.6010109007236,1003
2024-09-19 10:42:40.825000,419.605391693131,1001
2024-09-19 10:42:40.869000,419.5968303179104,14
2024-09-19 10:42:41.012000,419.6026278002624,14
2024-09-19 10:42:41.019000,419.63819724468976,101
2024-09-19 10:42:41.036000,419.5915391752266,6
2024-09-19 10:42:41.040000,419.62865384629487,101
2024-09-19 10:42:41.159000,419.59331775804,96
2024-09-19 10:42:41.227000,419.6450056194434,10
2024-09-19 10:42:41.354000,419.6099734254485,100
2024-09-19 10:42:41.386000,419.59672910202,1000
2024-09-19 10:42:41.394000,419.6033243462611,5
2024-09-19 10:42:41.396000,419.6015938058415,95
2024-09-19 10:42:41.538000,419.5933638293879,12
2024-09-19 10:42:41.552000,419.6002065421932,8
2024-09-19 10:42:41.574000,419.59202694685627,998
2024-09-19 10:42:41.697000,419.6008123311637,14
2024-09-19 10:42:41.752000,419.5913780546063,9
2024-09-19 10:42:41.774000,419.57778698844805,1004
2024-09-19 10:42:41.794000,419.5959980525205,95
2024-09-19 10:42:41.874000,419.60563570343135,999
2024-09-19 10:42:41.892000,419.592449334412,12
2024-09-19 10:42:41.897000,419.60978110706014,996
2024-09-19 10:42:41.909000,419.6020915741087,14
2024-09-19 10:42:41.951000,419.6067580592364,11
2024-09-19 10:42:41.981000,419.5795971533783,99
2024-09-19 10:42:41.996000,419.6249652829864,101
2024-09-19 10:42:42.010000,419.65134341482576,97
2024-09-19 10:42:42.109000,419.6305900734646,104
2024-09-19 10:42:42.150000,419.6080383324341,1003
2024-09-19 10:42:42.182000,419.6285371681827,13
2024-09-19 10:42:42.326000,419.6329373544043,13
2024-09-19 10:42:42.380000,419.6329368932601,9
2024-09-19 10:42:42.615000,419.6141392851924,999
2024-09-19 10:42:42.803000,419.63177280366045,1001
2024-09-19 10:42:42.874000,419.6400613320952,100
2024-09-19 10:42:42.902000,419.6243042696268,13
2024-09-19 10:42:42.966000,419.6454359329786,7
2024-09-19 10:42:43.240000,419.6001407356224,103
2024-09-19 10:42:43.269000,419.6040354663594,6
2024-09-19 10:42:43.347000,419.602838297382,996
2024-09-19 10:42:43.402000,419.6003268575172,99
2024-09-19 10:42:44.020000,419.63666483774574,104
2024-09-19 10:42:44.130000,419.6404712743753,100
2024-09-19 10:42:44.131000,419.63593379145016,1005
2024-09-19 10:42:44.150000,419.6382057744368,14
2024-09-19 10:42:44.341000,419.624289455562,998
2024-09-19 10:42:44.393000,419.64958188221584,9
2024-09-19 10:42:44.459000,419.6611862312705,996
2024-09-19 10:42:44.563000,419.6081589393906,9
2024-09-19 10:42:44.569000,419.6919298445055,104
2024-09-19 10:42:44.655000,419.6413383102693,1001
2024-09-19 10:42:44.667000,419.6330814126674,995
2024-09-19 10:42:44.702000,419.6344331900915,10
2024-09-19 10:42:44.702000,419.6166070175576,5
2024-09-19 10:42:44.741000,419.6458844155621,997
2024-09-19 10:42:44.752000,419.6294365362158,13
2024-09-19 10:42:44.823000,419.60750905395247,1001
2024-09-19 10:42:44.916000,419.6439376739242,103
2024-09-19 10:42:44.964000,419.6021309386056,999
2024-09-19 10:42:44.976000,419.6297151407787,101
2024-09-19 10:42:44.995000,419.6330189741546,6
2024-09-19 10:42:45.132000,419.6886552130681,105
2024-09-19 10:42:45.153000,419.68163589919294,997
2024-09-19 10:42:46.061000,419.6580734807783,104
2024-09-19 10:42:46.295000,419.6832888763764,995
2024-09-19 10:42:46.361000,419.6798575280049,997
2024-09-19 10:42:46.488000,419.6756734324485,996
2024-09-19 10:42:46.575000,419.67117019825855,15
2024-09-19 10:42:46.660000,419.6902574329538,99
2024-09-19 10:42:46.932000,419.6495469886351,97
2024-09-19 10:42:47.044000,419.7643632299982,9
2024-09-19 10:42:47.070000,419.70632137272975,9
2024-09-19 10:42:47.108000,419.7476774712726,100
2024-09-19 10:42:47.152000,419.72708445354885,9
2024-09-19 10:42:47.182000,419.757213682431,1005
2024-09-19 10:42:47.193000,419.7463917667268,1004
2024-09-19 10:42:47.256000,419.7211620924942,98
2024-09-19 10:42:47.291000,419.74581115514087,14
2024-09-19 10:42:47.294000,419.68444162385504,102
2024-09-19 10:42:47.338000,419.7637320907775,12
2024-09-19 10:42:47.376000,419.7428693939014,9
2024-09-19 10:42:47.393000,419.7471509832779,10
2024-09-19 10:42:47.398000,419.7376750990571,5
2024-09-19 10:42:47.433000,419.69409613080825,100
2024-09-19 10:42:47.481000,419.744537777803,1004
2024-09-19 10:42:47.634000,419.7382771336276,997
2024-09-19 10:42:47.636000,419.7101166023488,5
2024-09-19 10:42:47.751000,419.7268130186472,1000
2024-09-19 10:42:47.764000,419.69590654943744,996
2024-09-19 10:42:47.766000,419.6799259435392,1002
2024-09-19 10:42:47.831000,419.7162363508892,100
2024-09-19 10:42:47.866000,419.72349613411626,101
2024-09-19 10:42:47.893000,419.7265249715898,11
2024-09-19 10:42:47.894000,419.68938975152,10
2024-09-19 10:42:47.917000,419.7437629235865,10
2024-09-19 10:42:47.953000,419.745979086336,104
2024-09-19 10:42:47.954000,419.6692301538332,1001
2024-09-19 10:42:48.058000,419.77493523234,100
2024-09-19 10:42:48.062000,419.81315960121526,999
2024-09-19 10:42:48.088000,419.80554051594953,96
2024-09-19 10:42:48.088000,419.75211792863945,96
2024-09-19 10:42:48.112000,419.7698231198482,14
2024-09-19 10:42:48.272000,419.8028466330913,15
2024-09-19 10:42:48.338000,419.7640996745805,95
2024-09-19 10:42:48.415000,419.77387775807256,7
2024-09-19 10:42:48.417000,419.7945272216733,97
2024-09-19 10:42:48.438000,419.7777531509628,999
2024-09-19 10:42:48.614000,419.7630719397847,1003
2024-09-19 10:42:48.629000,419.7505941038684,15
2024-09-19 10:42:48.641000,419.7853372498295,14
2024-09-19 10:42:48.647000,419.7972761670941,996
2024-09-19 10:42:48.742000,419.7791205823427,7
2024-09-19 10:42:48.792000,419.789528474768,1001
2024-09-19 10:42:48.878000,419.7862603505847,5
2024-09-19 10:42:48.917000,419.7887887387889,10
2024-09-19 10:42:48.973000,419.7912436470961,995
2024-09-19 10:42:48.983000,419.76110362761966,5
2024-09-19 10:42:49.016000,419.7697156257877,100
2024-09-19 10:42:49.042000,419.75796459769407,13
2024-09-19 10:42:49.044000,419.788872096363,99
2024-09-19 10:42:49.086000,419.79014637700107,997
2024-09-19 10:42:49.090000,419.79294882239424,6
2024-09-19 10:42:49.109000,419.7822417115047,999
2024-09-19 10:42:49.115000,419.7658557335186,101
2024-09-19 10:42:49.248000,419.7804502894407,12
2024-09-19 10:42:49.359000,419.7742643641756,96
2024-09-19 10:42:49.366000,419.7857792888496,101
2024-09-19 10:42:49.438000,419.7878289364862,1000
2024-09-19 10:42:49.477000,419.7851419907366,998
2024-09-19 10:42:49.546000,419.78531079836586,14
2024-09-19 10:42:49.556000,419.7947931639167,14
2024-09-19 10:42:49.565000,419.7858448385317,95
2024-09-19 10:42:49.570000,419.7689431917716,6
2024-09-19 10:42:49.588000,419.7677642267263,8
2024-09-19 10:42:49.617000,419.7741241646863,1004
2024-09-19 10:42:49.637000,419.7815271821173,102
2024-09-19 10:42:49.662000,419.7841947242429,8
2024-09-19 10:42:49.802000,419.793227050719,1003
2024-09-19 10:42:49.804000,419.7556229919871,14
2024-09-19 10:42:49.929000,419.7507974505159,9
2024-09-19 10:42:50.008000,419.6525270611464,8
2024-09-19 10:42:50.010000,419.71491919760166,99
2024-09-19 10:42:50.064000,419.6302919388096,1003
2024-09-19 10:42:50.159000,419.75176639476086,1003
2024-09-19 10:42:50.181000,419.7548191429484,995
2024-09-19 10:42:50.188000,419.7084538032501,996
2024-09-19 10:42:50.226000,419.7532714655197,99
2024-09-19 10:42:50.227000,419.6871021263573,1001
2024-09-19 10:42:50.314000,419.75154498483977,1002
2024-09-19 10:42:50.331000,419.6668198429314,101
2024-09-19 10:42:50.378000,419.6775049851354,1001
2024-09-19 10:42:50.396000,419.62194822653726,97
2024-09-19 10:42:50.466000,419.7045047063576,95
2024-09-19 10:42:50.470000,419.7513522917224,101
2024-09-19 10:42:50.512000,419.6514112356696,97
2024-09-19 10:42:50.537000,419.7540037396102,1005
2024-09-19 10:42:50.639000,419.6565800302372,1003
2024-09-19 10:42:50.694000,419.7493684473853,8
2024-09-19 10:42:50.772000,419.6342614632959,6
2024-09-19 10:42:50.782000,419.68348131292464,995
2024-09-19 10:42:50.784000,419.7471893649485,1002
2024-09-19 10:42:50.792000,419.7354279651552,13
2024-09-19 10:42:50.795000,419.698165539472,5
2024-09-19 10:42:50.850000,419.6324348816911,98
2024-09-19 10:42:50.954000,419.7389413275096,101
2024-09-19 10:42:50.999000,419.6665023276736,101
2024-09-19 10:42:51.015000,419.5615029576487,14
2024-09-19 10:42:51.171000,419.5675563876705,104
2024-09-19 10:42:51.223000,419.5787093905486,100
2024-09-19 10:42:51.497000,419.57638140519,999
2024-09-19 10:42:51.520000,419.5806740821757,15
2024-09-19 10:42:51.558000,419.6052898187437,101
2024-09-19 10:42:51.640000,419.5785926713051,997
2024-09-19 10:42:51.697000,419.58024376772056,105
2024-09-19 10:42:51.705000,419.5744740931671,103
2024-09-19 10:42:51.706000,419.6240938505254,14
2024-09-19 10:42:51.789000,419.6478955217847,999
2024-09-19 10:42:51.886000,419.5698775851929,997
2024-09-19 10:42:51.892000,419.5768986752437,1000
2024-09-19 10:42:51.911000,419.56478570312,1004
2024-09-19 10:42:51.938000,419.6526021963657,995
2024-09-19 10:42:52.058000,419.57286327694896,1002
2024-09-19 10:42:52.074000,419.4868581906241,102
2024-09-19 10:42:52.143000,419.5497315432866,99
2024-09-19 10:42:52.245000,419.5650469986611,997
2024-09-19 10:42:52.254000,419.5699232652648,999
2024-09-19 10:42:52.325000,419.59855021198297,995
2024-09-19 10:42:52.354000,419.6137544333437,13
2024-09-19 10:42:52.359000,419.4886327252235,999
2024-09-19 10:42:52.550000,419.535028302938,9
2024-09-19 10:42:52.656000,419.5530125706896,12
2024-09-19 10:42:52.671000,419.565563310096,998
2024-09-19 10:42:52.673000,419.5087116238405,100
2024-09-19 10:42:52.729000,419.4952214928193,999
2024-09-19 10:42:52.759000,419.5225080869556,1001
2024-09-19 10:42:52.798000,419.4606844708626,104
2024-09-19 10:42:52.808000,419.5265496026416,99
2024-09-19 10:42:52.868000,419.5285070888459,1002
2024-09-19 10:42:53.014000,419.4487048775104,97
2024-09-19 10:42:53.017000,419.4977058990432,1001
2024-09-19 10:42:53.074000,419.4919141474953,8
2024-09-19 10:42:53.074000,419.4619201024576,95
2024-09-19 10:42:53.082000,419.460596394411,1002
2024-09-19 10:42:53.234000,419.470270473022,995
2024-09-19 10:42:53.340000,419.491125243692,96
2024-09-19 10:42:53.423000,419.4859997344424,95
2024-09-19 10:42:53.437000,419.4982578113247,99
2024-09-19 10:42:53.938000,419.4739175980215,1002
2024-09-19 10:42:53.978000,419.4891960816864,1001
2024-09-19 10:42:54.007000,419.49826904871645,9
2024-09-19 10:42:54.030000,419.5055271236608,997
2024-09-19 10:42:54.066000,419.4841569690726,14
2024-09-19 10:42:54.104000,419.48835798249866,99
2024-09-19 10:42:54.208000,419.48806077397353,102
2024-09-19 10:42:54.337000,419.4743374017729,10
2024-09-19 10:42:54.439000,419.49225041753726,105
2024-09-19 10:42:54.442000,419.50625005535306,9
2024-09-19 10:42:54.499000,419.48472128096057,98
2024-09-19 10:42:54.502000,419.4841722563432,15
2024-09-19 10:42:54.654000,419.4814135718785,1005
2024-09-19 10:42:55.069000,419.5482150779932,15
2024-09-19 10:42:55.132000,419.50788790721873,98
2024-09-19 10:42:55.301000,419.538444642468,100
2024-09-19 10:42:55.327000,419.53461129810375,1003
2024-09-19 10:42:55.396000,419.513768768352,1000
2024-09-19 10:42:55.444000,419.5087357256584,6
2024-09-19 10:42:55.469000,419.5156274664224,103
2024-09-19 10:42:55.506000,419.5170236788945,999
2024-09-19 10:42:55.526000,419.559836199251,103
2024-09-19 10:42:55.598000,419.50295698620687,101
2024-09-19 10:42:55.674000,419.5432751570163,995
2024-09-19 10:42:55.676000,419.5047293072847,1005
2024-09-19 10:42:55.697000,419.5217085854756,9
2024-09-19 10:42:55.848000,419.5480945771583,8
2024-09-19 10:42:55.959000,419.50467528628025,1005
2024-09-19 10:42:55.996000,419.497877013669,98
2024-09-19 10:42:55.998000,419.5187098459195,5
2024-09-19 10:42:56.086000,419.555192801371,98
2024-09-19 10:42:56.120000,419.54728578353206,10
2024-09-19 10:42:56.834000,419.5637006810354,1002
2024-09-19 10:42:57.053000,419.65348999014407,102
2024-09-19 10:42:57.081000,419.6441596507041,15
2024-09-19 10:42:57.102000,419.5629471778745,102
2024-09-19 10:42:57.173000,419.6157949489824,104
2024-09-19 10:42:57.283000,419.6276662725508,10
2024-09-19 10:42:57.318000,419.7262122848118,101
2024-09-19 10:42:57.337000,419.6349351953777,101
2024-09-19 10:42:57.457000,419.6920568755093,15
2024-09-19 10:42:57.469000,419.6500397727888,11
2024-09-19 10:42:57.565000,419.6860504590993,1002
2024-09-19 10:42:57.659000,419.6046715599368,995
2024-09-19 10:42:57.663000,419.6489597068314,998
2024-09-19 10:42:57.665000,419.62272544231126,95
2024-09-19 10:42:57.683000,419.6502420888109,995
2024-09-19 10:42:57.693000,419.5401855078176,1000
2024-09-19 10:42:57.696000,419.6269032267307,100
2024-09-19 10:42:57.697000,419.6966789248966,12
2024-09-19 10:42:57.898000,419.6817553167184,9
2024-09-19 10:42:57.902000,419.54971711410286,995
2024-09-19 10:42:57.924000,419.64908443953175,13
2024-09-19 10:42:57.928000,419.6081844907242,104
2024-09-19 10:42:57.954000,419.7021843007105,12
2024-09-19 10:42:57.956000,419.6058909750999,8
2024-09-19 10:42:57.966000,419.5992623907115,104
2024-09-19 10:42:57.984000,419.692569919906,1004
2024-09-19 10:42:58.118000,419.7963213610107,10
2024-09-19 10:42:58.132000,419.8061283603499,997
2024-09-19 10:42:58.177000,419.7310029982384,14
2024-09-19 10:42:58.212000,419.7483409129132,11
2024-09-19 10:42:58.240000,419.7759470406487,99
2024-09-19 10:42:58.425000,419.7685436756917,9
2024-09-19 10:42:58.513000,419.79094329311465,996
2024-09-19 10:42:58.856000,419.7800124188222,998
2024-09-19 10:42:58.981000,419.7719405673146,1003
2024-09-19 10:42:59.097000,419.796073081427,995
2024-09-19 10:42:59.159000,419.78549508313984,997
2024-09-19 10:42:59.171000,419.784984833284,997
2024-09-19 10:42:59.566000,419.7552557997894,5
2024-09-19 10:42:59.649000,419.7877662579381,13
2024-09-19 10:42:59.659000,419.7691259394616,13
2024-09-19 10:42:59.728000,419.7718172585427,11
2024-09-19 10:42:59.913000,419.7897098983118,100
