Timestamp,Price,Size
2024-09-18 15:18:00.022000,416.24114716776944,7
2024-09-18 15:18:00.053000,416.2649161219999,97
2024-09-18 15:18:00.115000,416.2558465628063,14
2024-09-18 15:18:00.235000,416.24280155627406,996
2024-09-18 15:18:00.238000,416.2803799872552,103
2024-09-18 15:18:00.309000,416.2552754311236,100
2024-09-18 15:18:00.318000,416.2521666252874,99
2024-09-18 15:18:00.334000,416.2835156381542,99
2024-09-18 15:18:00.433000,416.2428021632013,11
2024-09-18 15:18:00.580000,416.2633998997963,998
2024-09-18 15:18:00.631000,416.2743227477624,103
2024-09-18 15:18:00.952000,416.2655934337493,8
2024-09-18 15:18:01.049000,416.2648117830618,11
2024-09-18 15:18:01.052000,416.2664418621616,996
2024-09-18 15:18:01.091000,416.2583265034973,6
2024-09-18 15:18:01.104000,416.254806253276,100
2024-09-18 15:18:01.357000,416.28057790160494,1004
2024-09-18 15:18:01.422000,416.2487758780561,999
2024-09-18 15:18:01.452000,416.2509904764218,9
2024-09-18 15:18:01.472000,416.2605381977737,95
2024-09-18 15:18:01.560000,416.2738267722866,12
2024-09-18 15:18:01.687000,416.239142652985,8
2024-09-18 15:18:01.693000,416.2500570160522,97
2024-09-18 15:18:01.871000,416.2627796297096,8
2024-09-18 15:18:01.923000,416.25173422989945,100
2024-09-18 15:18:01.983000,416.2731499114972,998
2024-09-18 15:18:02.071000,416.29470641823815,8
2024-09-18 15:18:02.146000,416.3064624445001,1004
2024-09-18 15:18:02.171000,416.2834932975407,998
2024-09-18 15:18:02.555000,416.3090174128326,5
2024-09-18 15:18:02.606000,416.286575674881,11
2024-09-18 15:18:02.672000,416.2806020862439,98
2024-09-18 15:18:02.806000,416.3007057464391,97
2024-09-18 15:18:02.894000,416.28646585746327,99
2024-09-18 15:18:02.904000,416.2949745345143,105
2024-09-18 15:18:02.912000,416.2840300530901,1000
2024-09-18 15:18:02.967000,416.30377323585833,12
2024-09-18 15:18:02.980000,416.3060852874484,95
2024-09-18 15:18:03.016000,416.24214121911183,101
2024-09-18 15:18:03.089000,416.2781016126563,11
2024-09-18 15:18:03.111000,416.2648285248465,7
2024-09-18 15:18:03.162000,416.2465137495293,998
2024-09-18 15:18:03.252000,416.3124742881288,10
2024-09-18 15:18:03.310000,416.3046879423849,1000
2024-09-18 15:18:03.349000,416.3193575150368,1004
2024-09-18 15:18:03.436000,416.3124925083935,105
2024-09-18 15:18:03.468000,416.314894770918,9
2024-09-18 15:18:03.520000,416.2434486244656,13
2024-09-18 15:18:03.548000,416.2364586698927,1005
2024-09-18 15:18:03.597000,416.30329815416,98
2024-09-18 15:18:03.649000,416.2363251981439,7
2024-09-18 15:18:03.680000,416.31754422891385,98
2024-09-18 15:18:03.684000,416.2515946976916,999
2024-09-18 15:18:03.716000,416.2455143270136,995
2024-09-18 15:18:03.936000,416.31076776861823,102
2024-09-18 15:18:04.038000,416.2712133029841,96
2024-09-18 15:18:04.079000,416.2620601180481,12
2024-09-18 15:18:04.103000,416.2741384291616,1001
2024-09-18 15:18:04.114000,416.2252111134654,8
2024-09-18 15:18:04.196000,416.3019683877506,999
2024-09-18 15:18:04.458000,416.2146918211578,98
2024-09-18 15:18:04.476000,416.26296758944886,14
2024-09-18 15:18:04.508000,416.2903518079996,98
2024-09-18 15:18:04.509000,416.3034898053985,5
2024-09-18 15:18:04.623000,416.2974088138662,998
2024-09-18 15:18:04.633000,416.27843382081056,15
2024-09-18 15:18:04.683000,416.2194407935493,96
2024-09-18 15:18:04.721000,416.3011319354747,105
2024-09-18 15:18:04.973000,416.3009861189332,1000
2024-09-18 15:18:04.997000,416.25997935917854,101
2024-09-18 15:18:06.019000,416.33954635137246,14
2024-09-18 15:18:06.040000,416.3156461259002,997
2024-09-18 15:18:06.109000,416.3282775359551,103
2024-09-18 15:18:06.134000,416.3422518551991,1000
2024-09-18 15:18:06.280000,416.3487792855972,1004
2024-09-18 15:18:06.330000,416.344606310334,105
2024-09-18 15:18:06.394000,416.3463000494932,1005
2024-09-18 15:18:06.513000,416.3384195957764,999
2024-09-18 15:18:06.543000,416.3204470104381,104
2024-09-18 15:18:06.572000,416.3026002392387,103
2024-09-18 15:18:06.743000,416.3189101087892,998
2024-09-18 15:18:06.752000,416.32241014636304,12
2024-09-18 15:18:06.825000,416.3175650395257,15
2024-09-18 15:18:06.942000,416.3294575863106,13
2024-09-18 15:18:07.014000,416.2842341596773,101
2024-09-18 15:18:07.051000,416.2909585016644,8
2024-09-18 15:18:07.111000,416.3027781472133,6
2024-09-18 15:18:07.113000,416.3219735377341,995
2024-09-18 15:18:07.117000,416.29845543222007,99
2024-09-18 15:18:07.180000,416.31430770654174,97
2024-09-18 15:18:07.183000,416.3047618888492,99
2024-09-18 15:18:07.329000,416.2988543350636,1004
2024-09-18 15:18:07.344000,416.3507734734779,6
2024-09-18 15:18:07.408000,416.3277806343624,102
2024-09-18 15:18:07.427000,416.3539223909677,101
2024-09-18 15:18:07.466000,416.3410534105085,1005
2024-09-18 15:18:07.482000,416.2827691514704,10
2024-09-18 15:18:07.518000,416.31120136020553,105
2024-09-18 15:18:07.535000,416.29185062769807,10
2024-09-18 15:18:07.557000,416.3015482668898,104
2024-09-18 15:18:07.590000,416.3116980511255,12
2024-09-18 15:18:07.683000,416.332218782685,12
2024-09-18 15:18:07.719000,416.3124650582063,97
2024-09-18 15:18:07.867000,416.3320160971907,100
2024-09-18 15:18:07.937000,416.2837525603726,1002
2024-09-18 15:18:07.951000,411.22946271782143,103
2024-09-18 15:18:07.954000,416.3267513015305,999
2024-09-18 15:18:08.023000,416.3400994827009,95
2024-09-18 15:18:08.245000,416.355205533856,6
2024-09-18 15:18:08.664000,416.3383126582207,998
2024-09-18 15:18:09.026000,416.3270863820605,96
2024-09-18 15:18:09.043000,416.3266032619192,7
2024-09-18 15:18:09.108000,416.28938379001954,95
2024-09-18 15:18:09.150000,416.3293474497838,11
2024-09-18 15:18:09.164000,416.2487102398224,1002
2024-09-18 15:18:09.253000,416.3135166064059,998
2024-09-18 15:18:09.275000,416.3001863826343,8
2024-09-18 15:18:09.277000,416.2893224991055,100
2024-09-18 15:18:09.342000,416.2831297839117,5
2024-09-18 15:18:09.363000,416.3044110788357,7
2024-09-18 15:18:09.388000,416.3166102902366,104
2024-09-18 15:18:09.419000,416.3259081963136,1005
2024-09-18 15:18:09.451000,416.3361900642602,99
2024-09-18 15:18:09.607000,416.32017942035895,5
2024-09-18 15:18:09.705000,416.3277705570177,102
2024-09-18 15:18:09.720000,416.2630001388155,1003
2024-09-18 15:18:09.724000,416.3160104698175,999
2024-09-18 15:18:09.738000,416.32387887626726,103
2024-09-18 15:18:09.749000,416.311421079792,11
2024-09-18 15:18:09.757000,416.2612222918905,996
2024-09-18 15:18:09.758000,416.315618212889,998
2024-09-18 15:18:09.803000,416.2799845887545,1004
2024-09-18 15:18:09.835000,416.3347446483169,96
2024-09-18 15:18:09.875000,416.3112097682458,6
2024-09-18 15:18:09.879000,416.3199442483981,98
2024-09-18 15:18:09.880000,416.3092231081855,98
2024-09-18 15:18:09.998000,416.3111899536384,98
2024-09-18 15:18:10.038000,416.30975940904216,105
2024-09-18 15:18:11.029000,416.282467829553,998
2024-09-18 15:18:11.138000,416.2745278410422,10
2024-09-18 15:18:11.161000,416.2646218997461,14
2024-09-18 15:18:11.208000,416.27959220970655,999
2024-09-18 15:18:11.222000,416.30829957778,96
2024-09-18 15:18:11.243000,416.3119229977685,95
2024-09-18 15:18:11.282000,416.3040072560606,11
2024-09-18 15:18:11.305000,416.3151513699059,6
2024-09-18 15:18:11.336000,416.268444703361,13
2024-09-18 15:18:11.352000,416.2852079489133,96
2024-09-18 15:18:11.448000,416.25338947113954,1000
2024-09-18 15:18:11.486000,416.3188908040107,996
2024-09-18 15:18:11.491000,416.2945116341892,15
2024-09-18 15:18:11.579000,416.2834904132915,1001
2024-09-18 15:18:11.591000,416.313001715811,14
2024-09-18 15:18:11.675000,416.2496506768486,97
2024-09-18 15:18:11.719000,416.3078833886254,8
2024-09-18 15:18:11.731000,416.2674173608866,104
2024-09-18 15:18:11.734000,416.2659081374695,98
2024-09-18 15:18:11.768000,416.2642681998107,104
2024-09-18 15:18:11.801000,416.2809510177298,13
2024-09-18 15:18:11.847000,416.2681158840632,10
2024-09-18 15:18:11.883000,416.2478767430245,14
2024-09-18 15:18:11.915000,416.2856557536226,101
2024-09-18 15:18:11.979000,416.2869871770209,104
2024-09-18 15:18:12.133000,416.2633775438868,11
2024-09-18 15:18:12.194000,416.2621113253692,97
2024-09-18 15:18:12.207000,416.2553140860271,5
2024-09-18 15:18:12.305000,416.2509869540805,96
2024-09-18 15:18:12.328000,416.22225288136735,103
2024-09-18 15:18:12.333000,416.2473434792076,1004
2024-09-18 15:18:12.368000,416.2414640994083,1003
2024-09-18 15:18:12.485000,416.230796256529,1002
2024-09-18 15:18:12.590000,416.27039795507096,100
2024-09-18 15:18:12.674000,416.2638937573296,99
2024-09-18 15:18:12.700000,416.2306805956022,997
2024-09-18 15:18:12.706000,416.23585008876654,13
2024-09-18 15:18:12.730000,416.2228655526208,100
2024-09-18 15:18:12.733000,416.2623070668849,10
2024-09-18 15:18:12.775000,416.2627466769902,105
2024-09-18 15:18:12.949000,416.2324476234962,1001
2024-09-18 15:18:12.978000,416.2675673654314,10
2024-09-18 15:18:13.325000,416.29048128744256,105
2024-09-18 15:18:13.329000,416.25854179821306,102
2024-09-18 15:18:13.582000,416.2957635191683,101
2024-09-18 15:18:13.636000,416.2678319202108,1002
2024-09-18 15:18:13.671000,416.2707215155686,7
2024-09-18 15:18:13.796000,416.30368729176456,1003
2024-09-18 15:18:14.282000,416.3038543730131,1003
2024-09-18 15:18:14.308000,416.31448989292,11
2024-09-18 15:18:14.366000,416.2842421739825,103
2024-09-18 15:18:14.378000,416.3824398444119,10
2024-09-18 15:18:14.390000,416.3096566321821,10
2024-09-18 15:18:14.391000,416.319778530835,104
2024-09-18 15:18:14.415000,416.3242369062884,6
2024-09-18 15:18:14.433000,416.3233945467424,15
2024-09-18 15:18:14.496000,416.3247938553516,15
2024-09-18 15:18:14.638000,416.31989881940166,102
2024-09-18 15:18:14.641000,416.3195544764785,9
2024-09-18 15:18:14.688000,416.3664958606973,95
2024-09-18 15:18:14.726000,416.3575492885378,8
2024-09-18 15:18:14.801000,416.3854812439816,12
2024-09-18 15:18:14.826000,416.3171254973793,1002
2024-09-18 15:18:14.843000,416.3172824554845,999
2024-09-18 15:18:14.863000,416.3122678137883,998
2024-09-18 15:18:14.883000,416.2971951933446,7
2024-09-18 15:18:14.938000,416.3313449411744,14
2024-09-18 15:18:14.948000,416.2843769138283,997
2024-09-18 15:18:15.037000,416.4088552973071,96
2024-09-18 15:18:15.064000,416.4172355727238,1005
2024-09-18 15:18:15.126000,416.40111445040014,12
2024-09-18 15:18:15.154000,416.4040180008771,103
2024-09-18 15:18:15.154000,416.4066717132741,6
2024-09-18 15:18:15.205000,416.4027244203351,1004
2024-09-18 15:18:15.294000,416.3783981370918,997
2024-09-18 15:18:15.327000,416.37692949666217,1002
2024-09-18 15:18:15.537000,416.4088340867848,15
2024-09-18 15:18:15.542000,416.40033069327166,104
2024-09-18 15:18:15.668000,416.3899160567362,105
2024-09-18 15:18:15.732000,416.40209697688033,995
2024-09-18 15:18:15.791000,416.3962057886644,1000
2024-09-18 15:18:15.929000,416.3765337399032,13
2024-09-18 15:18:15.938000,416.3926680721152,1004
2024-09-18 15:18:16.176000,416.3867528883835,11
2024-09-18 15:18:16.277000,416.3363998117644,1002
2024-09-18 15:18:16.365000,416.3506040203617,998
2024-09-18 15:18:16.372000,416.3570530219188,997
2024-09-18 15:18:16.694000,416.37213800341857,105
2024-09-18 15:18:16.906000,416.3660341611016,1002
2024-09-18 15:18:16.952000,416.3634233829294,10
2024-09-18 15:18:17.017000,416.2987566661728,999
2024-09-18 15:18:17.222000,416.3292267297544,104
2024-09-18 15:18:17.329000,416.32253426879606,97
2024-09-18 15:18:17.505000,416.341826806397,102
2024-09-18 15:18:17.680000,416.358926627746,105
2024-09-18 15:18:17.695000,416.34480807395806,95
2024-09-18 15:18:17.788000,416.3421453832162,7
2024-09-18 15:18:17.823000,416.30870179165817,6
2024-09-18 15:18:18.034000,416.3186008646844,102
2024-09-18 15:18:18.039000,416.2944977858954,14
2024-09-18 15:18:18.076000,416.3342887525184,98
2024-09-18 15:18:18.146000,416.32234032381103,10
2024-09-18 15:18:18.402000,416.3675940228298,101
2024-09-18 15:18:18.411000,416.3708894206904,1000
2024-09-18 15:18:18.418000,416.3535103732793,15
2024-09-18 15:18:18.493000,416.344018065405,95
2024-09-18 15:18:18.635000,416.30829019944485,6
2024-09-18 15:18:18.643000,416.35521418462713,1004
2024-09-18 15:18:18.680000,416.330414780396,996
2024-09-18 15:18:18.790000,410.87990309637576,11
2024-09-18 15:18:18.840000,416.3050520208141,10
2024-09-18 15:18:18.875000,416.3441659737916,98
2024-09-18 15:18:18.890000,416.3291767366984,103
2024-09-18 15:18:18.899000,416.32529005720943,105
2024-09-18 15:18:18.958000,410.8824896273096,104
2024-09-18 15:18:19.026000,416.3580217412846,95
2024-09-18 15:18:19.060000,416.3417656196306,103
2024-09-18 15:18:19.309000,416.347593294632,97
2024-09-18 15:18:19.366000,416.343379184762,1001
2024-09-18 15:18:20.002000,416.3794434480695,1004
2024-09-18 15:18:20.012000,416.36988921469145,1004
2024-09-18 15:18:20.018000,416.3591172340429,105
2024-09-18 15:18:20.063000,416.36532383280814,105
2024-09-18 15:18:20.066000,416.3828446123927,999
2024-09-18 15:18:20.080000,416.3709973373529,997
2024-09-18 15:18:20.498000,416.3807739709173,999
2024-09-18 15:18:20.591000,416.33503595795855,995
2024-09-18 15:18:20.710000,416.3941457903863,13
2024-09-18 15:18:20.722000,416.3992658760544,14
2024-09-18 15:18:20.763000,416.3285609779494,1000
2024-09-18 15:18:20.766000,416.3748194720381,12
2024-09-18 15:18:20.781000,416.3810453117495,96
2024-09-18 15:18:20.782000,416.3709047990652,102
2024-09-18 15:18:20.813000,416.3775146534826,14
2024-09-18 15:18:20.839000,416.34340753358,105
2024-09-18 15:18:20.967000,416.3694260193985,997
2024-09-18 15:18:20.972000,416.3636685781155,1000
2024-09-18 15:18:21.198000,416.3963648093934,99
2024-09-18 15:18:21.274000,416.4042220111735,6
2024-09-18 15:18:21.444000,416.4038520710383,1005
2024-09-18 15:18:21.482000,416.37951834390776,102
2024-09-18 15:18:21.717000,416.36817856054495,1000
2024-09-18 15:18:22.031000,416.3857958246603,1004
2024-09-18 15:18:22.080000,416.42312684548295,9
2024-09-18 15:18:22.208000,416.4027449181726,100
2024-09-18 15:18:22.245000,416.4124084853928,99
2024-09-18 15:18:22.305000,416.4125470334277,1001
2024-09-18 15:18:22.488000,416.4148942772,1003
2024-09-18 15:18:22.538000,416.3892029007706,1004
2024-09-18 15:18:22.871000,416.3994572163893,10
2024-09-18 15:18:22.878000,416.41129126390285,1000
2024-09-18 15:18:23.015000,416.4564973635307,1004
2024-09-18 15:18:23.024000,416.4659702839083,1000
2024-09-18 15:18:23.071000,416.45020575004776,96
2024-09-18 15:18:23.081000,416.4646196961861,999
2024-09-18 15:18:23.100000,410.8522797167357,999
2024-09-18 15:18:23.118000,416.4344849455285,1001
2024-09-18 15:18:23.185000,416.4897529396145,101
2024-09-18 15:18:23.190000,416.4717550663416,7
2024-09-18 15:18:23.228000,416.4708518453345,97
2024-09-18 15:18:23.356000,416.4787035442012,96
2024-09-18 15:18:23.377000,416.4483407526831,95
2024-09-18 15:18:23.423000,416.4962660753788,102
2024-09-18 15:18:23.427000,416.4696066788871,101
2024-09-18 15:18:23.478000,416.4070558124072,15
2024-09-18 15:18:23.518000,416.4546693941742,997
2024-09-18 15:18:23.613000,416.4943388539832,997
2024-09-18 15:18:23.706000,416.4194882991568,99
2024-09-18 15:18:23.713000,416.4746033352128,6
2024-09-18 15:18:23.725000,416.5003419861237,1001
2024-09-18 15:18:23.815000,416.45936667545726,996
2024-09-18 15:18:23.878000,416.4627590444552,6
2024-09-18 15:18:23.914000,416.44245650241714,9
2024-09-18 15:18:23.963000,416.4703963683317,998
2024-09-18 15:18:24.024000,416.4117645355246,102
2024-09-18 15:18:24.080000,416.43854900706754,96
2024-09-18 15:18:24.096000,416.4031524067918,997
2024-09-18 15:18:24.168000,416.4045284446504,13
2024-09-18 15:18:24.171000,416.43953131319256,14
2024-09-18 15:18:24.234000,416.4007834408727,8
2024-09-18 15:18:24.247000,416.3957261535979,1002
2024-09-18 15:18:24.275000,416.4366966144736,11
2024-09-18 15:18:24.315000,416.39963496641326,1001
2024-09-18 15:18:24.379000,416.4739284660423,1000
2024-09-18 15:18:24.397000,416.4919141028259,99
2024-09-18 15:18:24.427000,416.402727635103,102
2024-09-18 15:18:24.501000,416.4294992205053,8
2024-09-18 15:18:24.510000,416.4038033239,95
2024-09-18 15:18:24.565000,416.4664258201114,105
2024-09-18 15:18:24.580000,416.4791088366273,6
2024-09-18 15:18:24.688000,416.38917403240174,11
2024-09-18 15:18:24.743000,416.4760457361813,100
2024-09-18 15:18:24.820000,416.3931880719294,97
2024-09-18 15:18:24.865000,416.3969457001073,998
2024-09-18 15:18:24.879000,416.4326113710836,1004
2024-09-18 15:18:24.881000,416.3964326513579,15
2024-09-18 15:18:24.895000,416.41615522281,102
2024-09-18 15:18:24.909000,416.4009294934715,103
2024-09-18 15:18:24.927000,416.4787261858827,6
2024-09-18 15:18:24.931000,416.4448186818127,104
2024-09-18 15:18:24.965000,416.4311756837299,100
2024-09-18 15:18:24.996000,416.4582676103639,13
2024-09-18 15:18:25.302000,416.471051555591,996
2024-09-18 15:18:25.675000,416.4367979192916,104
2024-09-18 15:18:25.701000,416.4571426250419,10
2024-09-18 15:18:25.898000,416.4314799013124,999
2024-09-18 15:18:25.984000,410.95792917627045,15
2024-09-18 15:18:26.083000,416.4675373467968,103
2024-09-18 15:18:26.135000,416.46063523412624,10
2024-09-18 15:18:26.169000,416.4662277608482,12
2024-09-18 15:18:26.211000,416.49477585657,999
2024-09-18 15:18:26.218000,416.4589008426576,1000
2024-09-18 15:18:26.266000,416.4620062549961,9
2024-09-18 15:18:26.330000,416.4765922822823,9
2024-09-18 15:18:26.347000,416.4536790679451,103
2024-09-18 15:18:26.391000,416.48474683278135,96
2024-09-18 15:18:26.459000,410.955228412185,11
2024-09-18 15:18:26.525000,416.50132313309376,5
2024-09-18 15:18:26.584000,416.4802136451906,5
2024-09-18 15:18:26.588000,416.45153568276135,999
2024-09-18 15:18:26.589000,416.456464120344,12
2024-09-18 15:18:26.591000,416.45554278970224,101
2024-09-18 15:18:26.706000,416.4821926852761,1000
2024-09-18 15:18:26.773000,416.4624168660541,6
2024-09-18 15:18:26.821000,416.4669149215936,995
2024-09-18 15:18:26.850000,416.4787482769476,95
2024-09-18 15:18:26.860000,416.4853690521997,102
2024-09-18 15:18:27.130000,416.4791287569072,9
2024-09-18 15:18:27.222000,416.407012766516,1001
2024-09-18 15:18:27.342000,416.4377896788552,12
2024-09-18 15:18:27.390000,416.4459092963765,996
2024-09-18 15:18:27.399000,416.4127040478911,15
2024-09-18 15:18:27.456000,416.4403362525815,999
2024-09-18 15:18:27.478000,416.4972125031954,101
2024-09-18 15:18:27.496000,416.4189499195234,996
2024-09-18 15:18:27.553000,416.462775466811,5
2024-09-18 15:18:27.587000,416.4811526281881,1002
2024-09-18 15:18:27.597000,416.4044444954531,102
2024-09-18 15:18:27.652000,416.41899160314426,95
2024-09-18 15:18:27.753000,416.4113164144248,12
2024-09-18 15:18:27.795000,416.4010326198797,7
2024-09-18 15:18:27.845000,416.4063787124315,8
2024-09-18 15:18:27.857000,416.48486355446687,99
2024-09-18 15:18:27.894000,416.4571948932751,7
2024-09-18 15:18:27.996000,416.40613196902143,995
2024-09-18 15:18:28.069000,416.4602271135301,102
2024-09-18 15:18:28.072000,416.4854381385646,101
2024-09-18 15:18:28.089000,416.46500976483577,96
2024-09-18 15:18:28.135000,416.52005206666166,1004
2024-09-18 15:18:28.159000,416.5227798383368,100
2024-09-18 15:18:28.192000,416.5142625869305,11
2024-09-18 15:18:28.273000,416.4854853469832,13
2024-09-18 15:18:28.288000,416.5243671199445,13
2024-09-18 15:18:28.396000,416.5092562724399,5
2024-09-18 15:18:28.500000,416.52559772188334,95
2024-09-18 15:18:28.542000,416.5061599262558,1003
2024-09-18 15:18:28.590000,416.5069320339783,8
2024-09-18 15:18:28.645000,416.48881745891936,95
2024-09-18 15:18:28.727000,416.4789039848649,997
2024-09-18 15:18:28.760000,416.50391159069,10
2024-09-18 15:18:28.832000,416.48100328406014,96
2024-09-18 15:18:28.924000,416.51885772442506,103
2024-09-18 15:18:29.027000,416.4712262856447,7
2024-09-18 15:18:29.092000,416.469750627065,96
2024-09-18 15:18:29.197000,410.8847430668664,7
2024-09-18 15:18:29.329000,416.516738723434,95
2024-09-18 15:18:29.331000,416.448278973918,96
2024-09-18 15:18:29.478000,416.4606520133682,97
2024-09-18 15:18:29.613000,416.49805158230816,101
2024-09-18 15:18:29.627000,416.432201699384,97
2024-09-18 15:18:29.768000,416.5070124720483,99
2024-09-18 15:18:29.848000,416.4308702944568,999
2024-09-18 15:18:29.907000,416.50256760562326,100
2024-09-18 15:18:29.929000,416.4924535957813,98
2024-09-18 15:18:30.001000,416.5270592370311,99
2024-09-18 15:18:30.005000,416.5005734162729,8
2024-09-18 15:18:30.064000,416.5290868083361,1000
2024-09-18 15:18:30.185000,416.5010772366719,104
2024-09-18 15:18:30.225000,416.528397127489,9
2024-09-18 15:18:30.286000,416.50081789678006,104
2024-09-18 15:18:30.313000,416.5502748997392,11
2024-09-18 15:18:30.325000,416.5862578891567,104
2024-09-18 15:18:30.447000,416.5447796375472,96
2024-09-18 15:18:30.496000,416.5450977819072,995
2024-09-18 15:18:30.524000,416.52812254150126,105
2024-09-18 15:18:30.618000,416.5096556421437,97
2024-09-18 15:18:30.641000,416.5140502526446,13
2024-09-18 15:18:30.660000,416.52922602329534,10
2024-09-18 15:18:30.673000,416.5718028696796,6
2024-09-18 15:18:30.694000,416.5342778648576,9
2024-09-18 15:18:30.704000,416.5000430669168,103
2024-09-18 15:18:30.744000,416.5461304460404,105
2024-09-18 15:18:30.782000,416.586805522758,9
2024-09-18 15:18:30.819000,416.49054616687386,9
2024-09-18 15:18:30.874000,416.5420281103994,7
2024-09-18 15:18:30.935000,416.5036313694181,105
2024-09-18 15:18:30.935000,416.55138693178696,5
2024-09-18 15:18:30.969000,416.5132561109504,95
2024-09-18 15:18:30.998000,416.5431814399271,999
2024-09-18 15:18:31.066000,416.6222232773835,997
2024-09-18 15:18:31.120000,416.6540436303698,8
2024-09-18 15:18:31.206000,416.5791344843552,1000
2024-09-18 15:18:31.208000,416.593875009694,8
2024-09-18 15:18:31.446000,416.6431017122578,10
2024-09-18 15:18:31.461000,416.5873902368218,1004
2024-09-18 15:18:31.467000,416.6035794719611,999
2024-09-18 15:18:31.552000,416.5956497904688,104
2024-09-18 15:18:31.568000,416.5919214694689,102
2024-09-18 15:18:31.635000,416.6162905862204,995
2024-09-18 15:18:31.669000,416.60214040668455,100
2024-09-18 15:18:31.680000,416.6410432262641,10
2024-09-18 15:18:31.715000,416.63857249169627,1004
2024-09-18 15:18:32.029000,416.64351518989474,996
2024-09-18 15:18:32.062000,416.660602030257,97
2024-09-18 15:18:32.066000,416.6539798652015,10
2024-09-18 15:18:32.358000,416.70053412894055,13
2024-09-18 15:18:32.682000,416.67151314578535,9
2024-09-18 15:18:32.714000,416.6375978590531,97
2024-09-18 15:18:33.057000,416.7004653339863,996
2024-09-18 15:18:33.085000,416.6983367980441,97
2024-09-18 15:18:33.113000,416.6979475776062,104
2024-09-18 15:18:33.202000,416.6960643372124,999
2024-09-18 15:18:33.512000,416.6802402355912,98
2024-09-18 15:18:33.596000,416.6868903005036,996
2024-09-18 15:18:33.648000,416.6949316130148,996
2024-09-18 15:18:33.688000,416.6748357596224,99
2024-09-18 15:18:33.756000,416.6990509868523,997
2024-09-18 15:18:33.897000,411.0327824142875,995
2024-09-18 15:18:33.993000,416.7036789929366,8
2024-09-18 15:18:34.018000,416.70598301115393,10
2024-09-18 15:18:34.020000,416.6754586417029,10
2024-09-18 15:18:34.027000,416.7106654620852,104
2024-09-18 15:18:34.082000,416.7052455872632,11
2024-09-18 15:18:34.088000,416.6819384083845,10
2024-09-18 15:18:34.142000,416.6860817613153,98
2024-09-18 15:18:34.156000,416.7053968426375,95
2024-09-18 15:18:34.228000,416.7014892067691,996
2024-09-18 15:18:34.233000,416.72746462867246,995
2024-09-18 15:18:34.233000,416.7147541882005,97
2024-09-18 15:18:34.330000,416.6838470253888,6
2024-09-18 15:18:34.397000,416.7168449122447,100
2024-09-18 15:18:34.413000,416.72148111284775,12
2024-09-18 15:18:34.548000,416.6923382329555,995
2024-09-18 15:18:34.564000,416.67510216480457,13
2024-09-18 15:18:34.591000,416.6789689304072,999
2024-09-18 15:18:34.591000,416.69490894242296,99
2024-09-18 15:18:34.604000,416.7083837341256,104
2024-09-18 15:18:34.613000,416.71175497080907,7
2024-09-18 15:18:34.619000,416.6653865306827,101
2024-09-18 15:18:34.628000,416.6779455759538,100
2024-09-18 15:18:34.699000,416.70901062517225,15
2024-09-18 15:18:34.812000,416.7191070169865,1002
2024-09-18 15:18:34.838000,416.7085033017707,7
2024-09-18 15:18:34.873000,416.6934085006391,10
2024-09-18 15:18:34.897000,416.6916342724325,9
2024-09-18 15:18:34.910000,416.7150014967752,103
2024-09-18 15:18:34.938000,416.7095282779761,99
2024-09-18 15:18:36.178000,416.65153954779294,95
2024-09-18 15:18:36.748000,416.69920042916215,11
2024-09-18 15:18:36.997000,416.6860465481713,100
2024-09-18 15:18:37.127000,416.616372950044,1001
2024-09-18 15:18:37.161000,416.6392352005915,15
2024-09-18 15:18:37.162000,411.0985978835552,105
2024-09-18 15:18:37.220000,416.6428898576986,15
2024-09-18 15:18:37.241000,416.65302689169727,100
2024-09-18 15:18:37.306000,416.6733711958509,105
2024-09-18 15:18:37.344000,416.66629036226567,995
2024-09-18 15:18:37.424000,416.6746784231155,105
2024-09-18 15:18:37.445000,416.6530631590271,101
2024-09-18 15:18:37.464000,416.6451692865802,6
2024-09-18 15:18:37.468000,416.6217927656571,1000
2024-09-18 15:18:37.480000,416.6259981240095,997
2024-09-18 15:18:37.600000,416.6846259961378,996
2024-09-18 15:18:37.633000,416.6655253219709,1000
2024-09-18 15:18:37.689000,416.6390093068892,11
2024-09-18 15:18:37.744000,416.6747346816462,10
2024-09-18 15:18:37.749000,416.686754089636,997
2024-09-18 15:18:37.792000,416.6494955600504,105
2024-09-18 15:18:37.820000,416.6236570908464,102
2024-09-18 15:18:37.828000,416.64972181969466,6
2024-09-18 15:18:37.847000,416.6168616948641,1000
2024-09-18 15:18:37.872000,416.6203165339608,101
2024-09-18 15:18:37.911000,416.6375521744882,1002
2024-09-18 15:18:37.964000,416.6378043049193,103
2024-09-18 15:18:37.984000,416.6690057361944,1004
2024-09-18 15:18:38.053000,416.71662051833056,997
2024-09-18 15:18:38.060000,416.65071074522695,15
2024-09-18 15:18:38.110000,416.66893503702414,8
2024-09-18 15:18:38.118000,416.647266639886,12
2024-09-18 15:18:38.131000,416.6628039952504,99
2024-09-18 15:18:38.135000,416.7793957973432,1000
2024-09-18 15:18:38.214000,416.6477326535533,98
2024-09-18 15:18:38.238000,416.7841494373375,1003
2024-09-18 15:18:38.321000,416.7739130576176,998
2024-09-18 15:18:38.361000,416.7979874135745,102
2024-09-18 15:18:38.385000,416.6896031406804,1004
2024-09-18 15:18:38.449000,416.7998564236185,995
2024-09-18 15:18:38.483000,416.7394772907824,7
2024-09-18 15:18:38.487000,416.7404064483392,104
2024-09-18 15:18:38.575000,416.79129233625855,1003
2024-09-18 15:18:38.604000,416.7962827750447,12
2024-09-18 15:18:38.659000,416.651189051022,15
2024-09-18 15:18:38.695000,416.7907168998269,998
2024-09-18 15:18:38.703000,416.7893660783212,5
2024-09-18 15:18:38.711000,416.6572335014505,6
2024-09-18 15:18:39.064000,416.7788381771017,95
2024-09-18 15:18:39.070000,416.81817171827134,1003
2024-09-18 15:18:39.101000,416.8012617957391,99
2024-09-18 15:18:39.111000,416.8286231071071,96
2024-09-18 15:18:39.137000,416.83915968832537,97
2024-09-18 15:18:39.164000,416.8331572603048,1001
2024-09-18 15:18:39.166000,416.776620947552,10
2024-09-18 15:18:39.239000,416.8267503065429,996
2024-09-18 15:18:39.255000,416.8035014556077,99
2024-09-18 15:18:39.260000,416.802685940391,100
2024-09-18 15:18:39.379000,416.7891934374053,995
2024-09-18 15:18:39.441000,416.80539029560566,98
2024-09-18 15:18:39.510000,416.8375327682928,13
2024-09-18 15:18:39.530000,416.7694603740184,13
2024-09-18 15:18:39.602000,416.8130770048593,999
2024-09-18 15:18:39.682000,416.7734121516549,96
2024-09-18 15:18:39.693000,416.8329013295392,996
2024-09-18 15:18:39.753000,416.7805436139233,13
2024-09-18 15:18:39.850000,416.8598941478679,6
2024-09-18 15:18:39.932000,416.8158920619981,104
2024-09-18 15:18:40.046000,416.8755012329004,104
2024-09-18 15:18:40.054000,416.8601687962603,99
2024-09-18 15:18:40.093000,416.8183020201199,15
2024-09-18 15:18:40.174000,416.8309207119133,101
2024-09-18 15:18:40.196000,416.82846130936144,1001
2024-09-18 15:18:40.235000,416.8315084512013,9
2024-09-18 15:18:40.245000,416.8744295976296,101
2024-09-18 15:18:40.299000,416.8296196736235,1002
2024-09-18 15:18:40.302000,416.8392907002432,96
2024-09-18 15:18:40.310000,416.88203466152856,96
2024-09-18 15:18:40.373000,416.817136271294,996
2024-09-18 15:18:40.463000,416.8640230122826,995
2024-09-18 15:18:40.497000,416.8720825164601,98
2024-09-18 15:18:40.499000,416.8351559270671,1000
2024-09-18 15:18:40.612000,416.8406890226054,1000
2024-09-18 15:18:40.723000,416.88460706710833,12
2024-09-18 15:18:40.725000,416.86582542246697,14
2024-09-18 15:18:40.806000,416.8562601851685,95
2024-09-18 15:18:40.817000,416.8630865706812,95
2024-09-18 15:18:40.838000,416.88374726896393,11
2024-09-18 15:18:40.845000,416.8312817643909,98
2024-09-18 15:18:40.856000,416.8210895209028,1001
2024-09-18 15:18:40.876000,416.8411797494267,1000
2024-09-18 15:18:40.914000,416.8452535100328,15
2024-09-18 15:18:40.952000,416.8922861496637,1003
2024-09-18 15:18:40.979000,416.86215710694734,96
2024-09-18 15:18:40.982000,416.8204313132508,10
2024-09-18 15:18:40.990000,416.8282269349081,99
2024-09-18 15:18:40.992000,416.83511309388,5
2024-09-18 15:18:41.130000,416.86775335696507,100
2024-09-18 15:18:41.158000,416.8957743747325,96
2024-09-18 15:18:41.259000,416.9067335984316,100
2024-09-18 15:18:41.282000,416.8725407848279,1005
2024-09-18 15:18:41.294000,416.8766377271661,1001
2024-09-18 15:18:41.422000,416.8839315835208,1002
2024-09-18 15:18:41.426000,416.86215075847,1001
2024-09-18 15:18:41.431000,416.9002407295485,12
2024-09-18 15:18:41.469000,416.90752312079314,12
2024-09-18 15:18:41.469000,416.8865430587801,996
2024-09-18 15:18:41.484000,416.9009890091854,999
2024-09-18 15:18:41.497000,416.875826817378,95
2024-09-18 15:18:41.523000,416.8856529844104,104
2024-09-18 15:18:41.562000,416.8904486896296,105
2024-09-18 15:18:41.763000,416.8815841817397,10
2024-09-18 15:18:41.768000,416.8896000648962,997
2024-09-18 15:18:41.846000,416.86874913887976,99
2024-09-18 15:18:41.867000,416.90069820525616,97
2024-09-18 15:18:41.875000,416.90882097790177,11
2024-09-18 15:18:41.892000,416.90907863454834,13
2024-09-18 15:18:41.915000,416.8759126154669,1005
2024-09-18 15:18:41.919000,416.88383457145886,102
2024-09-18 15:18:41.969000,416.8807506252737,14
2024-09-18 15:18:42.070000,416.9667144652876,11
2024-09-18 15:18:42.080000,416.9341683813751,101
2024-09-18 15:18:42.083000,416.9429281529642,1005
2024-09-18 15:18:42.170000,416.9382200582997,10
2024-09-18 15:18:42.179000,416.9173736111048,8
2024-09-18 15:18:42.218000,416.92733354246144,96
2024-09-18 15:18:42.299000,416.93511274265313,996
2024-09-18 15:18:42.302000,416.9026379285393,1004
2024-09-18 15:18:42.349000,416.9303322431926,103
2024-09-18 15:18:42.431000,416.9158067481671,1000
2024-09-18 15:18:42.466000,416.92909535842864,1002
2024-09-18 15:18:42.535000,416.94086994424254,100
2024-09-18 15:18:42.575000,416.8927597992228,12
2024-09-18 15:18:42.582000,416.8899976542925,105
2024-09-18 15:18:42.697000,416.9727608065553,99
2024-09-18 15:18:42.702000,416.9234017192025,5
2024-09-18 15:18:42.728000,416.8965443643823,101
2024-09-18 15:18:42.747000,416.95328327967945,97
2024-09-18 15:18:42.783000,416.9135053274018,15
2024-09-18 15:18:42.845000,416.9269209542854,998
2024-09-18 15:18:42.852000,416.9486823541708,9
2024-09-18 15:18:42.856000,416.8951032342265,9
2024-09-18 15:18:42.911000,416.9332493346533,7
2024-09-18 15:18:43.041000,416.8448426491403,15
2024-09-18 15:18:43.123000,416.92386476108624,102
2024-09-18 15:18:43.162000,416.8550070575839,1004
2024-09-18 15:18:43.327000,416.87781161614487,999
2024-09-18 15:18:43.336000,416.86196629055615,1000
2024-09-18 15:18:43.388000,416.8964161914785,997
2024-09-18 15:18:43.452000,416.8704286195784,1003
2024-09-18 15:18:43.498000,416.9276186383455,5
2024-09-18 15:18:43.540000,416.9760315219631,995
2024-09-18 15:18:43.540000,416.9494292341151,995
2024-09-18 15:18:43.541000,416.9366025128582,10
2024-09-18 15:18:43.555000,416.86385912662496,1002
2024-09-18 15:18:43.564000,416.8682097519601,997
2024-09-18 15:18:43.574000,416.9283719726125,1005
2024-09-18 15:18:43.627000,416.84254745096416,13
2024-09-18 15:18:43.677000,416.9338445304407,100
2024-09-18 15:18:43.688000,416.87767592823934,1004
2024-09-18 15:18:43.707000,416.8592762699055,98
2024-09-18 15:18:43.710000,416.9234474976091,9
2024-09-18 15:18:43.716000,416.92171349191455,97
2024-09-18 15:18:43.727000,416.8860885152554,102
2024-09-18 15:18:43.913000,416.8482007473014,997
2024-09-18 15:18:43.931000,416.8758421477823,1005
2024-09-18 15:18:43.948000,416.944820380016,99
2024-09-18 15:18:43.976000,416.8714296036612,10
2024-09-18 15:18:43.987000,416.88756746811765,96
2024-09-18 15:18:44.016000,416.8692773633504,998
2024-09-18 15:18:44.057000,416.8716340988733,1003
2024-09-18 15:18:44.260000,416.8818990226711,1004
2024-09-18 15:18:44.312000,416.8535688849139,998
2024-09-18 15:18:44.483000,416.8592406108624,15
2024-09-18 15:18:44.486000,416.8852548784556,1005
2024-09-18 15:18:44.528000,416.8656149232962,98
2024-09-18 15:18:44.565000,416.8859275541337,1002
2024-09-18 15:18:44.690000,416.8752692251077,10
2024-09-18 15:18:44.758000,416.881774865849,104
2024-09-18 15:18:44.908000,416.8888292228276,15
2024-09-18 15:18:44.931000,416.8673860502937,101
2024-09-18 15:18:44.941000,411.03794207958657,1002
2024-09-18 15:18:44.976000,411.03594622693015,96
2024-09-18 15:18:45.086000,416.870020209261,996
2024-09-18 15:18:45.143000,416.8765145186357,1001
2024-09-18 15:18:45.263000,416.8695210618763,102
2024-09-18 15:18:45.303000,416.8778331996944,997
2024-09-18 15:18:45.635000,416.8905479071832,1005
2024-09-18 15:18:45.757000,416.8876278487672,995
2024-09-18 15:18:46.020000,416.90837822117936,95
2024-09-18 15:18:46.045000,416.9085312081536,104
2024-09-18 15:18:46.052000,416.9054729587223,999
2024-09-18 15:18:46.166000,416.917577134868,1000
2024-09-18 15:18:46.199000,416.9383667151099,996
2024-09-18 15:18:46.230000,416.8941825608839,1000
2024-09-18 15:18:46.265000,416.9201362245177,15
2024-09-18 15:18:46.294000,416.95247365300463,5
2024-09-18 15:18:46.332000,416.91026110613967,99
2024-09-18 15:18:46.369000,416.928665429341,97
2024-09-18 15:18:46.386000,416.89889341471735,13
2024-09-18 15:18:46.417000,416.95015407498016,100
2024-09-18 15:18:46.437000,416.9512203487144,96
2024-09-18 15:18:46.533000,416.90198207027663,98
2024-09-18 15:18:46.566000,416.96768553037487,996
2024-09-18 15:18:46.633000,416.9431449006914,1001
2024-09-18 15:18:46.634000,416.9581157432008,104
2024-09-18 15:18:46.655000,416.9319965242991,7
2024-09-18 15:18:46.678000,416.92358437582334,12
2024-09-18 15:18:46.728000,416.9039389451384,100
2024-09-18 15:18:46.739000,416.9338497143299,14
2024-09-18 15:18:46.807000,416.933676976744,7
2024-09-18 15:18:46.902000,416.9219870955383,9
2024-09-18 15:18:46.904000,416.89377940471536,1005
2024-09-18 15:18:47.019000,416.9448829348267,105
2024-09-18 15:18:47.312000,416.9366024100263,11
2024-09-18 15:18:47.532000,416.943862942707,105
2024-09-18 15:18:47.568000,416.9429099818012,103
2024-09-18 15:18:47.765000,416.9349198246942,12
2024-09-18 15:18:47.830000,416.9527967077349,1003
2024-09-18 15:18:48.180000,416.9377700341792,1001
2024-09-18 15:18:48.503000,416.9345490907035,99
2024-09-18 15:18:48.503000,416.9441651435775,1002
2024-09-18 15:18:48.781000,416.937786320266,10
2024-09-18 15:18:48.880000,416.9512060819642,1002
2024-09-18 15:18:49.071000,416.9017208448898,101
2024-09-18 15:18:49.108000,416.91059079706304,104
2024-09-18 15:18:49.116000,416.9362612702738,995
2024-09-18 15:18:49.122000,416.90336742297205,998
2024-09-18 15:18:49.149000,416.8867736717811,999
2024-09-18 15:18:49.267000,416.882585051674,7
2024-09-18 15:18:49.281000,416.9511169579646,101
2024-09-18 15:18:49.322000,416.8712987546315,1003
2024-09-18 15:18:49.339000,416.9654173764155,103
2024-09-18 15:18:49.350000,416.9080523499507,5
2024-09-18 15:18:49.378000,416.8614281847416,1004
2024-09-18 15:18:49.441000,416.8967307232783,96
2024-09-18 15:18:49.443000,416.9002040077203,996
2024-09-18 15:18:49.496000,416.89430162712574,99
2024-09-18 15:18:49.502000,416.90670713653697,999
2024-09-18 15:18:49.524000,416.9042239646121,9
2024-09-18 15:18:49.628000,416.8964230616397,1004
2024-09-18 15:18:49.646000,416.9850829208645,1000
2024-09-18 15:18:49.656000,416.9082583607753,997
2024-09-18 15:18:49.760000,416.93302870685807,100
2024-09-18 15:18:49.776000,416.9159731140664,99
2024-09-18 15:18:49.916000,416.8732523450822,13
2024-09-18 15:18:49.928000,416.8764602626557,1003
2024-09-18 15:18:50.035000,417.0081084392076,996
2024-09-18 15:18:50.116000,417.002274195183,100
2024-09-18 15:18:50.175000,416.9817433914529,998
2024-09-18 15:18:50.233000,417.0068692893885,100
2024-09-18 15:18:50.291000,417.0064333118807,1003
2024-09-18 15:18:50.299000,416.99948285059486,1000
2024-09-18 15:18:50.860000,416.9980625034385,15
2024-09-18 15:18:51.087000,416.9973008135319,98
2024-09-18 15:18:51.087000,417.0014090184122,1000
2024-09-18 15:18:51.100000,416.99573700938873,97
2024-09-18 15:18:51.483000,416.9653143211382,5
2024-09-18 15:18:51.521000,416.99875995607584,1001
2024-09-18 15:18:51.522000,416.9807324451163,999
2024-09-18 15:18:51.540000,416.9887468727042,5
2024-09-18 15:18:51.630000,417.0125661773444,1001
2024-09-18 15:18:51.844000,417.01336456685465,1000
2024-09-18 15:18:51.902000,416.978980087056,6
2024-09-18 15:18:51.913000,416.9656771508732,8
2024-09-18 15:18:52.034000,417.0055167275944,12
2024-09-18 15:18:52.167000,417.0181146205757,96
2024-09-18 15:18:52.208000,416.9998134041391,5
2024-09-18 15:18:52.241000,417.0002251884803,105
2024-09-18 15:18:52.264000,416.98022719151953,1005
2024-09-18 15:18:52.498000,416.9714623530512,9
2024-09-18 15:18:52.545000,417.0214659868838,997
2024-09-18 15:18:52.560000,417.0123326003263,1003
2024-09-18 15:18:52.619000,417.0285151603436,15
2024-09-18 15:18:52.662000,416.9937548031365,98
2024-09-18 15:18:52.671000,416.9799134401656,104
2024-09-18 15:18:52.676000,417.0043132102202,1000
2024-09-18 15:18:52.680000,416.9913326298866,996
2024-09-18 15:18:52.688000,416.99722693217785,5
2024-09-18 15:18:52.714000,417.0063225600891,5
2024-09-18 15:18:52.785000,416.9889234718325,97
2024-09-18 15:18:52.823000,416.99995925258713,14
2024-09-18 15:18:52.834000,416.99049066782135,996
2024-09-18 15:18:52.852000,417.02188361636905,100
2024-09-18 15:18:52.855000,417.0225276115283,98
2024-09-18 15:18:52.905000,417.0309928271293,7
2024-09-18 15:18:53.135000,417.00019021912266,104
2024-09-18 15:18:53.275000,416.995381157532,15
2024-09-18 15:18:53.291000,416.99073463992136,1002
2024-09-18 15:18:53.352000,416.98947784585096,104
2024-09-18 15:18:53.372000,417.0180713547662,97
2024-09-18 15:18:53.514000,416.9872365803092,1003
2024-09-18 15:18:53.540000,417.0177314741116,7
2024-09-18 15:18:53.601000,416.9979920464616,97
2024-09-18 15:18:53.604000,416.99019991370255,8
2024-09-18 15:18:53.630000,416.9886474450117,1003
2024-09-18 15:18:53.646000,417.0067096166811,101
2024-09-18 15:18:53.675000,417.00165027963175,996
2024-09-18 15:18:53.702000,416.9813180507173,104
2024-09-18 15:18:53.808000,416.9825683193064,7
2024-09-18 15:18:53.832000,416.9978383983551,101
2024-09-18 15:18:53.835000,416.99017684476365,5
2024-09-18 15:18:53.903000,417.0243598260066,7
2024-09-18 15:18:54.006000,417.04638910131183,1002
2024-09-18 15:18:54.030000,417.10700902571455,105
2024-09-18 15:18:54.172000,417.0613923153036,1003
2024-09-18 15:18:54.190000,417.0330517309468,95
2024-09-18 15:18:54.191000,417.0697464172961,12
2024-09-18 15:18:54.246000,417.0799748623845,14
2024-09-18 15:18:54.252000,417.050619809048,6
2024-09-18 15:18:54.293000,417.0389918393173,995
2024-09-18 15:18:54.300000,417.1147784064104,100
2024-09-18 15:18:54.328000,417.0569136985715,99
2024-09-18 15:18:54.417000,417.0696550652439,99
2024-09-18 15:18:54.464000,417.0947529048677,1004
2024-09-18 15:18:54.498000,417.0963065202968,95
2024-09-18 15:18:54.523000,417.0638930650271,100
2024-09-18 15:18:54.578000,417.1025560026191,1002
2024-09-18 15:18:54.638000,417.1188422872369,996
2024-09-18 15:18:54.641000,417.1089214401159,999
2024-09-18 15:18:54.719000,417.070939867251,96
2024-09-18 15:18:54.858000,417.10504967887846,13
2024-09-18 15:18:54.881000,417.0864576778978,1003
2024-09-18 15:18:54.924000,417.1056527493401,102
2024-09-18 15:18:54.951000,417.0371648797358,13
2024-09-18 15:18:55.054000,417.06249596975096,13
2024-09-18 15:18:55.119000,416.9975714729919,7
2024-09-18 15:18:55.135000,417.0152739068243,9
2024-09-18 15:18:55.221000,417.0563045714595,105
2024-09-18 15:18:55.221000,416.9917242407517,96
2024-09-18 15:18:55.251000,417.0769406772468,6
2024-09-18 15:18:55.436000,417.0531946989489,12
2024-09-18 15:18:55.513000,416.9836145453055,1004
2024-09-18 15:18:55.606000,417.0011666826233,102
2024-09-18 15:18:55.703000,416.9710937780324,995
2024-09-18 15:18:55.760000,417.0359872133486,998
2024-09-18 15:18:55.788000,417.0215809179424,105
2024-09-18 15:18:55.831000,417.01377276519656,103
2024-09-18 15:18:55.898000,416.9807787491641,996
2024-09-18 15:18:56.001000,416.902707556849,101
2024-09-18 15:18:56.097000,416.8736637981375,102
2024-09-18 15:18:56.104000,416.8925787735454,104
2024-09-18 15:18:56.108000,416.9854860167496,1004
2024-09-18 15:18:56.130000,416.9116672643332,7
2024-09-18 15:18:56.217000,416.9679053407479,995
2024-09-18 15:18:56.223000,416.9042223132008,999
2024-09-18 15:18:56.232000,416.8972583567351,1000
2024-09-18 15:18:56.233000,416.9011701354036,1000
2024-09-18 15:18:56.287000,416.9656647624039,1002
2024-09-18 15:18:56.322000,416.9076547667159,104
2024-09-18 15:18:56.445000,416.8988863402548,8
2024-09-18 15:18:56.469000,416.9099711144893,99
2024-09-18 15:18:56.611000,416.88093050543057,999
2024-09-18 15:18:56.615000,416.9071312511617,8
2024-09-18 15:18:56.621000,416.9283042640954,96
2024-09-18 15:18:56.647000,416.9168408527982,5
2024-09-18 15:18:56.681000,416.9092248039182,10
2024-09-18 15:18:56.743000,416.9572575880852,13
2024-09-18 15:18:56.756000,416.9199225021855,10
2024-09-18 15:18:56.758000,416.9441210460385,998
2024-09-18 15:18:56.771000,416.8932196450576,998
2024-09-18 15:18:56.904000,416.899952010584,11
2024-09-18 15:18:56.948000,416.9059571435804,13
2024-09-18 15:18:56.974000,416.9670448819055,102
2024-09-18 15:18:57.269000,416.859779306464,14
2024-09-18 15:18:57.307000,416.86410368308833,9
2024-09-18 15:18:57.394000,416.8426608259692,998
2024-09-18 15:18:57.437000,416.8620931603775,12
2024-09-18 15:18:57.439000,416.84836444247975,999
2024-09-18 15:18:57.454000,416.85362429570654,998
2024-09-18 15:18:57.507000,416.8456593382617,95
2024-09-18 15:18:57.571000,416.8489472989919,12
2024-09-18 15:18:57.594000,416.83404813048753,1004
2024-09-18 15:18:57.627000,416.8456472205941,1004
2024-09-18 15:18:57.701000,416.8732539166651,101
2024-09-18 15:18:57.793000,416.8630658215101,99
2024-09-18 15:18:57.871000,416.8396581633508,10
2024-09-18 15:18:57.998000,416.8380574280412,103
2024-09-18 15:18:59.032000,416.8456679081184,997
2024-09-18 15:18:59.125000,416.837259913637,1004
2024-09-18 15:18:59.253000,416.841543939758,97
2024-09-18 15:18:59.371000,416.8428731914874,1003
2024-09-18 15:18:59.531000,416.8502589683392,10
2024-09-18 15:18:59.636000,416.8527007676968,15
2024-09-18 15:18:59.651000,416.8577594475179,5
2024-09-18 15:18:59.681000,416.8222667235369,5
2024-09-18 15:18:59.950000,416.8431120904336,5
