Timestamp,Price,Size
2024-09-16 11:14:00.076000,416.44974937853,998
2024-09-16 11:14:00.144000,416.4645624430029,14
2024-09-16 11:14:00.161000,416.4591139630356,9
2024-09-16 11:14:00.198000,416.42437052132016,5
2024-09-16 11:14:00.206000,416.4923500143696,7
2024-09-16 11:14:00.256000,416.4892800324594,98
2024-09-16 11:14:00.294000,416.5008209536794,15
2024-09-16 11:14:00.299000,416.4547031683655,102
2024-09-16 11:14:00.331000,416.4717978762112,105
2024-09-16 11:14:00.453000,416.4625471736292,1000
2024-09-16 11:14:00.673000,416.490821148928,97
2024-09-16 11:14:00.679000,416.4703203445484,7
2024-09-16 11:14:00.741000,416.4694479233394,5
2024-09-16 11:14:00.788000,416.47632689554376,5
2024-09-16 11:14:00.844000,416.5020080821224,101
2024-09-16 11:14:00.867000,416.476831695614,1005
2024-09-16 11:14:00.912000,416.4802088975629,1004
2024-09-16 11:14:01.014000,416.5823326377119,1005
2024-09-16 11:14:01.078000,416.50843888829286,101
2024-09-16 11:14:01.086000,416.5203373948869,105
2024-09-16 11:14:01.103000,416.52266504103335,995
2024-09-16 11:14:01.116000,416.558235724172,8
2024-09-16 11:14:01.131000,416.523567890438,995
2024-09-16 11:14:01.161000,416.5772764781341,99
2024-09-16 11:14:01.215000,416.5248479847007,998
2024-09-16 11:14:01.298000,416.5801853571653,14
2024-09-16 11:14:01.318000,416.51997896521885,104
2024-09-16 11:14:01.364000,416.495716668178,11
2024-09-16 11:14:01.376000,416.5817974087989,97
2024-09-16 11:14:01.415000,416.4947665639749,99
2024-09-16 11:14:01.416000,416.5241723852472,996
2024-09-16 11:14:01.446000,416.59662906373865,1002
2024-09-16 11:14:01.448000,416.6208331394498,1000
2024-09-16 11:14:01.486000,416.6246898117912,15
2024-09-16 11:14:01.525000,416.5085087643391,7
2024-09-16 11:14:01.552000,416.5067057190548,12
2024-09-16 11:14:01.564000,416.5366137539228,10
2024-09-16 11:14:01.586000,416.51627870535583,13
2024-09-16 11:14:01.664000,416.5134454214142,100
2024-09-16 11:14:01.676000,416.5914271394489,999
2024-09-16 11:14:01.709000,416.57876777021113,995
2024-09-16 11:14:01.725000,416.5027566184243,98
2024-09-16 11:14:01.754000,416.6333305146903,996
2024-09-16 11:14:01.767000,416.521902306652,99
2024-09-16 11:14:01.768000,416.5265819756064,6
2024-09-16 11:14:01.902000,416.5597260537039,5
2024-09-16 11:14:02.045000,416.6585633926259,101
2024-09-16 11:14:02.075000,416.6731066926485,6
2024-09-16 11:14:02.143000,416.6874137195628,12
2024-09-16 11:14:02.241000,416.68254311538857,105
2024-09-16 11:14:02.279000,416.6537244084408,9
2024-09-16 11:14:02.291000,416.6772864407627,11
2024-09-16 11:14:02.292000,416.6364460933472,15
2024-09-16 11:14:02.309000,416.644099811181,8
2024-09-16 11:14:02.417000,416.64081435816456,12
2024-09-16 11:14:02.628000,416.6864548709088,102
2024-09-16 11:14:02.637000,416.6914502987841,1005
2024-09-16 11:14:02.709000,416.6878342479718,12
2024-09-16 11:14:02.711000,416.647334701658,95
2024-09-16 11:14:02.715000,416.6548786731166,7
2024-09-16 11:14:02.718000,416.6400788872214,6
2024-09-16 11:14:02.737000,416.6823443826201,104
2024-09-16 11:14:02.740000,416.6606724108167,14
2024-09-16 11:14:02.802000,416.635625072216,995
2024-09-16 11:14:02.844000,416.65143888646793,1001
2024-09-16 11:14:02.896000,416.66952663648095,997
2024-09-16 11:14:03.010000,416.6097592224866,12
2024-09-16 11:14:03.023000,416.7193239902968,95
2024-09-16 11:14:03.119000,416.6388179602941,11
2024-09-16 11:14:03.163000,416.7000400353914,14
2024-09-16 11:14:03.266000,416.66378476834257,996
2024-09-16 11:14:03.301000,416.6550354013409,997
2024-09-16 11:14:03.344000,416.6874901998429,1005
2024-09-16 11:14:03.390000,416.6444873367234,97
2024-09-16 11:14:03.430000,416.6681648796039,10
2024-09-16 11:14:03.514000,416.6500062965736,15
2024-09-16 11:14:03.579000,416.7088895084202,1002
2024-09-16 11:14:03.626000,416.642900436856,7
2024-09-16 11:14:03.677000,416.6778145545936,1003
2024-09-16 11:14:03.744000,416.6588395159101,13
2024-09-16 11:14:03.811000,416.66926829836433,1001
2024-09-16 11:14:03.821000,416.6361066233514,11
2024-09-16 11:14:03.831000,416.6840318402523,9
2024-09-16 11:14:03.874000,416.7281389589958,15
2024-09-16 11:14:03.944000,416.69300832405526,99
2024-09-16 11:14:03.958000,416.704307517494,100
2024-09-16 11:14:05.038000,416.5697764894181,100
2024-09-16 11:14:05.053000,416.5786532609571,14
2024-09-16 11:14:05.082000,416.5888180123616,12
2024-09-16 11:14:05.136000,416.5766715373634,15
2024-09-16 11:14:05.186000,416.6022873401858,13
2024-09-16 11:14:05.220000,416.5777908649293,98
2024-09-16 11:14:05.240000,416.60890694834507,101
2024-09-16 11:14:05.399000,416.6112722154146,7
2024-09-16 11:14:05.400000,416.55583612056273,10
2024-09-16 11:14:05.498000,416.5826691745018,7
2024-09-16 11:14:05.530000,416.5597610253595,14
2024-09-16 11:14:05.570000,416.5655564958589,15
2024-09-16 11:14:05.600000,416.57049787900417,13
2024-09-16 11:14:05.616000,416.5945437204937,1002
2024-09-16 11:14:05.617000,416.58992741005534,1003
2024-09-16 11:14:05.651000,416.5761169537379,101
2024-09-16 11:14:05.653000,416.5839788769536,100
2024-09-16 11:14:05.671000,416.55958641370086,1001
2024-09-16 11:14:05.755000,416.5769535098792,13
2024-09-16 11:14:05.777000,416.5617365516174,11
2024-09-16 11:14:05.793000,416.59070324050265,9
2024-09-16 11:14:05.808000,416.6011963333843,5
2024-09-16 11:14:05.822000,416.5989785629296,1003
2024-09-16 11:14:05.840000,416.5881392332206,9
2024-09-16 11:14:05.869000,416.5715185645759,96
2024-09-16 11:14:05.894000,416.5755909998194,999
2024-09-16 11:14:05.950000,416.6139333155176,1001
2024-09-16 11:14:06.135000,416.6269325424845,998
2024-09-16 11:14:06.140000,416.6511915043175,97
2024-09-16 11:14:06.241000,416.5636683814311,96
2024-09-16 11:14:06.310000,416.6655804968614,996
2024-09-16 11:14:06.332000,416.62787203177845,11
2024-09-16 11:14:06.342000,416.60764899641794,105
2024-09-16 11:14:06.408000,416.6624798882231,102
2024-09-16 11:14:06.438000,416.6286437554181,99
2024-09-16 11:14:06.720000,416.6580098301932,9
2024-09-16 11:14:06.783000,416.6850899521159,996
2024-09-16 11:14:06.836000,416.6779112866954,6
2024-09-16 11:14:06.858000,416.55917015741153,998
2024-09-16 11:14:06.903000,416.5883669857733,100
2024-09-16 11:14:06.915000,416.664290975499,103
2024-09-16 11:14:06.936000,416.6286644891394,104
2024-09-16 11:14:07.116000,416.7342000700957,103
2024-09-16 11:14:07.146000,416.7239196761573,15
2024-09-16 11:14:07.159000,416.75999296420486,999
2024-09-16 11:14:07.224000,416.7619196492713,98
2024-09-16 11:14:07.253000,416.7478966789627,105
2024-09-16 11:14:07.255000,416.6701695515334,998
2024-09-16 11:14:07.322000,416.7790412364686,12
2024-09-16 11:14:07.326000,416.7630189278968,100
2024-09-16 11:14:07.337000,416.6885278736437,99
2024-09-16 11:14:07.354000,416.7062680121746,1005
2024-09-16 11:14:07.483000,416.74578768693726,103
2024-09-16 11:14:07.507000,416.6759637350521,97
2024-09-16 11:14:07.509000,416.7692312376736,95
2024-09-16 11:14:07.554000,416.684030065853,11
2024-09-16 11:14:07.570000,416.6835069907195,12
2024-09-16 11:14:07.580000,416.7444885549039,98
2024-09-16 11:14:07.584000,416.6766817222278,996
2024-09-16 11:14:07.592000,416.7569204522776,98
2024-09-16 11:14:07.673000,416.7616090025945,996
2024-09-16 11:14:07.674000,416.6840130978162,100
2024-09-16 11:14:07.726000,416.75871763928006,5
2024-09-16 11:14:07.728000,416.7551252652906,7
2024-09-16 11:14:07.777000,416.77348040081074,9
2024-09-16 11:14:07.780000,416.73844769078977,1004
2024-09-16 11:14:07.889000,416.7519973573519,98
2024-09-16 11:14:07.892000,416.7524248219092,7
2024-09-16 11:14:07.905000,416.6991922778943,98
2024-09-16 11:14:07.938000,416.7620929726814,99
2024-09-16 11:14:07.996000,416.7146292774097,95
2024-09-16 11:14:08.014000,416.7584417359424,995
2024-09-16 11:14:08.048000,416.7680152572624,10
2024-09-16 11:14:08.266000,416.7616446612954,5
2024-09-16 11:14:08.338000,416.7691337706585,1005
2024-09-16 11:14:08.421000,416.7693655758747,102
2024-09-16 11:14:08.652000,416.7643231928397,105
2024-09-16 11:14:08.763000,416.7640676833116,103
2024-09-16 11:14:08.775000,416.7669445502742,12
2024-09-16 11:14:08.892000,416.76054947397296,7
2024-09-16 11:14:08.982000,416.77487871586095,96
2024-09-16 11:14:09.065000,416.7509948725352,104
2024-09-16 11:14:09.414000,416.76697232933066,9
2024-09-16 11:14:09.471000,416.7546866611646,6
2024-09-16 11:14:09.613000,416.7403201921934,996
2024-09-16 11:14:09.850000,416.7788485151652,101
2024-09-16 11:14:09.864000,416.7810125672101,1004
2024-09-16 11:14:09.925000,416.7638751603933,8
2024-09-16 11:14:09.939000,416.7666894081634,996
2024-09-16 11:14:09.949000,416.7767956366216,101
2024-09-16 11:14:10.060000,416.8106672685385,99
2024-09-16 11:14:10.116000,416.8245834252604,101
2024-09-16 11:14:10.370000,416.7852023488159,1003
2024-09-16 11:14:10.433000,416.81344537744366,102
2024-09-16 11:14:10.436000,416.8074375306968,100
2024-09-16 11:14:10.545000,416.8096197657802,10
2024-09-16 11:14:10.604000,416.7958611732104,101
2024-09-16 11:14:10.643000,416.71447738524313,1004
2024-09-16 11:14:10.655000,416.70615906069423,8
2024-09-16 11:14:10.667000,416.78316958072713,14
2024-09-16 11:14:10.767000,416.7461084381982,14
2024-09-16 11:14:10.791000,416.7593319109742,99
2024-09-16 11:14:10.853000,416.7651560210854,999
2024-09-16 11:14:10.877000,416.8029282446705,103
2024-09-16 11:14:10.933000,416.74797863057313,105
2024-09-16 11:14:10.934000,416.77428811457287,5
2024-09-16 11:14:10.976000,416.80137543268336,105
2024-09-16 11:14:11.008000,416.7349520181368,13
2024-09-16 11:14:11.078000,416.7310092228273,95
2024-09-16 11:14:11.170000,416.742213351627,9
2024-09-16 11:14:11.319000,416.7425079240028,100
2024-09-16 11:14:11.483000,416.7382196347429,1005
2024-09-16 11:14:11.542000,416.7335574487776,996
2024-09-16 11:14:11.739000,416.74155349484886,1005
2024-09-16 11:14:11.747000,416.7451130379182,12
2024-09-16 11:14:11.801000,416.7142970180148,7
2024-09-16 11:14:11.879000,416.73913632488353,995
2024-09-16 11:14:11.937000,416.7298209836563,97
2024-09-16 11:14:11.963000,416.7295470176272,97
2024-09-16 11:14:11.978000,416.7163461797119,1005
2024-09-16 11:14:12.010000,416.7903690504626,995
2024-09-16 11:14:12.016000,416.7898134368288,11
2024-09-16 11:14:12.137000,416.7740107544432,99
2024-09-16 11:14:12.138000,416.7211530491486,1000
2024-09-16 11:14:12.155000,416.71774347947655,104
2024-09-16 11:14:12.162000,416.7220217591265,6
2024-09-16 11:14:12.192000,416.7580972349047,104
2024-09-16 11:14:12.258000,416.8051117548334,12
2024-09-16 11:14:12.293000,416.7183344388069,5
2024-09-16 11:14:12.333000,416.7851305612292,12
2024-09-16 11:14:12.353000,416.7265799456434,12
2024-09-16 11:14:12.394000,416.717524386024,11
2024-09-16 11:14:12.398000,416.7627963187604,103
2024-09-16 11:14:12.680000,416.8001309827935,102
2024-09-16 11:14:12.689000,416.7688119528879,8
2024-09-16 11:14:12.745000,416.8261147774085,995
2024-09-16 11:14:12.859000,416.73547980635857,104
2024-09-16 11:14:12.868000,416.7475268375914,1000
2024-09-16 11:14:12.903000,416.7563739345232,998
2024-09-16 11:14:12.919000,416.7571941045864,996
2024-09-16 11:14:12.956000,416.7558529549869,1000
2024-09-16 11:14:12.983000,416.7246596262648,1000
2024-09-16 11:14:12.999000,416.7823662417952,96
2024-09-16 11:14:13.272000,416.7696372175837,101
2024-09-16 11:14:13.319000,416.74842561171647,97
2024-09-16 11:14:13.369000,416.76812667050746,5
2024-09-16 11:14:13.543000,416.74640082651456,999
2024-09-16 11:14:13.611000,416.72599527202937,996
2024-09-16 11:14:13.672000,416.7251722979027,15
2024-09-16 11:14:13.920000,416.7387964634914,7
2024-09-16 11:14:13.970000,416.7355854921421,100
2024-09-16 11:14:14.040000,416.6749762841441,8
2024-09-16 11:14:14.113000,416.71422889480806,101
2024-09-16 11:14:14.126000,416.74056961190064,7
2024-09-16 11:14:14.174000,416.7624628967861,1002
2024-09-16 11:14:14.336000,416.75286543995526,1000
2024-09-16 11:14:14.346000,416.7611357018265,9
2024-09-16 11:14:14.426000,416.7626867240886,7
2024-09-16 11:14:14.568000,416.7162851302829,98
2024-09-16 11:14:14.586000,416.69945351314885,1002
2024-09-16 11:14:14.592000,416.7259642717403,14
2024-09-16 11:14:14.749000,416.70502754961575,8
2024-09-16 11:14:14.849000,416.6969511802789,996
2024-09-16 11:14:14.935000,416.6982241024116,5
2024-09-16 11:14:14.963000,416.6931955384293,13
2024-09-16 11:14:15.014000,416.62728095370727,15
2024-09-16 11:14:15.030000,416.7335448458172,12
2024-09-16 11:14:15.135000,416.7114212068653,6
2024-09-16 11:14:15.158000,416.7808950037905,7
2024-09-16 11:14:15.164000,416.6628845706717,105
2024-09-16 11:14:15.185000,416.64851247603,10
2024-09-16 11:14:15.185000,416.6657695841425,95
2024-09-16 11:14:15.255000,416.7899428071179,10
2024-09-16 11:14:15.348000,416.7308952907637,99
2024-09-16 11:14:15.354000,416.70767298691305,10
2024-09-16 11:14:15.394000,416.6682451905403,97
2024-09-16 11:14:15.459000,416.6601279260898,8
2024-09-16 11:14:15.489000,416.6873682409789,1001
2024-09-16 11:14:15.490000,416.66976346040485,1004
2024-09-16 11:14:15.585000,416.632301213109,7
2024-09-16 11:14:15.590000,416.7675787199569,1002
2024-09-16 11:14:15.716000,416.8034041251023,995
2024-09-16 11:14:15.728000,416.8011714673721,15
2024-09-16 11:14:15.737000,416.68300051945977,999
2024-09-16 11:14:15.764000,416.72331088722575,100
2024-09-16 11:14:15.782000,416.731231820775,101
2024-09-16 11:14:15.875000,416.7287402493976,13
2024-09-16 11:14:15.902000,416.7776791884549,101
2024-09-16 11:14:15.935000,416.6585673455429,999
2024-09-16 11:14:15.959000,416.771514826963,99
2024-09-16 11:14:15.974000,416.79978968168143,12
2024-09-16 11:14:15.989000,416.7823104683037,999
2024-09-16 11:14:16.002000,416.8326908752054,15
2024-09-16 11:14:16.092000,416.7989483922893,1005
2024-09-16 11:14:16.119000,416.8081404649693,11
2024-09-16 11:14:16.149000,416.77700703955816,101
2024-09-16 11:14:16.176000,416.8186500759138,5
2024-09-16 11:14:16.222000,416.784633841988,103
2024-09-16 11:14:16.329000,416.8153406839363,12
2024-09-16 11:14:16.404000,416.8166305961605,99
2024-09-16 11:14:16.479000,416.7916887199114,12
2024-09-16 11:14:16.488000,416.7747078307629,100
2024-09-16 11:14:16.530000,416.8040032061217,1001
2024-09-16 11:14:16.585000,416.7887862199904,95
2024-09-16 11:14:16.585000,416.7828651343215,13
2024-09-16 11:14:16.612000,416.77517545338793,7
2024-09-16 11:14:16.657000,416.8285132910301,6
2024-09-16 11:14:16.782000,416.8114240509128,996
2024-09-16 11:14:16.929000,416.7924956347916,1002
2024-09-16 11:14:17.155000,416.8036914720757,12
2024-09-16 11:14:17.905000,416.80174560568577,998
2024-09-16 11:14:17.949000,416.8015780479574,15
2024-09-16 11:14:18.799000,416.7988493587667,95
2024-09-16 11:14:19.031000,416.8163014388248,101
2024-09-16 11:14:19.247000,416.8216160020372,1004
2024-09-16 11:14:19.285000,416.8413529824933,7
2024-09-16 11:14:19.500000,416.8106051144792,995
2024-09-16 11:14:19.563000,416.81294051838,14
2024-09-16 11:14:19.583000,416.8432963082083,1003
2024-09-16 11:14:19.845000,416.800297211137,95
2024-09-16 11:14:19.951000,416.8460948442988,12
2024-09-16 11:14:20.114000,416.84979394893503,8
2024-09-16 11:14:20.170000,416.8910013429263,998
2024-09-16 11:14:20.245000,416.847555036932,100
2024-09-16 11:14:20.283000,416.8574770171585,996
2024-09-16 11:14:20.356000,416.84831674696414,998
2024-09-16 11:14:20.424000,416.8719309389697,999
2024-09-16 11:14:20.533000,416.8265757321155,97
2024-09-16 11:14:20.599000,416.8515733249025,997
2024-09-16 11:14:21.001000,416.7752313237471,998
2024-09-16 11:14:21.063000,416.7694269545737,98
2024-09-16 11:14:21.081000,416.8868271981592,995
2024-09-16 11:14:21.119000,416.7810399435898,102
2024-09-16 11:14:21.196000,416.8740466952686,996
2024-09-16 11:14:21.197000,416.8385057715493,13
2024-09-16 11:14:21.257000,416.7663830508163,5
2024-09-16 11:14:21.266000,416.7780153241296,13
2024-09-16 11:14:21.312000,416.7353756403635,101
2024-09-16 11:14:21.376000,416.8446957484889,6
2024-09-16 11:14:21.423000,416.8900608797308,13
2024-09-16 11:14:21.425000,416.8249333853522,102
2024-09-16 11:14:21.465000,416.7676773041444,103
2024-09-16 11:14:21.566000,416.7761542873582,1000
2024-09-16 11:14:21.570000,416.8798344278159,100
2024-09-16 11:14:21.583000,416.8694044601645,1005
2024-09-16 11:14:21.584000,416.86660930298456,1003
2024-09-16 11:14:21.592000,416.78260093708514,1000
2024-09-16 11:14:21.618000,416.8597702547037,104
2024-09-16 11:14:21.628000,416.89567297873054,10
2024-09-16 11:14:21.637000,416.8126735289434,100
2024-09-16 11:14:21.641000,416.7527044305928,5
2024-09-16 11:14:21.783000,416.8496228759579,9
2024-09-16 11:14:21.785000,416.8423477755844,11
2024-09-16 11:14:21.874000,416.8840199672642,97
2024-09-16 11:14:21.951000,416.88416361137865,100
2024-09-16 11:14:21.972000,416.8754107997071,1000
2024-09-16 11:14:22.026000,416.7145400938045,11
2024-09-16 11:14:22.053000,416.7113146952433,1000
2024-09-16 11:14:22.144000,416.7138049478333,995
2024-09-16 11:14:22.233000,416.7170694561685,14
2024-09-16 11:14:22.272000,416.7201278527849,11
2024-09-16 11:14:22.360000,416.72945109681,6
2024-09-16 11:14:22.597000,416.7238381807469,105
2024-09-16 11:14:22.762000,416.7070558510388,99
2024-09-16 11:14:22.785000,416.7358122442423,98
2024-09-16 11:14:22.911000,416.7180921753136,97
2024-09-16 11:14:23.133000,416.6900016395545,1004
2024-09-16 11:14:23.146000,416.6922369191745,105
2024-09-16 11:14:23.235000,416.6732402713326,96
2024-09-16 11:14:23.394000,416.6410938175554,1000
2024-09-16 11:14:23.466000,416.6929263244893,995
2024-09-16 11:14:23.601000,416.65908642755744,1001
2024-09-16 11:14:23.725000,416.65409891559705,8
2024-09-16 11:14:23.741000,416.7025635443681,100
2024-09-16 11:14:23.773000,416.7010360067737,10
2024-09-16 11:14:23.857000,416.6843059452439,7
2024-09-16 11:14:23.864000,416.70185794278046,999
2024-09-16 11:14:23.908000,416.697618345787,11
2024-09-16 11:14:23.956000,416.6733988340419,995
2024-09-16 11:14:24.469000,416.60121322011366,8
2024-09-16 11:14:24.518000,416.61028599716417,97
2024-09-16 11:14:24.725000,416.6473429967135,103
2024-09-16 11:14:24.765000,416.58952028984754,12
2024-09-16 11:14:24.773000,416.6119015958079,10
2024-09-16 11:14:25.156000,416.61291222406095,9
2024-09-16 11:14:25.162000,416.5889211602002,12
2024-09-16 11:14:25.171000,416.5518767998456,996
2024-09-16 11:14:25.183000,416.59701830036255,997
2024-09-16 11:14:25.233000,416.5684984333225,102
2024-09-16 11:14:25.253000,416.5625391685862,96
2024-09-16 11:14:25.293000,416.577021235915,999
2024-09-16 11:14:25.300000,416.5968052637507,8
2024-09-16 11:14:25.324000,416.5894065782111,1000
2024-09-16 11:14:25.383000,416.59460313115534,101
2024-09-16 11:14:25.424000,416.5827483582926,11
2024-09-16 11:14:25.481000,416.6066311324609,1000
2024-09-16 11:14:25.490000,416.603939634878,102
2024-09-16 11:14:25.543000,416.5636661913722,1003
2024-09-16 11:14:25.561000,416.5655619212196,9
2024-09-16 11:14:25.605000,416.5516144404559,6
2024-09-16 11:14:25.609000,416.5545137230148,5
2024-09-16 11:14:25.654000,416.5745851984068,11
2024-09-16 11:14:25.772000,416.5478202601168,1001
2024-09-16 11:14:25.785000,416.5727826941272,8
2024-09-16 11:14:25.849000,416.5717567319885,9
2024-09-16 11:14:25.855000,416.5647963313304,15
2024-09-16 11:14:26.020000,416.604854769062,101
2024-09-16 11:14:26.084000,416.59702059854783,8
2024-09-16 11:14:26.160000,416.5963061396374,999
2024-09-16 11:14:26.235000,416.5965148276341,998
2024-09-16 11:14:26.249000,416.6027544489687,95
2024-09-16 11:14:26.405000,416.60895931124907,99
2024-09-16 11:14:26.483000,416.5927038113728,1000
2024-09-16 11:14:26.678000,416.6266714875028,11
2024-09-16 11:14:26.710000,416.5831710231335,15
2024-09-16 11:14:26.772000,416.592402248809,95
2024-09-16 11:14:26.791000,416.5741592990264,97
2024-09-16 11:14:26.866000,416.59005368942746,5
2024-09-16 11:14:26.887000,416.60932611749246,9
2024-09-16 11:14:26.956000,416.6280808187231,1004
2024-09-16 11:14:27.075000,416.5879332088178,100
2024-09-16 11:14:27.117000,416.56967718798086,105
2024-09-16 11:14:27.214000,416.54754250920496,96
2024-09-16 11:14:27.275000,416.5806244533073,9
2024-09-16 11:14:27.285000,416.6379495973768,1001
2024-09-16 11:14:27.431000,416.562938637823,13
2024-09-16 11:14:27.472000,416.6609357568233,1005
2024-09-16 11:14:27.489000,416.5956498916936,1004
2024-09-16 11:14:27.516000,416.530993666218,1003
2024-09-16 11:14:27.550000,416.540726567758,1004
2024-09-16 11:14:27.583000,416.555783968636,9
2024-09-16 11:14:27.629000,416.5569236372023,6
2024-09-16 11:14:27.639000,416.5540169989616,1004
2024-09-16 11:14:27.651000,416.6403724412795,10
2024-09-16 11:14:27.747000,416.6085597826977,5
2024-09-16 11:14:27.782000,416.5405841422423,13
2024-09-16 11:14:27.788000,416.62983098926594,101
2024-09-16 11:14:27.837000,416.5350129923631,1001
2024-09-16 11:14:27.961000,416.6323683945176,1004
2024-09-16 11:14:27.981000,416.6436259203792,996
2024-09-16 11:14:28.017000,416.63333376455273,995
2024-09-16 11:14:28.057000,416.6127572614362,6
2024-09-16 11:14:28.100000,416.613153997968,95
2024-09-16 11:14:28.144000,416.7323048686688,15
2024-09-16 11:14:28.189000,416.70192632607234,998
2024-09-16 11:14:28.220000,416.700825422932,999
2024-09-16 11:14:28.273000,416.6679859866557,12
2024-09-16 11:14:28.317000,416.7173946064628,12
2024-09-16 11:14:28.357000,416.7199985220884,1005
2024-09-16 11:14:28.381000,416.7028447599794,1004
2024-09-16 11:14:28.443000,416.65814505548485,103
2024-09-16 11:14:28.452000,416.7099147162618,102
2024-09-16 11:14:28.475000,416.64815997125686,998
2024-09-16 11:14:28.483000,416.73575271760745,7
2024-09-16 11:14:28.517000,416.7081075361894,13
2024-09-16 11:14:28.517000,416.6386121061938,13
2024-09-16 11:14:28.545000,416.6139931323212,102
2024-09-16 11:14:28.556000,416.6545012240394,8
2024-09-16 11:14:28.687000,416.6104755853168,995
2024-09-16 11:14:28.710000,416.6958850998014,12
2024-09-16 11:14:28.731000,416.7071739790596,1000
2024-09-16 11:14:28.762000,416.7413375206594,1002
2024-09-16 11:14:28.800000,416.7149133322278,101
2024-09-16 11:14:28.827000,416.6919655815116,9
2024-09-16 11:14:28.885000,416.6479975439378,997
2024-09-16 11:14:28.886000,416.6428575362278,98
2024-09-16 11:14:28.919000,416.7084959030823,95
2024-09-16 11:14:28.967000,416.6239034341935,102
2024-09-16 11:14:28.978000,416.6308754145183,997
2024-09-16 11:14:28.979000,416.6959032846749,13
2024-09-16 11:14:29.034000,416.7330834404024,98
2024-09-16 11:14:29.086000,416.7191225604333,102
2024-09-16 11:14:29.105000,416.731271096266,101
2024-09-16 11:14:29.131000,416.72694150235606,99
2024-09-16 11:14:29.233000,416.7437105700841,105
2024-09-16 11:14:29.258000,416.71629222695,9
2024-09-16 11:14:29.266000,416.7015856348359,15
2024-09-16 11:14:29.296000,416.7123700689637,5
2024-09-16 11:14:29.429000,416.7202659154639,11
2024-09-16 11:14:29.437000,416.71680372213694,105
2024-09-16 11:14:29.508000,416.7500795875684,6
2024-09-16 11:14:29.608000,416.73918404763936,998
2024-09-16 11:14:29.646000,416.7294108871011,1004
2024-09-16 11:14:29.667000,416.7213861695722,1001
2024-09-16 11:14:29.744000,416.747591928922,99
2024-09-16 11:14:29.757000,416.7139836159424,96
2024-09-16 11:14:29.793000,416.72130548228,15
2024-09-16 11:14:29.969000,416.7030704614832,1005
2024-09-16 11:14:30.009000,416.7193219610252,997
2024-09-16 11:14:30.038000,416.70243272944,995
2024-09-16 11:14:30.063000,416.6690699098309,8
2024-09-16 11:14:30.177000,416.6935581969199,8
2024-09-16 11:14:30.217000,416.6805223702642,97
2024-09-16 11:14:30.226000,416.6902658964905,1000
2024-09-16 11:14:30.262000,416.696496593319,12
2024-09-16 11:14:30.280000,416.6873918480588,1003
2024-09-16 11:14:30.335000,416.7199689672093,99
2024-09-16 11:14:30.405000,416.66497780548656,1000
2024-09-16 11:14:30.452000,416.6824422755487,1004
2024-09-16 11:14:30.522000,416.6172620962576,95
2024-09-16 11:14:30.582000,416.7209607735499,96
2024-09-16 11:14:30.694000,416.6197989756808,12
2024-09-16 11:14:30.710000,416.6309126110812,1004
2024-09-16 11:14:30.779000,416.6799080879403,1001
2024-09-16 11:14:30.806000,416.62943477323904,998
2024-09-16 11:14:30.921000,416.6329215333373,10
2024-09-16 11:14:30.925000,416.6358749206332,1003
2024-09-16 11:14:30.952000,416.6169771251536,100
2024-09-16 11:14:30.995000,416.6321566141164,1002
2024-09-16 11:14:31.006000,416.6121807984652,1002
2024-09-16 11:14:31.189000,416.59922288587165,102
2024-09-16 11:14:31.310000,416.6089839147036,996
2024-09-16 11:14:31.341000,416.6280104128049,101
2024-09-16 11:14:31.443000,416.5975881806296,15
2024-09-16 11:14:31.448000,416.6063374997032,11
2024-09-16 11:14:31.573000,416.6124641141616,1005
2024-09-16 11:14:31.715000,416.6070334720567,6
2024-09-16 11:14:31.741000,416.6076670445938,97
2024-09-16 11:14:31.743000,416.6085705928327,997
2024-09-16 11:14:31.807000,416.6289671138524,8
2024-09-16 11:14:31.819000,416.60635427874985,105
2024-09-16 11:14:31.833000,416.5946651518946,7
2024-09-16 11:14:31.910000,416.61892904153615,100
2024-09-16 11:14:32.030000,416.5401422339297,102
2024-09-16 11:14:32.074000,416.5125631326964,101
2024-09-16 11:14:32.084000,416.5378083562355,10
2024-09-16 11:14:32.111000,416.5562291512841,99
2024-09-16 11:14:32.132000,416.5332396531839,7
2024-09-16 11:14:32.146000,416.55011244109545,10
2024-09-16 11:14:32.186000,416.5221434298463,13
2024-09-16 11:14:32.230000,416.48226885634034,103
2024-09-16 11:14:32.234000,416.55847274892,997
2024-09-16 11:14:32.257000,416.5695375374856,1004
2024-09-16 11:14:32.292000,416.5772939093204,12
2024-09-16 11:14:32.362000,416.5527755118896,996
2024-09-16 11:14:32.411000,416.5687034225381,96
2024-09-16 11:14:32.525000,416.50918235539547,997
2024-09-16 11:14:32.556000,416.5796370764969,10
2024-09-16 11:14:32.585000,416.4771081209113,15
2024-09-16 11:14:32.608000,416.5508073955133,995
2024-09-16 11:14:32.621000,416.5526568297443,998
2024-09-16 11:14:32.648000,416.5358121141856,9
2024-09-16 11:14:32.653000,416.5416655941455,12
2024-09-16 11:14:32.674000,416.5263643276028,12
2024-09-16 11:14:32.750000,416.54905954239575,999
2024-09-16 11:14:32.773000,416.5455766187978,1002
2024-09-16 11:14:32.796000,416.554778957789,1005
2024-09-16 11:14:32.836000,416.5349195335354,1001
2024-09-16 11:14:32.892000,416.5280850072292,1002
2024-09-16 11:14:32.927000,416.527786329253,105
2024-09-16 11:14:32.928000,416.5600945347495,102
2024-09-16 11:14:32.981000,416.5619554947538,97
2024-09-16 11:14:33.080000,416.4244787803379,997
2024-09-16 11:14:33.098000,416.4406992918561,97
2024-09-16 11:14:33.146000,416.4468201744149,101
2024-09-16 11:14:33.196000,416.4281999108866,1005
2024-09-16 11:14:33.308000,416.4625869844083,14
2024-09-16 11:14:33.310000,416.46233534099446,996
2024-09-16 11:14:33.414000,416.457095828171,101
2024-09-16 11:14:33.440000,416.4377241993605,8
2024-09-16 11:14:33.440000,416.4297831632276,1005
2024-09-16 11:14:33.442000,416.49667075193406,14
2024-09-16 11:14:33.478000,416.4658521924367,1001
2024-09-16 11:14:33.479000,416.4424957516843,95
2024-09-16 11:14:33.570000,416.46401269172026,7
2024-09-16 11:14:33.619000,416.440383974668,11
2024-09-16 11:14:33.637000,416.4320551410008,996
2024-09-16 11:14:33.647000,416.4245713778709,102
2024-09-16 11:14:33.650000,416.4481244954603,6
2024-09-16 11:14:33.667000,416.4344782611356,97
2024-09-16 11:14:33.698000,416.4216045706281,95
2024-09-16 11:14:33.769000,416.4177468927536,998
2024-09-16 11:14:33.779000,416.4677071317316,105
2024-09-16 11:14:33.798000,416.4581497835976,5
2024-09-16 11:14:33.866000,416.4478594887989,1005
2024-09-16 11:14:33.867000,416.4674875730496,15
2024-09-16 11:14:33.896000,416.48903118383765,15
2024-09-16 11:14:33.961000,416.46122053627846,96
2024-09-16 11:14:34.052000,416.3798707535033,96
2024-09-16 11:14:34.145000,416.3901201768057,11
2024-09-16 11:14:34.161000,416.3096838656128,105
2024-09-16 11:14:34.274000,416.3818988384869,1000
2024-09-16 11:14:34.331000,416.3327347690151,104
2024-09-16 11:14:34.388000,416.3902327684409,9
2024-09-16 11:14:34.388000,416.3697519274809,1005
2024-09-16 11:14:34.431000,416.3028883888614,8
2024-09-16 11:14:34.466000,416.35128676079006,999
2024-09-16 11:14:34.470000,416.2750402893541,99
2024-09-16 11:14:34.551000,416.3631534106296,1001
2024-09-16 11:14:34.566000,416.2971898762934,98
2024-09-16 11:14:34.621000,416.325906279247,996
2024-09-16 11:14:34.624000,416.3894845448043,1003
2024-09-16 11:14:34.637000,416.4043580241953,15
2024-09-16 11:14:34.650000,416.3981854780206,1001
2024-09-16 11:14:34.741000,416.2950705466648,103
2024-09-16 11:14:34.790000,416.3136524233767,15
2024-09-16 11:14:34.814000,416.4004856854477,95
2024-09-16 11:14:34.831000,416.39213489128525,997
2024-09-16 11:14:34.867000,416.3266488472928,11
2024-09-16 11:14:34.987000,416.325583340483,98
2024-09-16 11:14:34.994000,416.318372450969,1005
2024-09-16 11:14:35.057000,416.2673695637324,1005
2024-09-16 11:14:35.204000,416.254066857237,11
2024-09-16 11:14:35.220000,416.2904064351297,99
2024-09-16 11:14:35.224000,416.2717400616386,13
2024-09-16 11:14:35.353000,416.2565612798263,102
2024-09-16 11:14:35.489000,416.2652617500953,997
2024-09-16 11:14:35.510000,416.3026616301372,101
2024-09-16 11:14:36.038000,416.3045517384264,104
2024-09-16 11:14:36.060000,416.3114054350597,7
2024-09-16 11:14:36.131000,416.29613645746014,1000
2024-09-16 11:14:36.311000,416.3205440698378,101
2024-09-16 11:14:36.388000,416.2884684069722,1005
2024-09-16 11:14:36.669000,416.3099749489273,7
2024-09-16 11:14:36.708000,416.29439545374686,1003
2024-09-16 11:14:36.718000,416.3279344028202,1002
2024-09-16 11:14:36.849000,416.3351241194295,103
2024-09-16 11:14:36.866000,416.3224910310608,102
2024-09-16 11:14:37.034000,416.2770993421629,1005
2024-09-16 11:14:37.071000,416.30241646383,97
2024-09-16 11:14:37.072000,416.26302624758273,13
2024-09-16 11:14:37.192000,416.2653619078205,11
2024-09-16 11:14:37.235000,416.29942516880834,1002
2024-09-16 11:14:37.259000,416.2705720106706,102
2024-09-16 11:14:37.318000,416.2931461536385,995
2024-09-16 11:14:37.346000,416.2770948414024,105
2024-09-16 11:14:37.352000,416.27510486549824,105
2024-09-16 11:14:37.355000,416.2610186299793,1005
2024-09-16 11:14:37.431000,416.26951967128986,9
2024-09-16 11:14:37.457000,416.30151052527486,98
2024-09-16 11:14:37.535000,416.2613190914045,1004
2024-09-16 11:14:37.561000,416.30257224329006,95
2024-09-16 11:14:37.568000,416.2789073176775,6
2024-09-16 11:14:37.584000,416.3330819075236,1002
2024-09-16 11:14:37.599000,416.2738645678464,101
2024-09-16 11:14:37.624000,416.30847323080553,102
2024-09-16 11:14:37.643000,416.3015845401733,1003
2024-09-16 11:14:37.661000,416.26274097260864,6
2024-09-16 11:14:37.749000,416.3102072498016,7
2024-09-16 11:14:37.789000,416.2833731661357,999
2024-09-16 11:14:37.800000,416.26889237666586,100
2024-09-16 11:14:37.925000,416.2699493358313,1000
2024-09-16 11:14:37.971000,416.2715670225071,102
2024-09-16 11:14:37.976000,416.2983256834888,14
2024-09-16 11:14:38.011000,416.256861336869,95
2024-09-16 11:14:38.353000,416.2907354837371,1004
2024-09-16 11:14:38.451000,416.2803498102687,997
2024-09-16 11:14:38.513000,416.27649573020216,96
2024-09-16 11:14:38.589000,416.2694314942207,104
2024-09-16 11:14:38.625000,416.26985825197215,11
2024-09-16 11:14:38.631000,416.2773994108575,97
2024-09-16 11:14:38.946000,416.26686905168606,1005
2024-09-16 11:14:39.222000,416.2936826564468,10
2024-09-16 11:14:39.285000,416.30699059211,15
2024-09-16 11:14:39.300000,416.305586575525,1001
2024-09-16 11:14:39.346000,416.3035664933865,1004
2024-09-16 11:14:39.375000,416.3124150336478,1000
2024-09-16 11:14:39.411000,416.3098571557644,995
2024-09-16 11:14:39.416000,416.28436867740913,95
2024-09-16 11:14:39.505000,416.2967363809208,12
2024-09-16 11:14:39.673000,416.3255112027647,1004
2024-09-16 11:14:39.695000,416.3066558250642,997
2024-09-16 11:14:39.865000,416.32803141348006,996
2024-09-16 11:14:39.896000,416.3221774286092,98
2024-09-16 11:14:39.986000,416.2854005965253,103
2024-09-16 11:14:39.996000,416.30939855172056,105
2024-09-16 11:14:41.069000,416.257264606762,10
2024-09-16 11:14:41.071000,416.272506974829,13
2024-09-16 11:14:41.114000,416.3270989382455,997
2024-09-16 11:14:41.123000,416.3146449593848,15
2024-09-16 11:14:41.135000,416.3229890200565,100
2024-09-16 11:14:41.140000,416.3293402129187,12
2024-09-16 11:14:41.264000,416.2660131255663,1000
2024-09-16 11:14:41.271000,416.3349650098704,100
2024-09-16 11:14:41.307000,416.3285770397706,104
2024-09-16 11:14:41.337000,416.3223921799414,1005
2024-09-16 11:14:41.343000,416.29750285746366,1002
2024-09-16 11:14:41.380000,416.31857150825306,7
2024-09-16 11:14:41.513000,416.330777811904,101
2024-09-16 11:14:41.537000,416.3509419663287,996
2024-09-16 11:14:41.614000,416.321757374056,14
2024-09-16 11:14:41.626000,416.344344926231,14
2024-09-16 11:14:41.628000,416.347338247642,9
2024-09-16 11:14:41.721000,416.3295871527642,101
2024-09-16 11:14:41.756000,416.3292333746798,101
2024-09-16 11:14:41.792000,416.3033511486951,1001
2024-09-16 11:14:41.816000,416.312766466784,95
2024-09-16 11:14:41.839000,416.2751905457972,998
2024-09-16 11:14:41.877000,416.3328280301139,7
2024-09-16 11:14:41.882000,416.26861890001777,6
2024-09-16 11:14:41.921000,416.3447506357068,996
2024-09-16 11:14:41.935000,416.3144259736799,97
2024-09-16 11:14:41.935000,416.3275051346709,101
2024-09-16 11:14:41.960000,416.2979074416485,98
2024-09-16 11:14:43.021000,416.23038535810696,998
2024-09-16 11:14:43.105000,416.26828794434016,99
2024-09-16 11:14:43.169000,416.3504859607238,102
2024-09-16 11:14:43.199000,416.3352048828152,995
2024-09-16 11:14:43.211000,416.2356719616804,15
2024-09-16 11:14:43.239000,416.2615279059293,96
2024-09-16 11:14:43.273000,416.33738688645286,10
2024-09-16 11:14:43.287000,416.3291536185075,998
2024-09-16 11:14:43.340000,416.2659121029607,103
2024-09-16 11:14:43.382000,416.2927534706205,101
2024-09-16 11:14:43.445000,416.3036271005245,1000
2024-09-16 11:14:43.452000,416.2335082965368,1001
2024-09-16 11:14:43.466000,416.3415063712024,100
2024-09-16 11:14:43.475000,416.35228428445816,97
2024-09-16 11:14:43.476000,416.2586670026437,1005
2024-09-16 11:14:43.678000,416.3188854663501,1002
2024-09-16 11:14:43.799000,416.2832817013211,998
2024-09-16 11:14:43.958000,416.3504234554191,6
2024-09-16 11:14:44.026000,416.1772629951759,9
2024-09-16 11:14:44.240000,416.2119786272894,101
2024-09-16 11:14:45,416.2130293499075,102
2024-09-16 11:14:45.224000,416.1855492773713,98
2024-09-16 11:14:45.375000,416.18568270280457,104
2024-09-16 11:14:45.389000,416.2144608125839,9
2024-09-16 11:14:45.396000,416.2011544001248,99
2024-09-16 11:14:45.618000,416.1754528136661,101
2024-09-16 11:14:45.652000,416.2179297419474,13
2024-09-16 11:14:45.742000,416.1963778992632,1000
2024-09-16 11:14:45.767000,416.2214652054493,1003
2024-09-16 11:14:46.194000,416.2277437722429,996
2024-09-16 11:14:46.199000,416.23019555325374,1002
2024-09-16 11:14:46.239000,416.24903926289767,95
2024-09-16 11:14:46.333000,416.2302526291314,1005
2024-09-16 11:14:46.420000,416.2390747191191,5
2024-09-16 11:14:46.647000,416.2250195306386,999
2024-09-16 11:14:46.715000,416.23442886147296,11
2024-09-16 11:14:47.019000,416.2024384386734,997
2024-09-16 11:14:47.195000,416.1481350149761,1002
2024-09-16 11:14:47.220000,416.2144720686119,103
2024-09-16 11:14:47.317000,416.176734762814,5
2024-09-16 11:14:47.324000,416.1877200373097,105
2024-09-16 11:14:47.368000,416.1858551052576,8
2024-09-16 11:14:47.393000,416.20642281374256,996
2024-09-16 11:14:47.406000,416.1602008059353,12
2024-09-16 11:14:47.408000,416.19107526154886,8
2024-09-16 11:14:47.536000,416.158051143357,998
2024-09-16 11:14:47.543000,416.17021256024833,1001
2024-09-16 11:14:47.638000,416.18249101126366,9
2024-09-16 11:14:47.886000,416.17675327066087,102
2024-09-16 11:14:47.953000,416.1787756272361,103
2024-09-16 11:14:48.104000,416.1661643642284,1001
2024-09-16 11:14:48.148000,416.19636098062057,12
2024-09-16 11:14:48.198000,416.183379977321,1001
2024-09-16 11:14:48.289000,416.1743322126871,10
2024-09-16 11:14:48.319000,416.2028050802761,98
2024-09-16 11:14:48.387000,416.1970705930565,1004
2024-09-16 11:14:48.440000,416.1964242845964,103
2024-09-16 11:14:48.850000,416.2098120632349,14
2024-09-16 11:14:48.926000,416.2095556958499,95
2024-09-16 11:14:50.052000,416.1833793302009,1004
2024-09-16 11:14:50.080000,416.2298206345424,105
2024-09-16 11:14:50.080000,416.2095758900172,6
2024-09-16 11:14:50.084000,416.1864284880032,99
2024-09-16 11:14:50.120000,416.1914374824328,11
2024-09-16 11:14:50.134000,416.2256945288997,97
2024-09-16 11:14:50.160000,416.1886824202427,1001
2024-09-16 11:14:50.165000,416.1954687878789,1004
2024-09-16 11:14:50.169000,416.2007668394649,995
2024-09-16 11:14:50.293000,416.1855677016361,103
2024-09-16 11:14:50.338000,416.1907115985068,1002
2024-09-16 11:14:50.376000,416.1947863801869,14
2024-09-16 11:14:50.411000,416.15731054153423,5
2024-09-16 11:14:50.433000,416.20669328087007,105
2024-09-16 11:14:50.506000,416.18898950912927,95
2024-09-16 11:14:50.509000,416.202042166029,8
2024-09-16 11:14:50.548000,416.1928470920304,1003
2024-09-16 11:14:50.560000,416.2018330040858,11
2024-09-16 11:14:50.564000,416.1730502800983,101
2024-09-16 11:14:50.569000,416.20364072247713,6
2024-09-16 11:14:50.626000,416.1825696786698,1002
2024-09-16 11:14:50.647000,416.2156841527499,6
2024-09-16 11:14:50.694000,416.1986294101833,11
2024-09-16 11:14:50.732000,416.1952445113584,13
2024-09-16 11:14:50.782000,416.2167970118238,1001
2024-09-16 11:14:50.813000,416.2361793258093,997
2024-09-16 11:14:50.864000,416.17768192898416,999
2024-09-16 11:14:50.993000,416.2157973848972,12
2024-09-16 11:14:51.058000,416.11177612393584,103
2024-09-16 11:14:51.074000,416.08562934916495,1004
2024-09-16 11:14:51.096000,416.152866081897,8
2024-09-16 11:14:51.152000,416.1122073034608,101
2024-09-16 11:14:51.262000,416.1283642559087,11
2024-09-16 11:14:51.404000,416.1219927221836,6
2024-09-16 11:14:51.496000,416.1185088381295,7
2024-09-16 11:14:51.518000,416.128867576543,13
2024-09-16 11:14:51.543000,416.100030283876,8
2024-09-16 11:14:51.694000,416.096773904064,1001
2024-09-16 11:14:51.706000,416.122439601849,8
2024-09-16 11:14:51.738000,416.125549298982,101
2024-09-16 11:14:51.828000,416.17231468929685,12
2024-09-16 11:14:51.871000,416.161798680053,99
2024-09-16 11:14:51.943000,416.1005980440396,10
2024-09-16 11:14:51.967000,416.14557778722127,6
2024-09-16 11:14:52.724000,416.0793135532075,103
2024-09-16 11:14:53.054000,416.0370910301892,104
2024-09-16 11:14:53.077000,416.03652997328055,104
2024-09-16 11:14:53.082000,416.0246084547764,102
2024-09-16 11:14:53.214000,415.9670871883767,1002
2024-09-16 11:14:53.269000,415.9464014726654,100
2024-09-16 11:14:53.321000,416.0771232974607,1003
2024-09-16 11:14:53.514000,416.0132769935374,1002
2024-09-16 11:14:53.565000,415.9828648555481,95
2024-09-16 11:14:53.587000,415.9730013784625,95
2024-09-16 11:14:53.607000,416.08173105058125,996
2024-09-16 11:14:53.684000,416.0707906682887,12
2024-09-16 11:14:53.699000,416.04273948978914,15
2024-09-16 11:14:53.722000,415.9685327041532,997
2024-09-16 11:14:53.776000,416.0484193105853,11
2024-09-16 11:14:53.790000,415.9650915477802,104
2024-09-16 11:14:53.799000,416.0075796374638,99
2024-09-16 11:14:53.905000,416.0580842810392,100
2024-09-16 11:14:53.918000,416.0718215732441,96
2024-09-16 11:14:54.048000,415.9599306133933,997
2024-09-16 11:14:54.067000,415.9770825867337,98
2024-09-16 11:14:54.098000,415.946379280665,1001
2024-09-16 11:14:54.307000,415.9692504218745,1005
2024-09-16 11:14:54.431000,415.9204387475195,998
2024-09-16 11:14:54.578000,415.9361653781321,95
2024-09-16 11:14:54.590000,415.96774166707456,13
2024-09-16 11:14:54.649000,415.9596333283491,1004
2024-09-16 11:14:54.675000,415.9289264751127,1003
2024-09-16 11:14:54.745000,415.9261762564179,995
2024-09-16 11:14:54.760000,415.9691730262563,97
2024-09-16 11:14:54.981000,415.9660563380866,99
2024-09-16 11:14:55.182000,415.8732170147675,995
2024-09-16 11:14:55.275000,415.86952139736576,995
2024-09-16 11:14:55.388000,415.9446110084983,1002
2024-09-16 11:14:55.391000,415.8899837022429,14
2024-09-16 11:14:55.425000,415.84462649679904,1000
2024-09-16 11:14:55.429000,415.84019103043937,998
2024-09-16 11:14:55.493000,415.9027875062239,101
2024-09-16 11:14:55.505000,415.946139762184,97
2024-09-16 11:14:55.512000,415.85261466315575,1002
2024-09-16 11:14:55.555000,415.9593108465997,103
2024-09-16 11:14:55.624000,415.86685555468864,995
2024-09-16 11:14:55.645000,415.8635822597117,995
2024-09-16 11:14:55.730000,415.8969143082826,100
2024-09-16 11:14:55.733000,415.88728761423937,996
2024-09-16 11:14:55.859000,415.9397176475814,95
2024-09-16 11:14:55.888000,415.8617457325463,104
2024-09-16 11:14:55.890000,415.8432926917301,104
2024-09-16 11:14:55.895000,415.9540862737687,103
2024-09-16 11:14:55.910000,415.9038543410621,7
2024-09-16 11:14:55.972000,415.8675249919456,10
2024-09-16 11:14:55.999000,415.92870268313806,1002
2024-09-16 11:14:57.241000,415.8428470112689,11
2024-09-16 11:14:58.016000,415.8203732276087,95
2024-09-16 11:14:58.033000,415.8044550646386,102
2024-09-16 11:14:58.191000,415.9085559288685,100
2024-09-16 11:14:58.217000,415.79066425006056,1001
2024-09-16 11:14:58.218000,415.871967488184,96
2024-09-16 11:14:58.231000,415.8963258070331,995
2024-09-16 11:14:58.240000,415.795478427927,11
2024-09-16 11:14:58.247000,415.8128345780629,5
2024-09-16 11:14:58.296000,415.9211449392782,11
2024-09-16 11:14:58.299000,415.8960077006657,8
2024-09-16 11:14:58.387000,415.86538346226274,9
2024-09-16 11:14:58.404000,415.8743807489735,998
2024-09-16 11:14:58.543000,415.908531212678,13
2024-09-16 11:14:58.585000,415.9180921783298,5
2024-09-16 11:14:58.590000,415.8660987585112,15
2024-09-16 11:14:58.611000,415.7971812800087,1005
2024-09-16 11:14:58.672000,415.879492285706,104
2024-09-16 11:14:58.688000,415.8103125115254,97
2024-09-16 11:14:58.702000,415.8058491828868,14
2024-09-16 11:14:58.721000,415.8359380774029,11
2024-09-16 11:14:58.739000,415.8183404672203,9
2024-09-16 11:14:58.826000,415.8181408195553,104
2024-09-16 11:14:58.828000,415.8109576495908,9
2024-09-16 11:14:58.856000,415.8023464323252,9
2024-09-16 11:14:58.859000,415.836790419558,10
2024-09-16 11:14:58.915000,415.86640642139065,13
2024-09-16 11:14:58.952000,415.83360977101785,1003
2024-09-16 11:14:58.965000,415.8177966093947,98
2024-09-16 11:14:59.049000,415.8717055617482,101
2024-09-16 11:14:59.204000,415.8679811913118,102
2024-09-16 11:14:59.281000,415.8732913209332,6
2024-09-16 11:14:59.295000,415.8608445371494,95
2024-09-16 11:14:59.358000,415.9013816911247,5
2024-09-16 11:14:59.405000,415.86424663023206,101
2024-09-16 11:14:59.420000,415.89444642129126,1004
2024-09-16 11:14:59.489000,415.8911329006328,5
2024-09-16 11:14:59.511000,415.9037529412464,1002
2024-09-16 11:14:59.584000,415.8531115751928,998
2024-09-16 11:14:59.700000,415.8708827093316,105
2024-09-16 11:14:59.764000,415.86578573013,995
2024-09-16 11:14:59.991000,415.8424601446273,13
2024-09-16 11:14:59.996000,415.86241788775664,11
