Timestamp,Price,Size
2024-09-16 15:30:00.037000,415.6574992292861,96
2024-09-16 15:30:00.090000,415.64746054744427,998
2024-09-16 15:30:00.166000,415.670999961762,1003
2024-09-16 15:30:00.223000,415.6511857611485,12
2024-09-16 15:30:00.231000,415.6436366883197,104
2024-09-16 15:30:00.320000,415.6602109857618,98
2024-09-16 15:30:00.352000,415.6343874000484,1000
2024-09-16 15:30:00.449000,415.6555843218123,1003
2024-09-16 15:30:00.460000,415.6629504453376,101
2024-09-16 15:30:00.464000,415.6614443528514,1003
2024-09-16 15:30:00.496000,415.6292201156707,7
2024-09-16 15:30:00.504000,415.6260977332182,101
2024-09-16 15:30:00.504000,415.63232766823575,100
2024-09-16 15:30:00.539000,415.6427057845467,7
2024-09-16 15:30:00.544000,415.6626184205987,13
2024-09-16 15:30:00.562000,415.6456684843414,98
2024-09-16 15:30:00.576000,415.6291917578503,997
2024-09-16 15:30:00.716000,415.6172552494456,101
2024-09-16 15:30:00.724000,415.6562232245888,104
2024-09-16 15:30:00.818000,415.6444195317202,103
2024-09-16 15:30:00.921000,415.62659436378345,97
2024-09-16 15:30:01.001000,415.5652977995963,999
2024-09-16 15:30:01.018000,415.54710189326346,1004
2024-09-16 15:30:01.086000,415.5939725099008,999
2024-09-16 15:30:01.157000,417.8946135193442,1001
2024-09-16 15:30:01.228000,415.55381093082974,6
2024-09-16 15:30:01.304000,415.5872745463148,1004
2024-09-16 15:30:01.420000,415.58469744920654,9
2024-09-16 15:30:01.498000,415.554884443173,10
2024-09-16 15:30:01.526000,415.6091661213749,100
2024-09-16 15:30:01.567000,415.6370958007066,6
2024-09-16 15:30:01.655000,415.5663223682583,10
2024-09-16 15:30:01.661000,415.6326205214168,95
2024-09-16 15:30:01.733000,415.6272207434688,5
2024-09-16 15:30:01.744000,415.6249636843799,103
2024-09-16 15:30:01.775000,415.5550821848335,1005
2024-09-16 15:30:01.778000,415.62498588887627,1000
2024-09-16 15:30:01.815000,415.6013450214144,8
2024-09-16 15:30:02.486000,415.53712715936695,5
2024-09-16 15:30:03.140000,415.55015155747833,5
2024-09-16 15:30:03.189000,415.5384314843531,15
2024-09-16 15:30:03.540000,415.5462600353366,13
2024-09-16 15:30:03.569000,415.5554264816535,5
2024-09-16 15:30:03.584000,415.56281317258936,997
2024-09-16 15:30:03.723000,415.5691954208888,14
2024-09-16 15:30:03.828000,415.5478425591104,1003
2024-09-16 15:30:03.940000,415.5547802136028,11
2024-09-16 15:30:04.028000,415.5628777105414,98
2024-09-16 15:30:04.150000,415.53488820518334,999
2024-09-16 15:30:04.200000,415.5444572089711,5
2024-09-16 15:30:04.232000,415.54711347187936,997
2024-09-16 15:30:04.267000,415.5386651416345,9
2024-09-16 15:30:04.384000,415.5410355222855,1001
2024-09-16 15:30:04.672000,415.5304056669832,103
2024-09-16 15:30:04.759000,415.55194296725904,102
2024-09-16 15:30:04.794000,415.5382846155778,13
2024-09-16 15:30:04.799000,415.5455670054879,11
2024-09-16 15:30:04.968000,415.5317382312709,12
2024-09-16 15:30:05.054000,415.52814604394393,998
2024-09-16 15:30:05.079000,415.5108008679097,10
2024-09-16 15:30:05.098000,415.5452721697144,1005
2024-09-16 15:30:05.226000,415.54478096957286,103
2024-09-16 15:30:05.286000,415.5599392234759,999
2024-09-16 15:30:05.344000,415.5598641122114,101
2024-09-16 15:30:05.347000,415.5396702310102,103
2024-09-16 15:30:05.451000,415.5356440692016,1000
2024-09-16 15:30:05.519000,415.5474164562593,1002
2024-09-16 15:30:05.619000,415.57272375645925,1005
2024-09-16 15:30:05.640000,417.87212858149735,103
2024-09-16 15:30:05.658000,415.56238346558274,8
2024-09-16 15:30:05.675000,415.5690705649142,1001
2024-09-16 15:30:05.749000,415.5644869469529,1002
2024-09-16 15:30:05.818000,415.5350042831825,103
2024-09-16 15:30:05.894000,415.56914216940726,1005
2024-09-16 15:30:05.986000,415.5489684593559,1004
2024-09-16 15:30:05.996000,415.533316704208,996
2024-09-16 15:30:06.064000,415.5136244017992,1004
2024-09-16 15:30:06.142000,415.5433053637928,8
2024-09-16 15:30:06.143000,415.5731831493269,999
2024-09-16 15:30:06.153000,415.4944328195009,5
2024-09-16 15:30:06.223000,415.5364024948452,7
2024-09-16 15:30:06.289000,415.55229161570895,96
2024-09-16 15:30:06.366000,415.59456630601466,104
2024-09-16 15:30:06.384000,415.4848367759534,7
2024-09-16 15:30:06.394000,415.4718219878893,997
2024-09-16 15:30:06.446000,415.5647676814024,8
2024-09-16 15:30:06.488000,415.5361886259048,8
2024-09-16 15:30:06.502000,415.5567397061541,1005
2024-09-16 15:30:06.530000,415.4680313044069,9
2024-09-16 15:30:06.566000,415.46044809409926,12
2024-09-16 15:30:06.823000,415.4915205147428,99
2024-09-16 15:30:06.851000,415.5179539119807,14
2024-09-16 15:30:06.870000,415.49953805553326,95
2024-09-16 15:30:06.894000,415.5777372701874,5
2024-09-16 15:30:06.940000,415.5859190756217,11
2024-09-16 15:30:06.960000,415.5679024391752,101
2024-09-16 15:30:07.052000,415.5271450991678,1000
2024-09-16 15:30:07.078000,415.4782524524496,1004
2024-09-16 15:30:07.123000,415.4793353697621,104
2024-09-16 15:30:07.160000,415.5497607939711,10
2024-09-16 15:30:07.164000,415.5104451165712,10
2024-09-16 15:30:07.171000,415.51703280032257,7
2024-09-16 15:30:07.232000,415.5213692430576,13
2024-09-16 15:30:07.257000,415.4590684616721,11
2024-09-16 15:30:07.357000,415.4638299714603,97
2024-09-16 15:30:07.461000,415.4913026509212,997
2024-09-16 15:30:07.522000,415.53714222381024,1005
2024-09-16 15:30:07.535000,415.52518892431056,14
2024-09-16 15:30:07.551000,415.4546108359164,1001
2024-09-16 15:30:07.566000,415.5075522520801,95
2024-09-16 15:30:07.586000,415.4785310994623,12
2024-09-16 15:30:07.598000,415.4813412874176,6
2024-09-16 15:30:07.599000,415.4717605008612,1002
2024-09-16 15:30:07.639000,415.55395827537217,96
2024-09-16 15:30:07.692000,415.5492797757749,102
2024-09-16 15:30:07.707000,415.5055710156298,1000
2024-09-16 15:30:07.711000,415.50703681732296,7
2024-09-16 15:30:07.718000,415.4770831726024,13
2024-09-16 15:30:07.773000,415.53785648528014,1000
2024-09-16 15:30:07.783000,415.4708510091292,105
2024-09-16 15:30:07.812000,415.5079993738968,96
2024-09-16 15:30:07.817000,415.50801199936,1000
2024-09-16 15:30:07.848000,415.5038296199417,9
2024-09-16 15:30:07.926000,415.4956236042264,104
2024-09-16 15:30:07.962000,415.4728134494594,1002
2024-09-16 15:30:07.980000,415.4875583507307,15
2024-09-16 15:30:08.326000,415.4638032141789,96
2024-09-16 15:30:08.338000,415.4901720557361,1002
2024-09-16 15:30:08.471000,415.4551063808021,95
2024-09-16 15:30:08.558000,415.4744070710522,1000
2024-09-16 15:30:08.631000,417.8963189678292,100
2024-09-16 15:30:08.793000,415.47955894686015,100
2024-09-16 15:30:08.987000,415.4795919066225,105
2024-09-16 15:30:09.174000,415.4613358862449,95
2024-09-16 15:30:09.249000,415.472828135068,9
2024-09-16 15:30:09.309000,415.45605590200256,1002
2024-09-16 15:30:09.573000,415.4526728351741,101
2024-09-16 15:30:09.591000,415.45900074704974,995
2024-09-16 15:30:09.594000,415.45094340779775,1004
2024-09-16 15:30:09.607000,415.46374790013095,999
2024-09-16 15:30:09.642000,415.46110455477503,99
2024-09-16 15:30:10.029000,415.3837344099457,104
2024-09-16 15:30:10.072000,415.4386427885682,96
2024-09-16 15:30:10.086000,415.43868294995167,997
2024-09-16 15:30:10.338000,415.4167782334684,15
2024-09-16 15:30:10.343000,415.42985014969,8
2024-09-16 15:30:10.396000,415.4153002285265,998
2024-09-16 15:30:10.433000,415.4550483873657,13
2024-09-16 15:30:10.528000,415.3737397525207,98
2024-09-16 15:30:10.665000,415.4133890194892,7
2024-09-16 15:30:10.687000,415.3859721817804,13
2024-09-16 15:30:10.687000,415.39196633483874,995
2024-09-16 15:30:10.720000,415.4184459963184,104
2024-09-16 15:30:10.721000,415.4100246923606,1003
2024-09-16 15:30:10.726000,415.4030913920986,5
2024-09-16 15:30:10.735000,415.3827753468024,5
2024-09-16 15:30:10.834000,415.3936991045736,998
2024-09-16 15:30:10.876000,415.4162345845236,99
2024-09-16 15:30:10.941000,415.4225093420693,997
2024-09-16 15:30:10.986000,415.4086058410161,12
2024-09-16 15:30:10.990000,415.4397861465172,95
2024-09-16 15:30:11.126000,415.3565379779589,104
2024-09-16 15:30:11.177000,415.4369004294866,95
2024-09-16 15:30:11.183000,415.4092732534493,104
2024-09-16 15:30:11.184000,415.3586851164278,1000
2024-09-16 15:30:11.217000,415.4158317161138,7
2024-09-16 15:30:11.385000,415.3657772099888,95
2024-09-16 15:30:11.391000,415.3817878838334,1004
2024-09-16 15:30:11.437000,415.37738406206927,998
2024-09-16 15:30:11.532000,415.38573536122567,999
2024-09-16 15:30:11.648000,415.385221172772,96
2024-09-16 15:30:11.655000,415.36781266298345,997
2024-09-16 15:30:11.748000,415.3941935919751,105
2024-09-16 15:30:11.870000,415.3697382102844,99
2024-09-16 15:30:11.914000,415.38148653097227,99
2024-09-16 15:30:11.989000,415.3754036412388,1003
2024-09-16 15:30:12.010000,415.38267775675433,99
2024-09-16 15:30:12.088000,415.39432504176233,103
2024-09-16 15:30:12.134000,415.369630400553,99
2024-09-16 15:30:12.221000,415.3916865193918,101
2024-09-16 15:30:12.270000,415.398251639232,99
2024-09-16 15:30:12.294000,415.3919019292785,15
2024-09-16 15:30:12.322000,415.39537259162194,13
2024-09-16 15:30:12.323000,415.38889921849216,7
2024-09-16 15:30:12.386000,415.4103384928943,1001
2024-09-16 15:30:12.388000,415.3783613018754,997
2024-09-16 15:30:12.501000,415.339378170164,97
2024-09-16 15:30:12.507000,415.3814192541633,5
2024-09-16 15:30:12.536000,415.38426561900513,103
2024-09-16 15:30:12.687000,415.3371429621398,104
2024-09-16 15:30:12.801000,415.3869156101756,10
2024-09-16 15:30:12.867000,415.3945833736457,1001
2024-09-16 15:30:12.964000,415.3758337728547,13
2024-09-16 15:30:12.982000,415.352948693249,1002
2024-09-16 15:30:12.986000,415.40110684633646,98
2024-09-16 15:30:13.025000,415.3373854704794,11
2024-09-16 15:30:13.131000,415.3494050634479,102
2024-09-16 15:30:13.318000,415.3634226780651,1005
2024-09-16 15:30:13.354000,415.3812858247646,95
2024-09-16 15:30:13.595000,415.3361406617381,97
2024-09-16 15:30:13.718000,415.3269019353855,996
2024-09-16 15:30:13.833000,415.3305598377157,1003
2024-09-16 15:30:13.891000,415.38426803997135,15
2024-09-16 15:30:13.962000,415.40285090328456,6
2024-09-16 15:30:13.964000,415.33193294031935,14
2024-09-16 15:30:14.008000,415.339603086641,1004
2024-09-16 15:30:14.197000,415.3396120005393,11
2024-09-16 15:30:14.198000,415.3487608522655,14
2024-09-16 15:30:14.239000,415.3314731871261,1002
2024-09-16 15:30:14.307000,415.3548965048233,101
2024-09-16 15:30:14.505000,415.3437127130938,10
2024-09-16 15:30:14.641000,415.35739393866015,14
2024-09-16 15:30:14.724000,415.33922764152,1000
2024-09-16 15:30:14.821000,415.3663836703407,5
2024-09-16 15:30:14.879000,415.3657071935904,13
2024-09-16 15:30:14.936000,415.32129269060914,96
2024-09-16 15:30:15.033000,415.3128977392233,98
2024-09-16 15:30:15.111000,415.2885987254501,95
2024-09-16 15:30:15.145000,415.3086293394771,101
2024-09-16 15:30:15.183000,415.3105623747081,13
2024-09-16 15:30:15.187000,415.2866826934429,999
2024-09-16 15:30:15.301000,417.9536536850765,100
2024-09-16 15:30:15.365000,415.2691820838768,998
2024-09-16 15:30:15.388000,415.2815987984984,15
2024-09-16 15:30:15.603000,415.2922808576854,15
2024-09-16 15:30:15.655000,415.2796763409448,1002
2024-09-16 15:30:15.845000,415.2994893217729,15
2024-09-16 15:30:15.962000,415.2885044753873,999
2024-09-16 15:30:15.974000,415.31284407508366,5
2024-09-16 15:30:16.029000,415.3048347400278,102
2024-09-16 15:30:16.118000,415.3062144413995,99
2024-09-16 15:30:16.166000,415.2421176306113,1003
2024-09-16 15:30:16.237000,415.2637442107266,12
2024-09-16 15:30:16.244000,415.2754872032352,9
2024-09-16 15:30:16.304000,415.2633387583399,98
2024-09-16 15:30:16.379000,415.3033173727539,12
2024-09-16 15:30:16.451000,415.294855933204,15
2024-09-16 15:30:16.504000,415.2523726746182,99
2024-09-16 15:30:16.556000,415.3100192579653,1004
2024-09-16 15:30:16.570000,415.27466903236257,15
2024-09-16 15:30:16.592000,415.2833058693994,998
2024-09-16 15:30:16.681000,415.3097784086525,1004
2024-09-16 15:30:16.771000,415.2439675181135,8
2024-09-16 15:30:16.835000,415.2740837812016,102
2024-09-16 15:30:16.975000,415.2589044780768,102
2024-09-16 15:30:16.980000,415.2510578026357,7
2024-09-16 15:30:17.064000,415.18147892054645,5
2024-09-16 15:30:17.093000,415.1742578257567,95
2024-09-16 15:30:17.096000,415.2277559704373,98
2024-09-16 15:30:17.376000,415.2133284767488,9
2024-09-16 15:30:17.400000,415.22124075292857,12
2024-09-16 15:30:17.483000,415.23361779024617,1005
2024-09-16 15:30:17.536000,415.1938616565745,12
2024-09-16 15:30:17.599000,415.2323031018789,14
2024-09-16 15:30:17.622000,415.2226992013,97
2024-09-16 15:30:17.636000,415.1781809088043,101
2024-09-16 15:30:17.648000,415.167514154913,998
2024-09-16 15:30:17.672000,415.1689873421874,97
2024-09-16 15:30:17.740000,415.2100844865459,100
2024-09-16 15:30:17.752000,415.1648321822445,96
2024-09-16 15:30:17.754000,415.1698582993412,100
2024-09-16 15:30:17.836000,415.2249335398142,15
2024-09-16 15:30:17.877000,415.2339489012712,99
2024-09-16 15:30:18.019000,415.16853174217016,7
2024-09-16 15:30:18.101000,415.15758413489874,99
2024-09-16 15:30:18.212000,415.169242967728,95
2024-09-16 15:30:18.444000,415.1844066193193,1004
2024-09-16 15:30:18.551000,415.1525807332985,995
2024-09-16 15:30:18.565000,415.1495778722107,96
2024-09-16 15:30:18.601000,415.1685378221929,11
2024-09-16 15:30:18.637000,415.1971630797754,996
2024-09-16 15:30:18.661000,415.160293108762,10
2024-09-16 15:30:18.733000,415.17872937050015,998
2024-09-16 15:30:18.754000,415.1470468011996,14
2024-09-16 15:30:18.781000,415.19579301409465,103
2024-09-16 15:30:18.928000,415.1603358494097,7
2024-09-16 15:30:18.993000,415.1604810626591,105
2024-09-16 15:30:19.097000,415.1608127664471,101
2024-09-16 15:30:19.112000,415.180405644692,103
2024-09-16 15:30:19.201000,415.1562348920071,8
2024-09-16 15:30:19.229000,415.1978166926827,102
2024-09-16 15:30:19.250000,415.1663312699743,104
2024-09-16 15:30:19.284000,415.1976461689651,98
2024-09-16 15:30:19.430000,415.18420407070187,104
2024-09-16 15:30:19.441000,415.2031018678375,996
2024-09-16 15:30:19.476000,415.16512282620624,96
2024-09-16 15:30:19.543000,415.1951406682247,98
2024-09-16 15:30:19.808000,415.1517951932146,103
2024-09-16 15:30:19.883000,415.1669748277199,104
2024-09-16 15:30:19.975000,415.1929752121479,10
2024-09-16 15:30:20.370000,415.22103490608384,5
2024-09-16 15:30:20.705000,415.2372923753743,14
2024-09-16 15:30:20.729000,415.2185809570941,1002
2024-09-16 15:30:20.947000,415.2348068645555,1003
2024-09-16 15:30:21.020000,415.24056013565865,5
2024-09-16 15:30:21.125000,415.22666325996346,96
2024-09-16 15:30:21.149000,415.2327593236001,997
2024-09-16 15:30:21.227000,415.236574467709,8
2024-09-16 15:30:21.257000,415.2281304831199,1003
2024-09-16 15:30:21.400000,415.2544553157479,12
2024-09-16 15:30:21.650000,415.2411379582256,7
2024-09-16 15:30:21.733000,415.2354672445208,7
2024-09-16 15:30:21.835000,417.9044003900164,9
2024-09-16 15:30:21.885000,415.2443406831228,104
2024-09-16 15:30:21.974000,415.2370270291357,102
2024-09-16 15:30:22.038000,415.21583269192007,103
2024-09-16 15:30:22.075000,415.2315638567064,13
2024-09-16 15:30:22.088000,415.2234055496101,98
2024-09-16 15:30:22.107000,415.2031663397423,101
2024-09-16 15:30:22.204000,415.2258940594585,97
2024-09-16 15:30:22.535000,415.21995124298337,997
2024-09-16 15:30:22.570000,415.2064099807524,103
2024-09-16 15:30:22.647000,415.2264534979329,998
2024-09-16 15:30:22.662000,415.20349568520726,98
2024-09-16 15:30:22.677000,415.23988928674646,1003
2024-09-16 15:30:22.766000,415.25210546388894,103
2024-09-16 15:30:22.843000,415.2223580351674,998
2024-09-16 15:30:22.972000,415.2320416241739,99
2024-09-16 15:30:22.997000,415.2090183513317,6
2024-09-16 15:30:23.023000,415.29492852372766,1003
2024-09-16 15:30:23.030000,415.2377521001591,999
2024-09-16 15:30:23.037000,415.25158404314055,95
2024-09-16 15:30:23.051000,415.3026068575076,96
2024-09-16 15:30:23.169000,415.22379416514735,1004
2024-09-16 15:30:23.252000,415.2675255090228,996
2024-09-16 15:30:23.265000,415.2340245334379,1001
2024-09-16 15:30:23.292000,415.2472808556059,96
2024-09-16 15:30:23.320000,415.2682434817808,997
2024-09-16 15:30:23.325000,415.2914255782931,998
2024-09-16 15:30:23.400000,415.2405253359767,101
2024-09-16 15:30:23.468000,415.2252516436385,6
2024-09-16 15:30:23.494000,415.2352883856712,7
2024-09-16 15:30:23.539000,415.2571011743847,998
2024-09-16 15:30:23.561000,415.24058012449177,1001
2024-09-16 15:30:23.600000,415.2336246557876,1003
2024-09-16 15:30:23.645000,415.2371297802357,9
2024-09-16 15:30:23.716000,415.2976099699655,105
2024-09-16 15:30:23.779000,415.2747913103893,996
2024-09-16 15:30:23.785000,415.2393204496343,1002
2024-09-16 15:30:23.864000,415.2357965882499,997
2024-09-16 15:30:23.875000,415.27471635259656,104
2024-09-16 15:30:23.894000,415.2230295438428,104
2024-09-16 15:30:23.971000,415.2676417406164,100
2024-09-16 15:30:23.984000,415.30436909846287,14
2024-09-16 15:30:23.991000,415.2793950741657,9
2024-09-16 15:30:24.057000,415.2474798176268,100
2024-09-16 15:30:24.062000,415.2503398704545,997
2024-09-16 15:30:24.096000,415.2484576437656,102
2024-09-16 15:30:24.126000,415.2494681616981,5
2024-09-16 15:30:24.129000,415.234563520945,5
2024-09-16 15:30:24.136000,415.2270301686377,98
2024-09-16 15:30:24.416000,415.25298504089216,997
2024-09-16 15:30:24.490000,415.2470326589031,96
2024-09-16 15:30:24.504000,415.2532037417381,1000
2024-09-16 15:30:24.553000,415.225313414882,105
2024-09-16 15:30:24.558000,415.2487087197662,1005
2024-09-16 15:30:24.570000,415.2332894590531,5
2024-09-16 15:30:24.724000,415.2220818300216,12
2024-09-16 15:30:24.731000,415.2283049554555,103
2024-09-16 15:30:24.798000,415.2449703621141,105
2024-09-16 15:30:24.827000,415.2426285932617,9
2024-09-16 15:30:24.928000,415.2303593769852,98
2024-09-16 15:30:25.009000,417.7603565093804,11
2024-09-16 15:30:25.204000,415.21059468672,14
2024-09-16 15:30:25.510000,415.2352214477624,104
2024-09-16 15:30:25.526000,415.2499079418471,995
2024-09-16 15:30:25.561000,415.2209730190828,7
2024-09-16 15:30:25.597000,415.2343916156656,7
2024-09-16 15:30:25.602000,415.23932687389504,9
2024-09-16 15:30:25.642000,415.232191528143,8
2024-09-16 15:30:25.653000,415.2210310326556,7
2024-09-16 15:30:25.698000,415.2405514651624,999
2024-09-16 15:30:25.771000,415.2398976495632,10
2024-09-16 15:30:25.806000,415.2321360124985,10
2024-09-16 15:30:25.843000,415.2313650740731,996
2024-09-16 15:30:26.399000,415.24896612080335,96
2024-09-16 15:30:26.445000,415.25042220402895,1004
2024-09-16 15:30:26.688000,415.239791651189,99
2024-09-16 15:30:27.003000,415.2782013781941,997
2024-09-16 15:30:27.038000,415.268964862588,1001
2024-09-16 15:30:27.041000,415.2772582531909,999
2024-09-16 15:30:27.042000,415.2517297997664,97
2024-09-16 15:30:27.121000,415.27295278320656,97
2024-09-16 15:30:27.145000,415.2899810210981,99
2024-09-16 15:30:27.180000,415.3003669984117,15
2024-09-16 15:30:27.338000,415.2883218525757,9
2024-09-16 15:30:27.477000,415.30726105524445,996
2024-09-16 15:30:27.633000,415.2542657364622,105
2024-09-16 15:30:27.915000,415.3443492940399,13
2024-09-16 15:30:27.958000,415.2631987050673,14
2024-09-16 15:30:27.963000,415.3438782118319,6
2024-09-16 15:30:28.090000,415.3307497293636,7
2024-09-16 15:30:28.098000,415.3112194108359,15
2024-09-16 15:30:28.906000,415.30037689291976,11
2024-09-16 15:30:29.087000,415.2911434213961,997
2024-09-16 15:30:29.089000,415.3307844690436,1005
2024-09-16 15:30:29.205000,415.3092959763684,6
2024-09-16 15:30:29.256000,415.276229973149,1002
2024-09-16 15:30:29.288000,415.31489328468496,996
2024-09-16 15:30:29.444000,415.299416527667,12
2024-09-16 15:30:29.478000,415.3044029492104,96
2024-09-16 15:30:29.490000,415.3168698833234,14
2024-09-16 15:30:29.557000,415.3062183999284,10
2024-09-16 15:30:29.695000,415.2827214436279,9
2024-09-16 15:30:29.794000,415.3204141110478,104
2024-09-16 15:30:29.914000,415.3043128690975,103
2024-09-16 15:30:29.923000,415.3023274147204,95
2024-09-16 15:30:30.041000,415.22651553595136,14
2024-09-16 15:30:30.074000,415.2248011050514,8
2024-09-16 15:30:30.180000,415.21856417911766,95
2024-09-16 15:30:30.206000,415.2407562696472,14
2024-09-16 15:30:30.229000,415.2528007528484,103
2024-09-16 15:30:30.288000,415.2360049870945,995
2024-09-16 15:30:30.304000,415.2449337606001,10
2024-09-16 15:30:30.305000,415.2288174556061,997
2024-09-16 15:30:30.354000,415.213531561319,12
2024-09-16 15:30:30.358000,415.2314079546176,8
2024-09-16 15:30:30.388000,415.2963072757993,1001
2024-09-16 15:30:30.408000,415.213127328074,995
2024-09-16 15:30:30.433000,415.224461438804,14
2024-09-16 15:30:30.449000,415.22739491855054,98
2024-09-16 15:30:30.511000,415.2109094474025,999
2024-09-16 15:30:30.526000,415.2181541350798,96
2024-09-16 15:30:30.623000,415.2735384658924,6
2024-09-16 15:30:30.703000,415.2237210282647,1004
2024-09-16 15:30:30.725000,415.2418958154828,996
2024-09-16 15:30:30.731000,415.2794506264498,100
2024-09-16 15:30:30.755000,415.278627482857,9
2024-09-16 15:30:30.803000,415.2720932828547,997
2024-09-16 15:30:31.032000,415.24641559669647,1005
2024-09-16 15:30:31.120000,415.2467179079376,9
2024-09-16 15:30:31.153000,415.25272267162256,101
2024-09-16 15:30:31.174000,415.21835978298793,9
2024-09-16 15:30:31.174000,415.2104920063025,104
2024-09-16 15:30:31.208000,415.22440430532623,1002
2024-09-16 15:30:31.290000,415.2318337103616,997
2024-09-16 15:30:31.307000,415.2015425833416,12
2024-09-16 15:30:31.458000,415.2420620193475,8
2024-09-16 15:30:31.509000,415.2488749964862,101
2024-09-16 15:30:31.585000,415.2352262073036,95
2024-09-16 15:30:31.643000,415.2335093601119,103
2024-09-16 15:30:31.810000,415.2027689128074,10
2024-09-16 15:30:31.914000,415.2371148979705,14
2024-09-16 15:30:32.015000,415.3076432325591,95
2024-09-16 15:30:32.040000,415.2517847616144,104
2024-09-16 15:30:32.240000,415.2294334479118,8
2024-09-16 15:30:32.245000,415.2532513000152,1001
2024-09-16 15:30:32.361000,415.30339116593984,14
2024-09-16 15:30:32.375000,415.3081031971817,8
2024-09-16 15:30:32.693000,415.3020369690839,12
2024-09-16 15:30:32.695000,415.31778267189895,11
2024-09-16 15:30:32.696000,415.3235453791136,98
2024-09-16 15:30:32.773000,415.3193149694483,97
2024-09-16 15:30:32.855000,415.28628272574514,999
2024-09-16 15:30:32.873000,415.2402628733354,995
2024-09-16 15:30:32.893000,415.2414684596874,1005
2024-09-16 15:30:33.173000,415.3043809830145,14
2024-09-16 15:30:33.223000,415.3045863287352,97
2024-09-16 15:30:33.347000,415.3031565779449,105
2024-09-16 15:30:33.359000,415.3100853202394,103
2024-09-16 15:30:33.427000,415.2939143342468,13
2024-09-16 15:30:33.430000,415.3005490624053,15
2024-09-16 15:30:33.468000,415.2922368374317,12
2024-09-16 15:30:33.700000,415.30439628662936,14
2024-09-16 15:30:33.779000,415.3057739925717,12
2024-09-16 15:30:33.933000,415.31128049648623,998
2024-09-16 15:30:33.935000,415.2934799216725,996
2024-09-16 15:30:34.130000,415.3005508043682,14
2024-09-16 15:30:34.536000,415.30324168096246,996
2024-09-16 15:30:35.137000,415.2960261586516,1001
2024-09-16 15:30:35.305000,415.3129633344778,999
2024-09-16 15:30:35.384000,415.3154438096627,102
2024-09-16 15:30:35.461000,415.30614646676366,1004
2024-09-16 15:30:35.475000,415.3124892364752,9
2024-09-16 15:30:35.748000,415.3166022514185,102
2024-09-16 15:30:35.778000,415.3272864023048,101
2024-09-16 15:30:35.916000,415.3161236540836,1000
2024-09-16 15:30:35.985000,415.3041384259712,12
2024-09-16 15:30:36.083000,415.3191866515807,11
2024-09-16 15:30:36.192000,415.3359480860512,1004
2024-09-16 15:30:36.193000,415.33783277285534,96
2024-09-16 15:30:36.351000,415.3090283256493,998
2024-09-16 15:30:36.825000,415.3322611887984,13
2024-09-16 15:30:36.849000,415.34918379277286,1000
2024-09-16 15:30:36.972000,415.321716266631,98
2024-09-16 15:30:37.404000,415.3341791164181,1003
2024-09-16 15:30:37.418000,415.3300801797467,103
2024-09-16 15:30:37.544000,415.3250074207528,98
2024-09-16 15:30:37.625000,415.32286756021,96
2024-09-16 15:30:37.894000,415.3358222854046,97
2024-09-16 15:30:38.108000,415.35165668542703,1005
2024-09-16 15:30:38.189000,415.3574247427186,101
2024-09-16 15:30:38.287000,415.3457192554322,996
2024-09-16 15:30:38.292000,415.3521223949665,101
2024-09-16 15:30:38.325000,415.3256748512748,998
2024-09-16 15:30:38.333000,415.3271186868284,103
2024-09-16 15:30:38.412000,415.33742411688354,104
2024-09-16 15:30:38.420000,415.32797656418063,1003
2024-09-16 15:30:38.455000,415.3327369176786,100
2024-09-16 15:30:38.507000,415.372919866455,99
2024-09-16 15:30:38.507000,415.3150632327724,9
2024-09-16 15:30:38.641000,415.35482591243294,10
2024-09-16 15:30:38.660000,415.3356672144348,12
2024-09-16 15:30:38.665000,415.3305777862845,1005
2024-09-16 15:30:38.790000,415.3362069630233,98
2024-09-16 15:30:38.871000,415.375041537575,1002
2024-09-16 15:30:38.964000,415.32299735230106,1002
2024-09-16 15:30:38.977000,415.3480716954911,995
2024-09-16 15:30:38.978000,415.3440552881123,1004
2024-09-16 15:30:38.980000,415.3210248905205,98
2024-09-16 15:30:38.990000,415.3321091798881,98
2024-09-16 15:30:39.013000,415.44205772171534,13
2024-09-16 15:30:39.098000,415.34049341707134,98
2024-09-16 15:30:39.104000,415.342357928138,103
2024-09-16 15:30:39.129000,415.3613480203936,996
2024-09-16 15:30:39.395000,415.4316331397769,9
2024-09-16 15:30:39.496000,415.3793456088836,10
2024-09-16 15:30:39.536000,415.4334803658032,10
2024-09-16 15:30:39.566000,415.36542832633086,100
2024-09-16 15:30:39.583000,415.4347314418834,999
2024-09-16 15:30:39.618000,415.34293886127625,10
2024-09-16 15:30:39.620000,415.4512975977001,103
2024-09-16 15:30:39.739000,415.4026542929871,996
2024-09-16 15:30:39.895000,415.4326584446106,15
2024-09-16 15:30:40.025000,415.4274581040596,1000
2024-09-16 15:30:40.042000,415.4527908375213,11
2024-09-16 15:30:40.072000,415.4288955097919,15
2024-09-16 15:30:40.174000,415.4588451026157,14
2024-09-16 15:30:40.178000,415.4145477287039,7
2024-09-16 15:30:40.186000,415.4389453617844,104
2024-09-16 15:30:40.217000,415.3934702801265,997
2024-09-16 15:30:40.251000,415.469234264466,8
2024-09-16 15:30:40.302000,415.398657883879,1001
2024-09-16 15:30:40.353000,415.4820057809902,5
2024-09-16 15:30:40.368000,415.3836161859237,995
2024-09-16 15:30:40.496000,415.4478792295613,6
2024-09-16 15:30:40.520000,415.43415430873006,102
2024-09-16 15:30:40.528000,415.44067127324416,1001
2024-09-16 15:30:40.542000,415.4035827665379,101
2024-09-16 15:30:40.583000,415.3898309176124,1004
2024-09-16 15:30:40.626000,415.419431322389,9
2024-09-16 15:30:40.662000,415.4569851778453,101
2024-09-16 15:30:40.668000,415.4395594875785,1003
2024-09-16 15:30:40.687000,415.4292919348164,11
2024-09-16 15:30:40.710000,415.45919705643297,99
2024-09-16 15:30:40.728000,415.4448247511926,95
2024-09-16 15:30:40.741000,415.4561610700477,997
2024-09-16 15:30:40.776000,415.3771163380986,1005
2024-09-16 15:30:40.850000,415.4098674043095,97
2024-09-16 15:30:40.852000,415.3845512700641,105
2024-09-16 15:30:40.877000,415.40357430624704,95
2024-09-16 15:30:40.933000,415.4167176944202,14
2024-09-16 15:30:40.936000,415.4470084224261,15
2024-09-16 15:30:40.985000,415.44372700131305,99
2024-09-16 15:30:41.027000,415.51192740197456,7
2024-09-16 15:30:41.311000,415.4800057227428,9
2024-09-16 15:30:41.331000,415.48189217956434,14
2024-09-16 15:30:41.359000,415.497212602658,99
2024-09-16 15:30:41.461000,415.4834121879779,995
2024-09-16 15:30:41.583000,415.4991540060402,5
2024-09-16 15:30:41.601000,415.4935303491442,1001
2024-09-16 15:30:41.616000,415.4677606211864,10
2024-09-16 15:30:41.843000,415.4898832666824,13
2024-09-16 15:30:41.848000,415.52176862039687,102
2024-09-16 15:30:41.869000,415.5211080499015,103
2024-09-16 15:30:41.909000,415.4790362742662,9
2024-09-16 15:30:41.921000,415.5162504592822,6
2024-09-16 15:30:41.924000,415.4958905841358,10
2024-09-16 15:30:41.946000,415.4844096537498,99
2024-09-16 15:30:41.983000,415.5152147707127,13
2024-09-16 15:30:42.017000,415.5102431279734,998
2024-09-16 15:30:42.040000,415.4969014747621,105
2024-09-16 15:30:42.061000,415.5616652736453,99
2024-09-16 15:30:42.129000,415.4828525342722,9
2024-09-16 15:30:42.184000,415.50051151540674,15
2024-09-16 15:30:42.188000,415.5030618246797,1001
2024-09-16 15:30:42.203000,415.6076152181984,13
2024-09-16 15:30:42.248000,415.4938333105362,998
2024-09-16 15:30:42.300000,415.56359460814656,15
2024-09-16 15:30:42.318000,415.5317794916601,997
2024-09-16 15:30:42.332000,415.49393936574194,1002
2024-09-16 15:30:42.681000,415.4911316677465,101
2024-09-16 15:30:42.698000,415.60630809188217,105
2024-09-16 15:30:42.749000,415.4814886406486,998
2024-09-16 15:30:42.884000,415.4873012952879,1001
2024-09-16 15:30:42.885000,415.52222226098985,6
2024-09-16 15:30:42.932000,415.5897814896867,97
2024-09-16 15:30:42.942000,415.5017112476306,104
2024-09-16 15:30:42.985000,415.52377543134565,10
2024-09-16 15:30:43.021000,415.5875825523648,12
2024-09-16 15:30:43.142000,415.5645375292261,9
2024-09-16 15:30:43.158000,415.57629521390936,97
2024-09-16 15:30:43.196000,415.5834077514672,1002
2024-09-16 15:30:43.204000,415.5668361241587,97
2024-09-16 15:30:43.209000,415.5792004048191,995
2024-09-16 15:30:43.226000,415.5791348360473,996
2024-09-16 15:30:43.239000,415.5983353684843,9
2024-09-16 15:30:43.306000,415.58062098932976,101
2024-09-16 15:30:43.559000,415.5684023203171,1001
2024-09-16 15:30:43.584000,415.5848200222479,98
2024-09-16 15:30:43.590000,415.5679561260315,103
2024-09-16 15:30:43.640000,415.5755279014903,998
2024-09-16 15:30:43.675000,415.5865904913275,100
2024-09-16 15:30:43.677000,415.59402054446383,6
2024-09-16 15:30:43.810000,415.5742997338012,95
2024-09-16 15:30:43.955000,415.5580004283661,99
2024-09-16 15:30:43.986000,415.580835461614,98
2024-09-16 15:30:44.004000,415.5660819974027,1000
2024-09-16 15:30:44.019000,415.6467406016985,14
2024-09-16 15:30:44.084000,415.6279406246477,1004
2024-09-16 15:30:44.115000,415.6056018641469,1004
2024-09-16 15:30:44.314000,415.56702674934775,996
2024-09-16 15:30:44.358000,415.635154775785,97
2024-09-16 15:30:44.436000,415.5673369598682,103
2024-09-16 15:30:44.592000,415.5964167314786,1001
2024-09-16 15:30:44.703000,415.6346519973235,1004
2024-09-16 15:30:44.714000,415.5552949832716,1003
2024-09-16 15:30:44.727000,415.61494674500034,103
2024-09-16 15:30:44.847000,415.559471238137,15
2024-09-16 15:30:44.901000,415.6278601178224,8
2024-09-16 15:30:45.006000,415.58349928813885,104
2024-09-16 15:30:45.117000,415.5700669879856,7
2024-09-16 15:30:45.145000,415.579131853276,1002
2024-09-16 15:30:45.148000,415.5742221428961,15
2024-09-16 15:30:45.179000,415.5834515605554,7
2024-09-16 15:30:45.209000,415.58296171686624,1002
2024-09-16 15:30:45.322000,415.5698191813837,11
2024-09-16 15:30:45.336000,415.57636810639065,104
2024-09-16 15:30:45.338000,415.5561984298312,11
2024-09-16 15:30:45.499000,415.58798906555,1001
2024-09-16 15:30:45.511000,417.5343048544657,105
2024-09-16 15:30:45.525000,415.57970718028776,103
2024-09-16 15:30:45.910000,415.5817663114312,99
2024-09-16 15:30:45.943000,415.57015519421657,1001
2024-09-16 15:30:46.037000,415.54241176800525,1003
2024-09-16 15:30:46.101000,415.551562341648,10
2024-09-16 15:30:46.201000,415.5427947722816,13
2024-09-16 15:30:46.303000,415.5407358642489,1001
2024-09-16 15:30:46.311000,415.5398319846166,1003
2024-09-16 15:30:46.311000,415.528369096188,9
2024-09-16 15:30:46.316000,415.5541324291013,102
2024-09-16 15:30:46.361000,415.550999533502,8
2024-09-16 15:30:46.386000,415.5132323532218,95
2024-09-16 15:30:46.433000,417.5189303465639,95
2024-09-16 15:30:46.560000,415.5323187568251,996
2024-09-16 15:30:46.657000,415.538928932732,1005
2024-09-16 15:30:46.676000,415.5536094749705,7
2024-09-16 15:30:46.694000,415.55133177093546,1000
2024-09-16 15:30:46.705000,415.5309346354037,99
2024-09-16 15:30:46.721000,415.52428166654624,998
2024-09-16 15:30:46.770000,415.54007629580485,1002
2024-09-16 15:30:46.788000,415.54738445843554,9
2024-09-16 15:30:46.830000,415.52563557983234,103
2024-09-16 15:30:46.832000,415.5348671267941,999
2024-09-16 15:30:46.885000,415.55925175852514,5
2024-09-16 15:30:46.902000,415.538286978235,1002
2024-09-16 15:30:46.945000,415.5219843942428,100
2024-09-16 15:30:46.955000,415.56039456005936,1005
2024-09-16 15:30:46.989000,415.5498306468527,1000
2024-09-16 15:30:47.014000,415.571700654276,997
2024-09-16 15:30:47.061000,415.5231084942448,1004
2024-09-16 15:30:47.112000,415.5703806350222,102
2024-09-16 15:30:47.212000,415.5366611827617,13
2024-09-16 15:30:47.290000,415.5446587845271,1000
2024-09-16 15:30:47.320000,415.5640567351732,1003
2024-09-16 15:30:47.337000,415.5515532780455,1002
2024-09-16 15:30:47.516000,415.51740293590944,1003
2024-09-16 15:30:47.516000,415.5534226962711,6
2024-09-16 15:30:47.537000,415.5322163382234,997
2024-09-16 15:30:47.619000,415.54010629799023,10
2024-09-16 15:30:47.677000,415.5439224844861,101
2024-09-16 15:30:47.730000,415.516271964558,999
2024-09-16 15:30:47.767000,415.5304365732071,97
2024-09-16 15:30:49.026000,415.5473566407866,999
2024-09-16 15:30:49.144000,415.5608828035453,100
2024-09-16 15:30:49.268000,415.5596544115397,1005
2024-09-16 15:30:49.289000,415.5046316023774,7
2024-09-16 15:30:49.310000,415.5115858304473,1005
2024-09-16 15:30:49.333000,415.4962843947884,102
2024-09-16 15:30:49.342000,415.53733208182535,1003
2024-09-16 15:30:49.380000,415.5504807214999,10
2024-09-16 15:30:49.390000,415.5258025129379,12
2024-09-16 15:30:49.396000,415.4957741890084,10
2024-09-16 15:30:49.434000,415.4870321428133,8
2024-09-16 15:30:49.436000,415.489085238081,996
2024-09-16 15:30:49.472000,415.4993582755026,100
2024-09-16 15:30:49.511000,415.4975155916757,12
2024-09-16 15:30:49.540000,415.5152279275601,98
2024-09-16 15:30:49.565000,415.5263637942972,1001
2024-09-16 15:30:49.659000,415.50087685638505,98
2024-09-16 15:30:49.676000,415.5217915083251,999
2024-09-16 15:30:49.719000,415.4993127331362,100
2024-09-16 15:30:49.743000,415.5212328854503,98
2024-09-16 15:30:49.943000,415.51164527717367,1002
2024-09-16 15:30:49.964000,415.5296751181056,11
2024-09-16 15:30:49.996000,415.4966424348884,7
2024-09-16 15:30:50.251000,415.5549391168182,996
2024-09-16 15:30:50.303000,415.5798423181003,997
2024-09-16 15:30:50.322000,415.58629850076414,1003
2024-09-16 15:30:50.384000,415.6114247589714,99
2024-09-16 15:30:50.398000,415.58814052389226,99
2024-09-16 15:30:50.401000,415.61911262439247,999
2024-09-16 15:30:50.408000,415.6307033693549,8
2024-09-16 15:30:50.438000,415.6184681543847,10
2024-09-16 15:30:50.439000,415.5902014755483,995
2024-09-16 15:30:50.510000,415.5534412819983,1001
2024-09-16 15:30:50.518000,415.6064690226932,1002
2024-09-16 15:30:50.610000,415.5837516132212,995
2024-09-16 15:30:50.631000,415.60324461442,95
2024-09-16 15:30:50.692000,415.6072542585138,103
2024-09-16 15:30:50.752000,415.61184243808935,998
2024-09-16 15:30:50.785000,415.5846907074202,999
2024-09-16 15:30:50.814000,415.6096150449892,1005
2024-09-16 15:30:50.814000,415.5595034697076,5
2024-09-16 15:30:50.849000,415.5593812576579,96
2024-09-16 15:30:50.873000,415.5951900614942,1001
2024-09-16 15:30:50.884000,415.6080830301248,5
2024-09-16 15:30:50.945000,415.58315794476863,101
2024-09-16 15:30:51.035000,415.60217478632,995
2024-09-16 15:30:51.053000,415.5770499981052,998
2024-09-16 15:30:51.151000,415.5765256637741,999
2024-09-16 15:30:51.278000,415.5688804060742,996
2024-09-16 15:30:51.317000,415.6010943647461,6
2024-09-16 15:30:51.351000,415.55752833433775,13
2024-09-16 15:30:51.509000,415.64734391337583,1000
2024-09-16 15:30:51.604000,415.6256046988249,10
2024-09-16 15:30:51.617000,415.62954320545725,1000
2024-09-16 15:30:51.653000,415.60465173101886,104
2024-09-16 15:30:51.713000,415.60683508617984,999
2024-09-16 15:30:51.714000,415.57708157191007,6
2024-09-16 15:30:51.755000,415.58924613445015,10
2024-09-16 15:30:51.844000,415.5598922736574,105
2024-09-16 15:30:51.848000,415.6315363577196,999
2024-09-16 15:30:51.873000,415.57764993147487,7
2024-09-16 15:30:51.925000,415.61579968152193,100
2024-09-16 15:30:51.955000,415.58769059925606,1002
2024-09-16 15:30:51.956000,415.5681474854479,95
2024-09-16 15:30:51.995000,415.5973325890768,999
2024-09-16 15:30:51.996000,415.6290950489632,995
2024-09-16 15:30:52.037000,415.584710756589,995
2024-09-16 15:30:52.078000,415.5770305403156,15
2024-09-16 15:30:52.086000,415.56919738769176,96
2024-09-16 15:30:52.091000,415.586234589083,10
2024-09-16 15:30:52.124000,415.5794277969852,10
2024-09-16 15:30:52.257000,415.58369710161895,10
2024-09-16 15:30:52.464000,415.5745672623786,97
2024-09-16 15:30:52.622000,415.56424783124345,995
2024-09-16 15:30:52.705000,415.5862945271967,103
2024-09-16 15:30:52.775000,415.54178563223263,105
2024-09-16 15:30:52.919000,415.5854770573033,13
2024-09-16 15:30:53.247000,415.5359751143577,1001
2024-09-16 15:30:53.338000,415.5270097759798,998
2024-09-16 15:30:53.567000,415.53062145155553,101
2024-09-16 15:30:53.598000,415.5587292751658,14
2024-09-16 15:30:53.619000,415.52484793761545,997
2024-09-16 15:30:53.697000,415.5322873647442,12
2024-09-16 15:30:53.715000,415.5516176899345,1003
2024-09-16 15:30:53.878000,415.56170356908274,13
2024-09-16 15:30:53.947000,415.5340667676005,96
2024-09-16 15:30:54.039000,415.5806709460026,101
2024-09-16 15:30:54.121000,415.5656182918804,15
2024-09-16 15:30:54.265000,415.5559554661449,101
2024-09-16 15:30:54.273000,415.5685734414635,998
2024-09-16 15:30:54.414000,415.5400322474488,997
2024-09-16 15:30:54.479000,415.5837265489596,13
2024-09-16 15:30:54.548000,415.5542369702526,1005
2024-09-16 15:30:54.583000,415.5701617009799,96
2024-09-16 15:30:54.796000,415.55426148212223,11
2024-09-16 15:30:54.851000,415.5347487419551,1004
2024-09-16 15:30:54.864000,415.583510506566,101
2024-09-16 15:30:54.916000,415.5761642539276,1000
2024-09-16 15:30:55.020000,415.6134820121435,13
2024-09-16 15:30:55.105000,415.6245428925898,103
2024-09-16 15:30:55.293000,415.5968954469868,6
2024-09-16 15:30:55.687000,415.62527227460384,97
2024-09-16 15:30:55.756000,415.6145201472048,10
2024-09-16 15:30:55.819000,415.60600512742496,15
2024-09-16 15:30:55.840000,415.55914139496855,1000
2024-09-16 15:30:55.971000,415.5806714172314,996
2024-09-16 15:30:56,415.6190568877922,97
2024-09-16 15:30:56.076000,415.6148169704163,1002
2024-09-16 15:30:56.083000,415.5778812807857,96
2024-09-16 15:30:56.160000,415.5914357515724,9
2024-09-16 15:30:56.309000,415.6052202764114,1003
2024-09-16 15:30:56.471000,415.5918600965646,104
2024-09-16 15:30:56.595000,415.5968887239886,102
2024-09-16 15:30:56.649000,415.604426132185,95
2024-09-16 15:30:56.912000,415.5802881176263,996
2024-09-16 15:30:57.064000,415.6696179626604,1002
2024-09-16 15:30:57.118000,417.5994387705794,102
2024-09-16 15:30:57.151000,415.57890672302,5
2024-09-16 15:30:57.162000,415.6176799813791,9
2024-09-16 15:30:57.166000,415.6246541702149,998
2024-09-16 15:30:57.193000,417.6320638972695,7
2024-09-16 15:30:57.239000,415.6205144519662,6
2024-09-16 15:30:57.317000,415.5990282714402,12
2024-09-16 15:30:57.375000,415.5806724120097,8
2024-09-16 15:30:57.433000,415.6218768096589,13
2024-09-16 15:30:57.434000,415.64497601785285,11
2024-09-16 15:30:57.485000,415.6923660426046,15
2024-09-16 15:30:57.639000,415.6323900207591,13
2024-09-16 15:30:57.768000,415.71528511020927,104
2024-09-16 15:30:57.807000,415.712776638924,14
2024-09-16 15:30:57.845000,415.6474507726469,7
2024-09-16 15:30:57.870000,415.66752819747336,1002
2024-09-16 15:30:57.895000,415.62010044238286,1000
2024-09-16 15:30:57.898000,415.64855675453225,97
2024-09-16 15:30:57.946000,415.585116653042,14
2024-09-16 15:30:58.032000,415.766299834098,13
2024-09-16 15:30:58.082000,415.8361014724822,14
2024-09-16 15:30:58.141000,415.830574943836,1005
2024-09-16 15:30:58.162000,415.8085913037828,14
2024-09-16 15:30:58.184000,415.78728590263967,100
2024-09-16 15:30:58.185000,415.82934726341887,95
2024-09-16 15:30:58.205000,415.8701391797435,1001
2024-09-16 15:30:58.227000,415.84964259654834,1001
2024-09-16 15:30:58.285000,415.7677319585188,12
2024-09-16 15:30:58.295000,415.7231735960251,13
2024-09-16 15:30:58.341000,415.7324045792344,7
2024-09-16 15:30:58.373000,415.8353737917899,13
2024-09-16 15:30:58.378000,415.7145223374056,997
2024-09-16 15:30:58.411000,415.8211164518636,1002
2024-09-16 15:30:58.444000,415.7326206070536,1005
2024-09-16 15:30:58.468000,415.8402127024348,101
2024-09-16 15:30:58.535000,415.79666616765326,100
2024-09-16 15:30:58.558000,415.7383691503082,1000
2024-09-16 15:30:58.605000,415.8467551978569,6
2024-09-16 15:30:58.636000,415.8543659562308,997
2024-09-16 15:30:58.707000,415.7521219963757,5
2024-09-16 15:30:58.719000,415.7704742612194,997
2024-09-16 15:30:58.743000,415.7693198767975,100
2024-09-16 15:30:58.783000,415.7461322458954,97
2024-09-16 15:30:58.837000,415.76863737864267,8
2024-09-16 15:30:58.858000,415.7269337059491,5
2024-09-16 15:30:58.932000,415.8429573742603,6
2024-09-16 15:30:58.932000,415.7136405948472,7
2024-09-16 15:30:59.096000,415.7857222981498,95
2024-09-16 15:30:59.107000,415.7772724381897,1003
2024-09-16 15:30:59.112000,415.7726129575471,7
2024-09-16 15:30:59.112000,415.8092186953186,5
2024-09-16 15:30:59.127000,415.7741149532629,995
2024-09-16 15:30:59.135000,415.8326704251969,999
2024-09-16 15:30:59.204000,415.837846143135,98
2024-09-16 15:30:59.208000,415.8545644256856,14
2024-09-16 15:30:59.215000,415.8227842826704,1001
2024-09-16 15:30:59.286000,415.7741581995667,13
2024-09-16 15:30:59.343000,415.77797825495225,1005
2024-09-16 15:30:59.373000,415.8177301529516,100
2024-09-16 15:30:59.416000,415.7688449499136,97
2024-09-16 15:30:59.428000,415.81243157942,95
2024-09-16 15:30:59.473000,415.83486105448696,999
2024-09-16 15:30:59.478000,415.835643457888,95
2024-09-16 15:30:59.486000,415.7848403154925,10
2024-09-16 15:30:59.584000,415.7802978110756,1000
2024-09-16 15:30:59.592000,415.8100677880973,12
2024-09-16 15:30:59.689000,415.7916835934524,15
2024-09-16 15:30:59.708000,415.8407831502253,96
2024-09-16 15:30:59.709000,415.82885671583097,98
2024-09-16 15:30:59.734000,415.8014727195609,12
2024-09-16 15:30:59.766000,415.79945863985074,6
2024-09-16 15:30:59.849000,415.77839965984623,8
2024-09-16 15:30:59.857000,415.76447947912936,104
2024-09-16 15:30:59.872000,415.7860932626012,11
2024-09-16 15:30:59.954000,415.8337100831267,14
2024-09-16 15:30:59.984000,415.7695488361767,8
2024-09-16 15:30:59.996000,415.8317046553117,96
