Timestamp,Price,Size
2024-09-19 14:50:00.163000,420.7582278545051,1003
2024-09-19 14:50:00.183000,420.8247272459049,95
2024-09-19 14:50:00.281000,420.724550250655,10
2024-09-19 14:50:00.292000,420.8185484900061,105
2024-09-19 14:50:00.374000,420.7979488780928,105
2024-09-19 14:50:00.379000,420.7768271449194,1003
2024-09-19 14:50:00.583000,420.81693911244525,12
2024-09-19 14:50:00.670000,420.7925714061849,100
2024-09-19 14:50:00.681000,420.7423796292791,103
2024-09-19 14:50:00.787000,420.7474413966068,100
2024-09-19 14:50:00.922000,420.7861540647239,997
2024-09-19 14:50:01.127000,420.8142414367157,97
2024-09-19 14:50:01.130000,420.8495345682369,998
2024-09-19 14:50:01.153000,420.8287502899423,100
2024-09-19 14:50:01.187000,420.8124158824575,14
2024-09-19 14:50:01.215000,420.85948497309073,104
2024-09-19 14:50:01.246000,420.8196688105656,95
2024-09-19 14:50:01.250000,420.8555805299507,1000
2024-09-19 14:50:01.274000,420.84865107442295,102
2024-09-19 14:50:01.278000,420.82248562317744,97
2024-09-19 14:50:01.278000,420.8388252542581,10
2024-09-19 14:50:01.298000,420.79936903004807,95
2024-09-19 14:50:01.445000,420.85234459734176,1001
2024-09-19 14:50:01.490000,420.8047765032118,99
2024-09-19 14:50:01.535000,420.8151882678556,105
2024-09-19 14:50:01.547000,420.8432687455949,6
2024-09-19 14:50:01.700000,420.8488296602591,104
2024-09-19 14:50:01.788000,420.8560570388083,96
2024-09-19 14:50:01.797000,420.8055348096274,995
2024-09-19 14:50:01.816000,420.8518495430629,8
2024-09-19 14:50:01.835000,420.847737721517,998
2024-09-19 14:50:01.876000,420.85103607203774,9
2024-09-19 14:50:02.023000,420.8249469656113,96
2024-09-19 14:50:03.047000,420.8466731145552,12
2024-09-19 14:50:03.129000,420.8303339227612,1001
2024-09-19 14:50:03.160000,420.8236948379568,103
2024-09-19 14:50:03.161000,420.8100679800938,998
2024-09-19 14:50:03.185000,420.8179194617077,96
2024-09-19 14:50:03.206000,420.8730147330317,101
2024-09-19 14:50:03.288000,420.8357858954911,995
2024-09-19 14:50:03.419000,420.83116087729934,1000
2024-09-19 14:50:03.430000,420.8630410392164,103
2024-09-19 14:50:03.538000,420.8400364452728,6
2024-09-19 14:50:03.667000,420.8217872636447,1004
2024-09-19 14:50:03.682000,420.8309533380824,102
2024-09-19 14:50:03.703000,420.8419010376933,98
2024-09-19 14:50:03.713000,420.86822477538914,12
2024-09-19 14:50:03.767000,420.8520626747965,1001
2024-09-19 14:50:03.851000,420.8128021825378,12
2024-09-19 14:50:03.949000,420.83833645253367,102
2024-09-19 14:50:05.065000,420.7679963429337,7
2024-09-19 14:50:05.140000,420.8032494707369,6
2024-09-19 14:50:05.536000,420.7638768247347,995
2024-09-19 14:50:05.666000,420.8133766406239,12
2024-09-19 14:50:05.747000,420.82019899205767,996
2024-09-19 14:50:06.038000,420.7189799079786,101
2024-09-19 14:50:06.171000,420.71079054604814,1004
2024-09-19 14:50:06.193000,420.7261881565638,103
2024-09-19 14:50:06.240000,420.72912360894594,6
2024-09-19 14:50:06.318000,420.7107782617358,15
2024-09-19 14:50:06.331000,420.7248204951622,97
2024-09-19 14:50:06.374000,420.7395871380351,1000
2024-09-19 14:50:06.460000,420.7325565699934,997
2024-09-19 14:50:06.479000,420.7547151419569,9
2024-09-19 14:50:06.526000,420.7411725833275,98
2024-09-19 14:50:06.542000,420.73589756025086,15
2024-09-19 14:50:06.597000,420.7289455300248,1002
2024-09-19 14:50:06.661000,420.7405786702008,96
2024-09-19 14:50:06.719000,420.7224952140384,11
2024-09-19 14:50:06.774000,420.7466688343837,995
2024-09-19 14:50:06.826000,420.74727092732667,14
2024-09-19 14:50:06.827000,420.7503809266178,1005
2024-09-19 14:50:07.671000,420.7241116816021,996
2024-09-19 14:50:07.840000,420.7278817822347,1005
2024-09-19 14:50:08.111000,420.6766950550965,101
2024-09-19 14:50:08.112000,420.6814857892328,10
2024-09-19 14:50:08.136000,420.7278690537957,96
2024-09-19 14:50:08.139000,420.69950798018107,1003
2024-09-19 14:50:08.149000,420.7199930688254,10
2024-09-19 14:50:08.252000,420.6865875314474,11
2024-09-19 14:50:08.287000,420.7066385574602,1005
2024-09-19 14:50:08.369000,420.7053165324678,995
2024-09-19 14:50:08.401000,420.6805885825984,5
2024-09-19 14:50:08.520000,420.7131470311147,1005
2024-09-19 14:50:08.588000,420.7254420941561,15
2024-09-19 14:50:08.596000,420.71573819187887,100
2024-09-19 14:50:08.609000,420.6842255758274,9
2024-09-19 14:50:08.609000,420.6821334646032,105
2024-09-19 14:50:08.645000,420.72801124867175,105
2024-09-19 14:50:08.690000,420.6910208273297,97
2024-09-19 14:50:08.691000,420.7108353566106,6
2024-09-19 14:50:08.717000,420.7009707128711,9
2024-09-19 14:50:08.840000,420.6817133037289,1003
2024-09-19 14:50:08.893000,420.71830556853735,1005
2024-09-19 14:50:09.121000,420.650824526726,997
2024-09-19 14:50:09.212000,420.6944110441369,7
2024-09-19 14:50:09.219000,420.69959457126447,10
2024-09-19 14:50:09.386000,420.6999042594497,104
2024-09-19 14:50:09.551000,420.67121898477535,5
2024-09-19 14:50:10.561000,420.7077357569864,96
2024-09-19 14:50:10.594000,420.6800410439914,7
2024-09-19 14:50:10.941000,420.66564539001024,996
2024-09-19 14:50:11.006000,420.7273372393028,5
2024-09-19 14:50:11.029000,420.6923720554507,12
2024-09-19 14:50:11.032000,420.68771057866553,997
2024-09-19 14:50:11.158000,420.6929348206087,104
2024-09-19 14:50:11.219000,420.6983102574179,10
2024-09-19 14:50:11.238000,420.6906633452762,14
2024-09-19 14:50:11.255000,420.6856689804902,99
2024-09-19 14:50:11.305000,420.7010228705803,996
2024-09-19 14:50:11.310000,420.7103148512795,8
2024-09-19 14:50:11.348000,420.6861329484022,1005
2024-09-19 14:50:11.410000,420.6886231490876,999
2024-09-19 14:50:11.686000,420.7056647948002,15
2024-09-19 14:50:11.696000,420.6966721750324,99
2024-09-19 14:50:11.720000,420.7280986707695,8
2024-09-19 14:50:11.720000,420.7034955618959,13
2024-09-19 14:50:11.885000,420.71593150308297,1000
2024-09-19 14:50:12.106000,420.7066683273774,999
2024-09-19 14:50:12.133000,420.72234992567866,1004
2024-09-19 14:50:12.137000,420.7446562513603,104
2024-09-19 14:50:12.155000,420.7087129238965,1005
2024-09-19 14:50:12.196000,420.6896719186604,1004
2024-09-19 14:50:12.227000,420.7339800022276,10
2024-09-19 14:50:12.285000,420.699539586871,10
2024-09-19 14:50:12.322000,420.701796074985,102
2024-09-19 14:50:12.328000,420.69362744719183,999
2024-09-19 14:50:12.337000,420.72827381062274,9
2024-09-19 14:50:12.356000,420.6834579674424,1004
2024-09-19 14:50:12.462000,420.71751893087225,1005
2024-09-19 14:50:12.474000,420.6954875715204,996
2024-09-19 14:50:12.574000,420.721275211229,98
2024-09-19 14:50:12.691000,420.6803109549872,1003
2024-09-19 14:50:12.725000,420.6754140342331,104
2024-09-19 14:50:12.808000,420.7263723287632,14
2024-09-19 14:50:12.841000,420.6922182041311,1000
2024-09-19 14:50:12.890000,420.70089419475215,103
2024-09-19 14:50:12.896000,420.7155681514624,13
2024-09-19 14:50:12.931000,420.7189105542078,97
2024-09-19 14:50:12.963000,420.7107023302314,1002
2024-09-19 14:50:13.023000,420.6554516290238,100
2024-09-19 14:50:13.081000,420.67136093522896,8
2024-09-19 14:50:13.084000,420.74488508014434,9
2024-09-19 14:50:13.110000,420.7174301979948,98
2024-09-19 14:50:13.143000,420.6485295518299,98
2024-09-19 14:50:13.165000,420.6647055686588,998
2024-09-19 14:50:13.197000,420.6869123367662,8
2024-09-19 14:50:13.200000,420.7162368825562,1005
2024-09-19 14:50:13.211000,420.7132749418532,13
2024-09-19 14:50:13.219000,420.7370255679646,95
2024-09-19 14:50:13.283000,420.6606020165757,95
2024-09-19 14:50:13.307000,420.6625511719512,1003
2024-09-19 14:50:13.387000,420.7134502378392,96
2024-09-19 14:50:13.528000,420.6592048130025,103
2024-09-19 14:50:13.529000,420.6854842419853,101
2024-09-19 14:50:13.538000,420.6607697497985,10
2024-09-19 14:50:13.586000,420.7279308928459,102
2024-09-19 14:50:13.655000,420.7291910601291,99
2024-09-19 14:50:13.688000,420.7089167281495,99
2024-09-19 14:50:13.704000,420.7290928799051,98
2024-09-19 14:50:13.709000,420.65374494419353,10
2024-09-19 14:50:13.766000,420.6482100210647,10
2024-09-19 14:50:13.771000,420.7288417691564,6
2024-09-19 14:50:13.821000,420.6480809722951,15
2024-09-19 14:50:13.883000,420.72465505103975,11
2024-09-19 14:50:13.907000,420.653658401286,995
2024-09-19 14:50:13.944000,420.7230521920391,11
2024-09-19 14:50:13.970000,420.67220423839166,1001
2024-09-19 14:50:13.972000,420.6670958681765,99
2024-09-19 14:50:13.981000,420.7258159011863,101
2024-09-19 14:50:14.032000,420.6591101414634,102
2024-09-19 14:50:14.073000,420.6513041587635,13
2024-09-19 14:50:14.114000,420.66340700899104,1004
2024-09-19 14:50:14.190000,420.638404138657,997
2024-09-19 14:50:14.207000,420.6521600228231,97
2024-09-19 14:50:14.316000,420.6558127076746,100
2024-09-19 14:50:14.470000,420.6305109715522,1004
2024-09-19 14:50:14.481000,420.6664869737611,997
2024-09-19 14:50:14.551000,420.66067298668656,105
2024-09-19 14:50:14.579000,420.6562122672737,997
2024-09-19 14:50:14.675000,420.650330891569,999
2024-09-19 14:50:14.740000,420.654073503272,13
2024-09-19 14:50:14.903000,420.6732949333377,97
2024-09-19 14:50:14.972000,420.64696891240783,105
2024-09-19 14:50:15.042000,420.7070882976911,1001
2024-09-19 14:50:15.050000,420.6922136290033,103
2024-09-19 14:50:15.060000,420.65566848798136,1000
2024-09-19 14:50:15.063000,420.7068286164828,102
2024-09-19 14:50:15.190000,420.6554685049678,10
2024-09-19 14:50:15.246000,420.657834017221,104
2024-09-19 14:50:15.253000,420.6614497204793,96
2024-09-19 14:50:15.269000,420.6944443111281,6
2024-09-19 14:50:15.333000,420.71008444978617,100
2024-09-19 14:50:15.452000,420.6766560772393,100
2024-09-19 14:50:15.508000,420.67130586842194,997
2024-09-19 14:50:15.627000,420.6393862676248,6
2024-09-19 14:50:15.710000,420.6769290118666,995
2024-09-19 14:50:15.751000,420.6925206692157,105
2024-09-19 14:50:15.767000,420.6811854107812,102
2024-09-19 14:50:15.771000,420.6641387959996,10
2024-09-19 14:50:15.812000,420.6882124875677,14
2024-09-19 14:50:15.860000,420.7027809001876,8
2024-09-19 14:50:15.862000,420.6981559438208,1004
2024-09-19 14:50:15.876000,420.70450171923983,995
2024-09-19 14:50:15.921000,420.71550003380815,103
2024-09-19 14:50:16.168000,420.6751466024864,96
2024-09-19 14:50:16.286000,420.6916990621106,999
2024-09-19 14:50:16.436000,420.6581646111928,98
2024-09-19 14:50:16.624000,420.66356129084335,10
2024-09-19 14:50:16.795000,420.6862145241036,96
2024-09-19 14:50:16.838000,420.6727236158204,97
2024-09-19 14:50:17.037000,420.6644162171512,98
2024-09-19 14:50:17.042000,420.60863909165926,12
2024-09-19 14:50:17.075000,420.75631662543583,11
2024-09-19 14:50:17.098000,420.6032963022545,995
2024-09-19 14:50:17.104000,420.61362547876473,95
2024-09-19 14:50:17.116000,420.6859200169103,10
2024-09-19 14:50:17.189000,420.728097259851,6
2024-09-19 14:50:17.201000,420.6838274588304,14
2024-09-19 14:50:17.236000,420.65027735693695,1000
2024-09-19 14:50:17.280000,420.7661936452368,100
2024-09-19 14:50:17.305000,420.7329688380907,15
2024-09-19 14:50:17.331000,420.6871280936414,97
2024-09-19 14:50:17.371000,420.7559457497237,15
2024-09-19 14:50:17.427000,420.6866646780246,105
2024-09-19 14:50:17.440000,420.639371370398,1005
2024-09-19 14:50:17.460000,420.7044349353275,996
2024-09-19 14:50:17.533000,420.69552980015976,1003
2024-09-19 14:50:17.559000,420.64849334203984,1005
2024-09-19 14:50:17.704000,420.75420182164254,15
2024-09-19 14:50:17.729000,420.7412423656058,1003
2024-09-19 14:50:17.776000,420.7502183874531,1001
2024-09-19 14:50:17.787000,420.74579086118166,11
2024-09-19 14:50:17.815000,420.680595183624,9
2024-09-19 14:50:17.832000,420.7199801945161,1000
2024-09-19 14:50:17.850000,420.7178911434198,104
2024-09-19 14:50:17.880000,420.68119041708405,6
2024-09-19 14:50:17.931000,420.7391027762227,5
2024-09-19 14:50:17.952000,420.7162770307437,98
2024-09-19 14:50:17.990000,420.6999555466888,13
2024-09-19 14:50:18.353000,420.6053960089002,1002
2024-09-19 14:50:18.991000,413.69948753108224,99
2024-09-19 14:50:19.002000,420.58742176206687,6
2024-09-19 14:50:19.235000,420.59004445908494,104
2024-09-19 14:50:19.345000,420.6036351026372,998
2024-09-19 14:50:19.349000,420.5960288276409,1001
2024-09-19 14:50:19.462000,420.5517617754281,8
2024-09-19 14:50:19.491000,420.587122594293,102
2024-09-19 14:50:19.497000,420.55129914195135,10
2024-09-19 14:50:19.670000,420.55833722419305,13
2024-09-19 14:50:19.727000,420.5446769093771,101
2024-09-19 14:50:19.764000,420.5925571264557,102
2024-09-19 14:50:19.778000,420.6091529935537,6
2024-09-19 14:50:19.828000,420.61151338235874,10
2024-09-19 14:50:19.843000,420.5685095261306,1004
2024-09-19 14:50:19.993000,420.6040800064651,999
2024-09-19 14:50:20.005000,420.58568735631707,1003
2024-09-19 14:50:20.013000,420.55685621345447,97
2024-09-19 14:50:20.176000,420.5762849086188,999
2024-09-19 14:50:20.208000,420.5895919139804,999
2024-09-19 14:50:20.243000,420.5473166244935,997
2024-09-19 14:50:20.246000,420.5532825200555,102
2024-09-19 14:50:20.305000,420.5551983002924,103
2024-09-19 14:50:20.407000,420.5535307741808,1004
2024-09-19 14:50:20.418000,420.5637330586697,1001
2024-09-19 14:50:20.423000,420.5561271973147,995
2024-09-19 14:50:20.619000,420.6068494947133,5
2024-09-19 14:50:20.644000,420.5629528702071,1001
2024-09-19 14:50:20.672000,420.594944535336,5
2024-09-19 14:50:20.689000,420.5798613281663,103
2024-09-19 14:50:20.761000,420.5814488507463,10
2024-09-19 14:50:20.867000,420.5668033296165,9
2024-09-19 14:50:20.904000,420.5648622128646,1002
2024-09-19 14:50:20.918000,420.6084688778638,995
2024-09-19 14:50:20.931000,420.5445739588921,97
2024-09-19 14:50:20.938000,420.5548094804504,995
2024-09-19 14:50:20.938000,420.56805757195576,1005
2024-09-19 14:50:21.018000,413.7619315927027,5
2024-09-19 14:50:21.060000,420.55765411490063,1004
2024-09-19 14:50:21.075000,420.54690174432864,996
2024-09-19 14:50:21.110000,420.5531496825454,14
2024-09-19 14:50:21.128000,420.53457074425023,1005
2024-09-19 14:50:21.152000,420.563728063323,1002
2024-09-19 14:50:21.162000,420.5586807667206,97
2024-09-19 14:50:21.189000,420.5752427215311,15
2024-09-19 14:50:21.224000,420.5706199448041,14
2024-09-19 14:50:21.279000,420.5719086556151,9
2024-09-19 14:50:21.477000,420.5445247908892,1005
2024-09-19 14:50:21.489000,420.54842869792657,96
2024-09-19 14:50:21.500000,420.5600661717438,1003
2024-09-19 14:50:21.624000,420.5313894363652,15
2024-09-19 14:50:21.643000,420.5662358082002,997
2024-09-19 14:50:21.945000,420.5557578483063,101
2024-09-19 14:50:21.972000,420.5612721218801,5
2024-09-19 14:50:22.018000,420.53648975213815,995
2024-09-19 14:50:22.401000,420.5324675042065,104
2024-09-19 14:50:22.777000,420.5233143528332,1004
2024-09-19 14:50:22.943000,420.5208061766653,103
2024-09-19 14:50:23.010000,420.5098936444172,101
2024-09-19 14:50:23.131000,420.5211056581798,995
2024-09-19 14:50:23.224000,420.5167491598504,6
2024-09-19 14:50:23.356000,420.5253067341635,7
2024-09-19 14:50:23.479000,413.78392544699386,1000
2024-09-19 14:50:23.511000,420.546095037728,95
2024-09-19 14:50:23.832000,420.5259518182282,103
2024-09-19 14:50:23.865000,420.5025866926012,8
2024-09-19 14:50:24.042000,420.4885763897743,9
2024-09-19 14:50:24.113000,420.4780696494197,12
2024-09-19 14:50:24.220000,420.4691189653849,997
2024-09-19 14:50:24.227000,420.45828828990807,1002
2024-09-19 14:50:24.428000,420.4870322651775,6
2024-09-19 14:50:24.703000,420.4719554769586,998
2024-09-19 14:50:24.730000,420.4733583380016,102
2024-09-19 14:50:25.208000,420.440771747134,10
2024-09-19 14:50:25.255000,420.4376929529623,1004
2024-09-19 14:50:25.323000,420.4473201330519,99
2024-09-19 14:50:25.475000,420.4468656543504,95
2024-09-19 14:50:25.747000,420.4543378441234,997
2024-09-19 14:50:25.948000,420.4325571338266,995
2024-09-19 14:50:26.860000,420.4313188047659,12
2024-09-19 14:50:26.909000,420.4353328317133,101
2024-09-19 14:50:27.078000,420.4633064740486,14
2024-09-19 14:50:27.145000,420.4334778761864,10
2024-09-19 14:50:27.214000,420.4563733313515,99
2024-09-19 14:50:27.239000,420.4328235909512,11
2024-09-19 14:50:27.352000,420.4505371919694,96
2024-09-19 14:50:27.372000,420.4664423335895,6
2024-09-19 14:50:27.411000,420.433363012422,99
2024-09-19 14:50:27.526000,420.4493756023068,104
2024-09-19 14:50:27.554000,420.470946723516,12
2024-09-19 14:50:27.561000,420.4296230640717,5
2024-09-19 14:50:27.571000,420.4477510065336,6
2024-09-19 14:50:27.587000,420.447500735289,996
2024-09-19 14:50:27.614000,420.46464057145306,8
2024-09-19 14:50:27.669000,420.4426824486753,13
2024-09-19 14:50:27.767000,420.4174458142928,6
2024-09-19 14:50:27.863000,420.4676324610315,1000
2024-09-19 14:50:27.876000,420.4324658784207,7
2024-09-19 14:50:27.916000,420.466717556847,10
2024-09-19 14:50:27.960000,420.4266003997533,999
2024-09-19 14:50:28.263000,420.429955671371,1004
2024-09-19 14:50:28.411000,420.40545259703566,95
2024-09-19 14:50:28.793000,420.4204001437633,1004
2024-09-19 14:50:28.839000,420.41002712376473,98
2024-09-19 14:50:29.145000,420.4062046385837,101
2024-09-19 14:50:29.466000,420.374458986384,103
2024-09-19 14:50:29.472000,420.3602439214032,997
2024-09-19 14:50:29.487000,420.3731058930965,96
2024-09-19 14:50:29.575000,420.3927363525772,15
2024-09-19 14:50:29.796000,420.34486596336535,96
2024-09-19 14:50:29.933000,420.348988248586,95
2024-09-19 14:50:30.073000,420.3673346430612,1000
2024-09-19 14:50:30.181000,420.3724650515908,7
2024-09-19 14:50:30.192000,420.3741459522776,13
2024-09-19 14:50:30.279000,420.3582026397789,11
2024-09-19 14:50:30.383000,420.3623272475343,8
2024-09-19 14:50:30.424000,420.3750930351685,998
2024-09-19 14:50:30.475000,420.3703495287528,5
2024-09-19 14:50:30.486000,420.3684436875823,996
2024-09-19 14:50:30.510000,420.36539623144665,98
2024-09-19 14:50:30.605000,420.36832325430896,14
2024-09-19 14:50:30.688000,420.3716084511364,1005
2024-09-19 14:50:30.756000,420.376323966982,997
2024-09-19 14:50:30.975000,420.3594381817361,1004
2024-09-19 14:50:31.047000,420.3757238388984,101
2024-09-19 14:50:31.083000,420.3291463454748,98
2024-09-19 14:50:31.110000,420.392716375923,9
2024-09-19 14:50:31.120000,420.3795109291534,103
2024-09-19 14:50:31.129000,420.3819996996904,1004
2024-09-19 14:50:31.163000,420.327054593912,104
2024-09-19 14:50:31.194000,420.3865673113497,102
2024-09-19 14:50:31.196000,420.3776468006832,104
2024-09-19 14:50:31.260000,420.37477732869456,6
2024-09-19 14:50:31.357000,420.3547359886191,998
2024-09-19 14:50:31.413000,420.3677402660905,999
2024-09-19 14:50:31.581000,420.3865901607165,101
2024-09-19 14:50:31.591000,420.3627060126786,11
2024-09-19 14:50:31.687000,420.38140898546334,5
2024-09-19 14:50:31.811000,420.3717419725127,97
2024-09-19 14:50:31.838000,420.38203418118775,13
2024-09-19 14:50:31.898000,420.40411742154896,105
2024-09-19 14:50:31.957000,420.32432346765006,5
2024-09-19 14:50:31.964000,420.3685666003768,12
2024-09-19 14:50:32.009000,420.31867822302,1000
2024-09-19 14:50:32.021000,420.2855988371549,98
2024-09-19 14:50:32.040000,420.33458003474095,10
2024-09-19 14:50:32.094000,420.2818199964439,995
2024-09-19 14:50:32.130000,420.2597801045927,1000
2024-09-19 14:50:32.224000,420.32254389996,999
2024-09-19 14:50:32.237000,420.3310682378156,1003
2024-09-19 14:50:32.397000,420.2487205925495,1002
2024-09-19 14:50:32.487000,420.27523742977496,101
2024-09-19 14:50:32.565000,420.3088879542893,95
2024-09-19 14:50:32.592000,420.34389870581646,1001
2024-09-19 14:50:32.708000,420.33907055418143,95
2024-09-19 14:50:32.801000,420.2605024384502,1002
2024-09-19 14:50:32.817000,420.2523045223383,997
2024-09-19 14:50:32.833000,420.2865941161581,999
2024-09-19 14:50:32.839000,420.2612059472755,8
2024-09-19 14:50:32.857000,420.3002783206084,996
2024-09-19 14:50:32.874000,420.25299804279456,105
2024-09-19 14:50:32.909000,420.3157949160366,105
2024-09-19 14:50:32.922000,420.33571349592535,999
2024-09-19 14:50:32.942000,420.33220446677234,1004
2024-09-19 14:50:32.966000,420.2951730793056,99
2024-09-19 14:50:33.087000,420.26950481153904,13
2024-09-19 14:50:33.633000,420.2903221222157,1003
2024-09-19 14:50:34.046000,420.3057090533247,999
2024-09-19 14:50:34.098000,420.2997551751552,96
2024-09-19 14:50:34.133000,420.2793040156435,1003
2024-09-19 14:50:34.187000,420.2977020840728,1002
2024-09-19 14:50:34.200000,420.2971657646264,1005
2024-09-19 14:50:34.217000,420.27184225854273,1000
2024-09-19 14:50:34.245000,420.2852069523006,1003
2024-09-19 14:50:34.305000,420.2850761105756,1004
2024-09-19 14:50:34.365000,420.2842995647152,103
2024-09-19 14:50:34.385000,420.3158881404887,101
2024-09-19 14:50:34.392000,420.2945207786816,1005
2024-09-19 14:50:34.612000,420.289345422296,102
2024-09-19 14:50:34.639000,420.2894951516262,11
2024-09-19 14:50:34.643000,420.2973521243334,1002
2024-09-19 14:50:34.686000,420.31270242508987,996
2024-09-19 14:50:34.688000,420.29171768151855,95
2024-09-19 14:50:34.716000,420.304384904836,999
2024-09-19 14:50:34.754000,420.3188129129676,1001
2024-09-19 14:50:34.794000,420.2980127332845,995
2024-09-19 14:50:34.856000,420.3139136707786,99
2024-09-19 14:50:34.878000,420.3013066638999,100
2024-09-19 14:50:34.903000,420.28790323574447,97
2024-09-19 14:50:34.915000,420.3036940122016,95
2024-09-19 14:50:34.956000,420.2883193576476,100
2024-09-19 14:50:35.039000,420.31571393783526,5
2024-09-19 14:50:35.174000,420.2679996468123,998
2024-09-19 14:50:35.202000,420.25794488879,1002
2024-09-19 14:50:35.319000,420.2815479811916,995
2024-09-19 14:50:35.319000,420.2824751443987,15
2024-09-19 14:50:35.388000,420.2684950991586,100
2024-09-19 14:50:35.436000,420.276948777626,102
2024-09-19 14:50:35.528000,420.314374282998,999
2024-09-19 14:50:35.588000,420.30286713933526,14
2024-09-19 14:50:35.649000,420.2943423992952,996
2024-09-19 14:50:35.677000,420.2680609804398,103
2024-09-19 14:50:35.687000,420.3071004700703,7
2024-09-19 14:50:35.837000,420.2651099651149,8
2024-09-19 14:50:35.849000,420.3186766338652,999
2024-09-19 14:50:35.863000,420.2810779491478,96
2024-09-19 14:50:35.882000,420.3122829149043,997
2024-09-19 14:50:35.992000,420.2799618983003,103
2024-09-19 14:50:36.013000,420.38112864738594,98
2024-09-19 14:50:36.063000,420.3354541789365,13
2024-09-19 14:50:36.066000,420.3551190068368,7
2024-09-19 14:50:36.108000,420.3550239318431,5
2024-09-19 14:50:36.137000,420.3675670856912,1000
2024-09-19 14:50:36.168000,420.3090766031008,998
2024-09-19 14:50:36.224000,420.3798682790065,1004
2024-09-19 14:50:36.286000,420.367228552217,8
2024-09-19 14:50:36.317000,420.3865031645302,96
2024-09-19 14:50:36.369000,420.3653367430915,102
2024-09-19 14:50:36.519000,420.379438824338,103
2024-09-19 14:50:36.563000,420.3507078176278,997
2024-09-19 14:50:36.569000,420.3702380394685,100
2024-09-19 14:50:36.626000,420.29196160885033,1003
2024-09-19 14:50:36.787000,420.3436230995199,104
2024-09-19 14:50:36.799000,420.3392802256872,97
2024-09-19 14:50:36.803000,420.3311518671474,13
2024-09-19 14:50:36.827000,420.3082635891956,100
2024-09-19 14:50:36.828000,420.3494713895595,1001
2024-09-19 14:50:36.855000,420.31915281340815,11
2024-09-19 14:50:36.874000,420.36934808483,1002
2024-09-19 14:50:37.156000,420.34117128005926,96
2024-09-19 14:50:37.224000,420.33192374394935,1001
2024-09-19 14:50:37.385000,420.37611000012,97
2024-09-19 14:50:37.400000,420.3494400075403,5
2024-09-19 14:50:37.407000,420.3420876095221,1003
2024-09-19 14:50:37.462000,420.35036117584906,5
2024-09-19 14:50:37.500000,420.3605456674492,1001
2024-09-19 14:50:37.508000,413.8583631565889,1000
2024-09-19 14:50:37.551000,420.3505449985069,98
2024-09-19 14:50:37.600000,420.3350246652657,1001
2024-09-19 14:50:37.621000,420.3390286686105,10
2024-09-19 14:50:37.632000,420.3394464239194,10
2024-09-19 14:50:37.704000,420.3526781126458,10
2024-09-19 14:50:37.930000,420.3432217198518,102
2024-09-19 14:50:37.968000,420.3651116502124,996
2024-09-19 14:50:38.064000,420.3731923759332,100
2024-09-19 14:50:38.145000,420.3640506001578,1003
2024-09-19 14:50:38.146000,420.3701090029695,98
2024-09-19 14:50:38.215000,420.38813831146354,7
2024-09-19 14:50:38.255000,420.360249507273,104
2024-09-19 14:50:38.259000,420.3968905885821,105
2024-09-19 14:50:38.270000,420.3746732124624,997
2024-09-19 14:50:38.298000,420.3454154338435,995
2024-09-19 14:50:38.308000,420.3703792656004,98
2024-09-19 14:50:38.472000,420.3624028659039,97
2024-09-19 14:50:38.525000,420.37631449014674,1002
2024-09-19 14:50:38.668000,420.3509363426296,13
2024-09-19 14:50:38.677000,420.3858340354266,105
2024-09-19 14:50:38.701000,420.3745615837349,12
2024-09-19 14:50:38.705000,420.3637415164557,96
2024-09-19 14:50:38.834000,420.3617903830228,12
2024-09-19 14:50:38.854000,420.3881678754962,995
2024-09-19 14:50:38.871000,420.3363792327466,99
2024-09-19 14:50:38.940000,420.3652583032149,1005
2024-09-19 14:50:38.951000,420.3735206427126,103
2024-09-19 14:50:39.278000,420.3131220717884,1000
2024-09-19 14:50:39.304000,420.3359316960926,97
2024-09-19 14:50:39.591000,420.3297432276108,10
2024-09-19 14:50:39.918000,420.32748451287085,14
2024-09-19 14:50:40.017000,420.38086512159873,13
2024-09-19 14:50:40.040000,420.414905958601,10
2024-09-19 14:50:40.049000,420.31529761477873,1003
2024-09-19 14:50:40.054000,420.40637576488126,1003
2024-09-19 14:50:40.111000,420.4162802131976,12
2024-09-19 14:50:40.122000,420.3723739156721,1000
2024-09-19 14:50:40.124000,420.3615341512387,15
2024-09-19 14:50:40.203000,420.4130599675812,7
2024-09-19 14:50:40.258000,420.4164491194628,102
2024-09-19 14:50:40.269000,420.41936431680136,9
2024-09-19 14:50:40.277000,420.4335244297712,999
2024-09-19 14:50:40.290000,420.3146971939464,98
2024-09-19 14:50:40.308000,420.41348205073103,7
2024-09-19 14:50:40.380000,420.3284823368509,95
2024-09-19 14:50:40.382000,420.41487292158985,998
2024-09-19 14:50:40.404000,420.429457912596,1003
2024-09-19 14:50:40.433000,420.4100836385968,104
2024-09-19 14:50:40.598000,420.4170044749909,8
2024-09-19 14:50:40.627000,420.3813759131157,995
2024-09-19 14:50:40.649000,420.4340766913979,8
2024-09-19 14:50:40.678000,420.4276865253301,995
2024-09-19 14:50:40.770000,420.4191786499947,6
2024-09-19 14:50:40.789000,420.3823148810218,999
2024-09-19 14:50:40.834000,420.40959498632895,98
2024-09-19 14:50:40.866000,420.3252736115781,102
2024-09-19 14:50:40.904000,420.31082414134056,102
2024-09-19 14:50:40.963000,420.40144989318696,12
2024-09-19 14:50:40.990000,420.3949055294021,102
2024-09-19 14:50:40.997000,420.4080588651258,10
2024-09-19 14:50:41.009000,420.4217255845421,999
2024-09-19 14:50:41.084000,420.4105364196664,102
2024-09-19 14:50:41.097000,420.4244037616616,102
2024-09-19 14:50:41.285000,420.4470493848293,1002
2024-09-19 14:50:41.303000,420.4553517127961,1001
2024-09-19 14:50:41.480000,420.4388994057096,1001
2024-09-19 14:50:41.521000,420.4240770098849,99
2024-09-19 14:50:41.533000,420.45218818290937,995
2024-09-19 14:50:41.643000,420.4496276450218,11
2024-09-19 14:50:41.676000,420.4411912554335,1004
2024-09-19 14:50:41.708000,420.43993102942966,8
2024-09-19 14:50:41.757000,420.4430997942095,98
2024-09-19 14:50:41.813000,420.41655242336094,1002
2024-09-19 14:50:41.922000,420.4172709095044,1004
2024-09-19 14:50:42.054000,420.44426781227344,1005
2024-09-19 14:50:42.071000,420.4265070836367,1004
2024-09-19 14:50:42.075000,420.4117631708138,8
2024-09-19 14:50:42.086000,413.8700304765676,99
2024-09-19 14:50:42.150000,420.4466974178761,14
2024-09-19 14:50:42.180000,420.42137557009215,102
2024-09-19 14:50:42.187000,420.4130926076916,998
2024-09-19 14:50:42.277000,420.4145840491835,999
2024-09-19 14:50:42.306000,420.4106373315792,1001
2024-09-19 14:50:42.321000,420.4235804118948,9
2024-09-19 14:50:42.384000,420.42676661296906,105
2024-09-19 14:50:42.556000,420.4473399572358,9
2024-09-19 14:50:42.617000,420.4036373744954,99
2024-09-19 14:50:42.633000,420.40638119345726,1001
2024-09-19 14:50:42.639000,420.4184632149394,98
2024-09-19 14:50:42.654000,420.4198171950427,1000
2024-09-19 14:50:42.757000,420.4135105080722,8
2024-09-19 14:50:42.789000,420.4411161594927,97
2024-09-19 14:50:42.800000,420.4466365094624,11
2024-09-19 14:50:42.826000,420.4502657105276,1004
2024-09-19 14:50:42.843000,420.4596606355004,999
2024-09-19 14:50:42.897000,420.42191736914793,9
2024-09-19 14:50:42.902000,420.42880879190346,7
2024-09-19 14:50:42.921000,420.4235902223577,14
2024-09-19 14:50:42.927000,420.44379715083664,95
2024-09-19 14:50:42.980000,420.417986817956,12
2024-09-19 14:50:43.035000,420.37054177418895,13
2024-09-19 14:50:43.084000,420.3413332164036,98
2024-09-19 14:50:43.087000,420.3246570344033,6
2024-09-19 14:50:43.108000,420.418325441801,96
2024-09-19 14:50:43.109000,420.35216243250863,999
2024-09-19 14:50:43.124000,420.3483801741633,104
2024-09-19 14:50:43.164000,420.4018425463995,5
2024-09-19 14:50:43.234000,420.3196539483306,1004
2024-09-19 14:50:43.247000,413.8568721644805,98
2024-09-19 14:50:43.254000,420.3859674640759,15
2024-09-19 14:50:43.275000,420.32244454725975,1003
2024-09-19 14:50:43.333000,420.3664238891378,1000
2024-09-19 14:50:43.348000,420.3595519637353,95
2024-09-19 14:50:43.374000,420.3542200347357,12
2024-09-19 14:50:43.392000,420.3416503655254,103
2024-09-19 14:50:43.444000,420.3706067845459,104
2024-09-19 14:50:43.483000,420.3580639578363,12
2024-09-19 14:50:43.510000,420.3712107801876,10
2024-09-19 14:50:43.558000,420.3168804396624,995
2024-09-19 14:50:43.578000,420.3988530530261,1001
2024-09-19 14:50:43.681000,420.3786618904842,102
2024-09-19 14:50:43.701000,420.365908669701,9
2024-09-19 14:50:43.710000,420.39865337353257,1005
2024-09-19 14:50:43.727000,420.33936673873166,104
2024-09-19 14:50:43.740000,420.3719664838615,98
2024-09-19 14:50:43.767000,420.3953202356304,105
2024-09-19 14:50:43.771000,420.3553392939607,1003
2024-09-19 14:50:43.894000,420.3048398224478,10
2024-09-19 14:50:43.904000,420.3985632921291,996
2024-09-19 14:50:43.923000,420.3515463388433,11
2024-09-19 14:50:43.966000,420.3442190350461,100
2024-09-19 14:50:44.329000,420.3411787762172,998
2024-09-19 14:50:44.423000,420.29035828627326,995
2024-09-19 14:50:44.576000,420.29067616742606,103
2024-09-19 14:50:44.762000,420.324298748605,95
2024-09-19 14:50:44.987000,420.3552544554326,103
2024-09-19 14:50:45.206000,420.25883442854575,100
2024-09-19 14:50:45.292000,420.2529855540795,95
2024-09-19 14:50:45.350000,420.2480956778132,96
2024-09-19 14:50:45.370000,420.2333812609221,103
2024-09-19 14:50:45.419000,420.23956027810135,104
2024-09-19 14:50:45.474000,420.2836373182656,13
2024-09-19 14:50:45.577000,420.30422949171947,11
2024-09-19 14:50:45.812000,420.2267650540389,100
2024-09-19 14:50:45.966000,420.30659413669616,97
2024-09-19 14:50:46.031000,420.2888869570395,95
2024-09-19 14:50:46.134000,420.2731565219953,103
2024-09-19 14:50:46.201000,420.3260124646036,99
2024-09-19 14:50:46.355000,420.3327848784828,998
2024-09-19 14:50:46.414000,420.2634050543085,95
2024-09-19 14:50:46.450000,420.26141676815627,13
2024-09-19 14:50:46.509000,420.3445505695254,997
2024-09-19 14:50:46.552000,420.279657311688,13
2024-09-19 14:50:46.656000,420.3131913033857,14
2024-09-19 14:50:46.677000,420.2692542569585,12
2024-09-19 14:50:46.680000,420.25944414591663,12
2024-09-19 14:50:46.696000,420.2652455228318,8
2024-09-19 14:50:46.702000,420.2576736622057,105
2024-09-19 14:50:46.790000,420.26841045691344,104
2024-09-19 14:50:46.814000,420.32831570161926,13
2024-09-19 14:50:46.814000,420.328657022629,8
2024-09-19 14:50:46.832000,420.30672761253714,5
2024-09-19 14:50:46.836000,420.3145031513252,101
2024-09-19 14:50:46.844000,420.3125390599322,95
2024-09-19 14:50:46.846000,420.3029563554783,5
2024-09-19 14:50:46.935000,420.3194463993629,11
2024-09-19 14:50:46.953000,420.3214797226004,1005
2024-09-19 14:50:47.046000,420.3391997690978,1004
2024-09-19 14:50:47.141000,420.3255918200751,15
2024-09-19 14:50:47.157000,420.3358309755397,105
2024-09-19 14:50:47.195000,420.32887045506106,997
2024-09-19 14:50:47.201000,420.29943952567214,11
2024-09-19 14:50:47.211000,420.3120780569441,14
2024-09-19 14:50:47.254000,420.3088194155018,1001
2024-09-19 14:50:47.283000,420.3170460787336,14
2024-09-19 14:50:47.299000,420.3019019684868,1004
2024-09-19 14:50:47.342000,420.298065988116,96
2024-09-19 14:50:47.374000,420.3011599010812,98
2024-09-19 14:50:47.514000,420.2903811101344,103
2024-09-19 14:50:47.625000,420.3083301264682,1003
2024-09-19 14:50:47.814000,420.3028231942954,6
2024-09-19 14:50:47.847000,420.32675306183165,14
2024-09-19 14:50:47.904000,420.30673654347385,15
2024-09-19 14:50:47.924000,420.2914797330542,1000
2024-09-19 14:50:47.977000,420.3424010480692,13
2024-09-19 14:50:47.981000,420.3182279638642,97
2024-09-19 14:50:48.026000,420.2377363852708,1004
2024-09-19 14:50:48.072000,420.2945083239493,9
2024-09-19 14:50:48.085000,420.2571476870161,96
2024-09-19 14:50:48.109000,420.3120620086122,1005
2024-09-19 14:50:48.151000,420.28390865414406,105
2024-09-19 14:50:48.152000,420.2428843275288,15
2024-09-19 14:50:48.161000,420.3199404769556,1004
2024-09-19 14:50:48.224000,420.261900256044,10
2024-09-19 14:50:48.346000,420.3222836366701,9
2024-09-19 14:50:48.454000,420.2536932665633,7
2024-09-19 14:50:48.728000,420.324181582431,13
2024-09-19 14:50:48.843000,420.2379865089238,1000
2024-09-19 14:50:48.848000,420.2905107844964,7
2024-09-19 14:50:48.913000,420.2629535141903,98
2024-09-19 14:50:49.085000,420.2312509130934,1005
2024-09-19 14:50:49.159000,420.18211866844086,999
2024-09-19 14:50:49.168000,420.2388058320033,996
2024-09-19 14:50:49.218000,420.1452430811445,999
2024-09-19 14:50:49.254000,420.1612233102269,998
2024-09-19 14:50:49.327000,420.1202810180597,1000
2024-09-19 14:50:49.341000,420.2091066668437,996
2024-09-19 14:50:49.407000,420.21737597165,11
2024-09-19 14:50:49.608000,420.1426587102134,6
2024-09-19 14:50:49.642000,420.1580237449983,12
2024-09-19 14:50:49.660000,420.1617127163645,15
2024-09-19 14:50:49.699000,420.1548112756646,102
2024-09-19 14:50:49.701000,420.1261878716269,996
2024-09-19 14:50:49.832000,420.2354671507768,998
2024-09-19 14:50:49.871000,420.24273819372974,1004
2024-09-19 14:50:49.878000,420.2194463064957,97
2024-09-19 14:50:49.925000,420.1983225420743,103
2024-09-19 14:50:50.024000,420.1242643749097,96
2024-09-19 14:50:50.069000,420.1241224793882,1005
2024-09-19 14:50:50.116000,420.12995747262215,997
2024-09-19 14:50:50.160000,420.11739107705824,11
2024-09-19 14:50:50.214000,420.0935397475316,999
2024-09-19 14:50:50.267000,420.08556400838046,104
2024-09-19 14:50:50.268000,420.1132188981588,1000
2024-09-19 14:50:50.271000,420.11744906876334,97
2024-09-19 14:50:50.350000,420.0926127420967,100
2024-09-19 14:50:50.353000,420.1118757403449,997
2024-09-19 14:50:50.420000,420.10637326382783,8
2024-09-19 14:50:50.440000,420.1271456013432,1004
2024-09-19 14:50:50.699000,420.091791936865,103
2024-09-19 14:50:50.709000,420.1434121619511,7
2024-09-19 14:50:50.720000,420.1142928937098,105
2024-09-19 14:50:50.741000,420.0935468187395,11
2024-09-19 14:50:50.818000,420.1026158803894,6
2024-09-19 14:50:50.819000,420.12615677430153,1004
2024-09-19 14:50:50.828000,420.0892535650421,14
2024-09-19 14:50:50.849000,420.1243246060738,14
2024-09-19 14:50:50.849000,420.1095258346374,8
2024-09-19 14:50:50.857000,420.1064031060623,1004
2024-09-19 14:50:50.881000,420.0745839811637,9
2024-09-19 14:50:50.904000,420.1192635821798,97
2024-09-19 14:50:50.919000,420.1175628441637,14
2024-09-19 14:50:50.932000,420.11288356627,101
2024-09-19 14:50:50.995000,420.0828555300612,13
2024-09-19 14:50:51.082000,420.0610809270786,96
2024-09-19 14:50:51.114000,420.06103055122855,97
2024-09-19 14:50:51.252000,420.0556150688526,96
2024-09-19 14:50:51.404000,420.0668516285528,103
2024-09-19 14:50:51.802000,420.05895130219466,997
2024-09-19 14:50:51.809000,420.0667414476183,99
2024-09-19 14:50:51.857000,420.0631644844332,100
2024-09-19 14:50:51.960000,420.0560488536058,97
2024-09-19 14:50:52.344000,420.02509011762027,102
2024-09-19 14:50:52.848000,420.02831372335527,9
2024-09-19 14:50:52.909000,420.049886061367,7
2024-09-19 14:50:53.098000,419.99055486046416,998
2024-09-19 14:50:53.269000,420.01034741263487,98
2024-09-19 14:50:53.373000,420.00129912380487,105
2024-09-19 14:50:53.634000,420.03213739254096,95
2024-09-19 14:50:53.699000,420.0119189886381,100
2024-09-19 14:50:53.751000,420.03196723306047,10
2024-09-19 14:50:53.819000,420.0127690432486,1005
2024-09-19 14:50:54.006000,420.0462267211824,105
2024-09-19 14:50:54.117000,420.05269326543566,98
2024-09-19 14:50:54.128000,420.0694866790307,997
2024-09-19 14:50:54.184000,420.0609756609607,97
2024-09-19 14:50:54.257000,420.0523137516738,105
2024-09-19 14:50:54.259000,420.0607918168421,95
2024-09-19 14:50:54.309000,420.05459087432513,997
2024-09-19 14:50:54.354000,420.073887370081,13
2024-09-19 14:50:54.374000,420.0480245993573,101
2024-09-19 14:50:54.487000,420.0607307251076,1000
2024-09-19 14:50:54.557000,420.0666395105544,1002
2024-09-19 14:50:54.584000,420.06115853047487,99
2024-09-19 14:50:54.613000,420.043140020569,998
2024-09-19 14:50:54.645000,420.0504684583397,15
2024-09-19 14:50:54.680000,420.06604551720494,104
2024-09-19 14:50:54.747000,420.0465758624446,995
2024-09-19 14:50:54.762000,420.04969331945176,103
2024-09-19 14:50:54.763000,420.0475912166905,997
2024-09-19 14:50:54.767000,420.03809481328375,103
2024-09-19 14:50:54.833000,420.0751586781247,13
2024-09-19 14:50:54.844000,420.0590622137936,99
2024-09-19 14:50:54.937000,420.0570764606472,1003
2024-09-19 14:50:54.939000,420.0694270829402,10
2024-09-19 14:50:54.977000,420.0647312580799,96
2024-09-19 14:50:55.011000,420.05927665351567,1001
2024-09-19 14:50:55.011000,420.0843700773114,5
2024-09-19 14:50:55.068000,413.9094064062036,95
2024-09-19 14:50:55.209000,420.10494553576456,12
2024-09-19 14:50:55.291000,420.07453116291873,100
2024-09-19 14:50:55.308000,420.0233648138271,98
2024-09-19 14:50:55.596000,420.073996596025,12
2024-09-19 14:50:55.660000,420.08692724086177,12
2024-09-19 14:50:55.667000,420.074513641141,999
2024-09-19 14:50:55.772000,420.1016517031178,103
2024-09-19 14:50:55.790000,420.06701606283247,998
2024-09-19 14:50:55.872000,420.0812783281683,1003
2024-09-19 14:50:55.881000,420.10567912202447,995
2024-09-19 14:50:56.018000,420.0591132793608,5
2024-09-19 14:50:56.052000,420.0371627699612,998
2024-09-19 14:50:56.102000,420.044971964136,97
2024-09-19 14:50:56.180000,420.0657208269416,14
2024-09-19 14:50:56.268000,420.0551357228589,10
2024-09-19 14:50:56.413000,420.1045594761698,101
2024-09-19 14:50:56.597000,420.097862997162,999
2024-09-19 14:50:56.608000,420.0741420691271,105
2024-09-19 14:50:56.637000,420.0756521350274,103
2024-09-19 14:50:56.645000,420.09315801160807,1005
2024-09-19 14:50:56.703000,420.0956511471289,12
2024-09-19 14:50:56.823000,420.0503780915152,98
2024-09-19 14:50:56.877000,420.0403558694993,95
2024-09-19 14:50:56.881000,420.0362897257219,8
2024-09-19 14:50:56.908000,420.0924736502859,9
2024-09-19 14:50:56.969000,420.0576360672986,104
2024-09-19 14:50:57.004000,420.0438772440848,11
2024-09-19 14:50:57.637000,420.059207014853,98
2024-09-19 14:50:57.655000,420.0578200548415,101
2024-09-19 14:50:58.660000,420.0364619544528,15
2024-09-19 14:50:59.006000,420.1564291038593,1001
2024-09-19 14:50:59.042000,420.0807292733141,12
2024-09-19 14:50:59.070000,420.1698052593236,13
2024-09-19 14:50:59.095000,420.1634843989361,1004
2024-09-19 14:50:59.204000,420.1676957357318,8
2024-09-19 14:50:59.288000,420.1583693679679,14
2024-09-19 14:50:59.332000,420.1318703653632,105
2024-09-19 14:50:59.413000,420.126326479908,1003
2024-09-19 14:50:59.433000,420.1599956944591,8
2024-09-19 14:50:59.547000,420.15668720617145,104
2024-09-19 14:50:59.560000,420.1302346185092,998
2024-09-19 14:50:59.578000,420.1590995537576,103
2024-09-19 14:50:59.683000,420.0530921740458,997
2024-09-19 14:50:59.718000,420.0590798758834,1004
2024-09-19 14:50:59.721000,420.0551838452958,995
2024-09-19 14:50:59.737000,420.17743266891046,1001
2024-09-19 14:50:59.793000,420.12094840201206,105
2024-09-19 14:50:59.818000,420.13644929649024,12
2024-09-19 14:50:59.821000,420.1417927714066,103
2024-09-19 14:50:59.917000,420.1656383409727,104
2024-09-19 14:50:59.919000,420.0889927318781,103
2024-09-19 14:50:59.927000,420.06706067383374,6
2024-09-19 14:50:59.946000,420.1357343978377,10
2024-09-19 14:50:59.982000,414.00107841599606,105
