Timestamp,Price,Size
2024-09-19 10:00:00.040000,415.5508937384632,14
2024-09-19 10:00:00.045000,415.50933963107286,103
2024-09-19 10:00:00.061000,415.554141204033,999
2024-09-19 10:00:00.063000,415.57706660446735,997
2024-09-19 10:00:00.111000,415.5320654934665,12
2024-09-19 10:00:00.154000,415.53464651892295,1004
2024-09-19 10:00:00.166000,415.5913083244623,1000
2024-09-19 10:00:00.200000,415.5245841850798,102
2024-09-19 10:00:00.211000,415.54546588116585,101
2024-09-19 10:00:00.534000,415.5439560037362,997
2024-09-19 10:00:00.560000,415.55896358096186,7
2024-09-19 10:00:00.584000,415.5530107307912,1003
2024-09-19 10:00:00.593000,415.5349281389184,100
2024-09-19 10:00:00.714000,415.5308513626091,995
2024-09-19 10:00:00.717000,415.5265326767493,97
2024-09-19 10:00:00.773000,415.52748993062255,12
2024-09-19 10:00:00.827000,415.52263800475214,12
2024-09-19 10:00:00.827000,415.52565835948303,1002
2024-09-19 10:00:00.851000,415.516170934672,1005
2024-09-19 10:00:00.911000,415.5399686308725,97
2024-09-19 10:00:00.981000,415.52049716635776,8
2024-09-19 10:00:00.984000,415.52714790940746,999
2024-09-19 10:00:00.985000,415.5601338300303,101
2024-09-19 10:00:01.624000,415.5645529670328,1003
2024-09-19 10:00:01.781000,415.558011081837,103
2024-09-19 10:00:02.185000,415.57496544296094,1004
2024-09-19 10:00:02.186000,415.5674848823035,12
2024-09-19 10:00:02.188000,415.57385514044586,9
2024-09-19 10:00:02.208000,415.5699317723439,95
2024-09-19 10:00:02.223000,415.55055022699776,1001
2024-09-19 10:00:02.246000,415.5436903888596,102
2024-09-19 10:00:02.261000,415.5233273077305,12
2024-09-19 10:00:02.266000,415.5576822967357,1001
2024-09-19 10:00:02.274000,415.5748341065911,12
2024-09-19 10:00:02.294000,415.51555293762686,105
2024-09-19 10:00:02.325000,415.57629816273135,95
2024-09-19 10:00:02.327000,415.5113637447072,7
2024-09-19 10:00:02.351000,415.5774905323815,98
2024-09-19 10:00:02.353000,415.5846311660143,104
2024-09-19 10:00:02.424000,415.5699349647999,97
2024-09-19 10:00:02.478000,415.564732324717,10
2024-09-19 10:00:02.640000,415.5902581532326,997
2024-09-19 10:00:02.650000,415.57407359049057,101
2024-09-19 10:00:02.704000,415.5786743894793,102
2024-09-19 10:00:02.738000,415.5143835674395,7
2024-09-19 10:00:02.754000,415.542484731035,7
2024-09-19 10:00:02.764000,415.5726190621712,13
2024-09-19 10:00:02.824000,415.561063237348,98
2024-09-19 10:00:02.827000,415.5435711090262,6
2024-09-19 10:00:02.874000,415.57456826763325,102
2024-09-19 10:00:02.955000,415.5615236847931,102
2024-09-19 10:00:02.992000,415.5914702119374,5
2024-09-19 10:00:03.066000,415.5633038602253,998
2024-09-19 10:00:03.128000,415.5908999512663,12
2024-09-19 10:00:03.418000,415.6185672320379,103
2024-09-19 10:00:03.521000,415.5962750966625,96
2024-09-19 10:00:03.574000,415.55374299769136,11
2024-09-19 10:00:03.740000,415.5499961443642,999
2024-09-19 10:00:03.777000,415.5497611123466,105
2024-09-19 10:00:03.796000,415.6090530686054,11
2024-09-19 10:00:03.934000,415.5468718699448,7
2024-09-19 10:00:04.119000,415.55956995441,12
2024-09-19 10:00:04.207000,415.511888544068,998
2024-09-19 10:00:04.269000,415.50627148867176,105
2024-09-19 10:00:04.369000,415.51062564795495,1001
2024-09-19 10:00:04.383000,415.4969249776327,1000
2024-09-19 10:00:04.425000,415.5293190991149,14
2024-09-19 10:00:04.604000,415.51372773315774,12
2024-09-19 10:00:04.685000,415.5106110745889,97
2024-09-19 10:00:04.759000,415.5195285753391,14
2024-09-19 10:00:04.873000,415.5202157616751,8
2024-09-19 10:00:04.958000,415.5510033676274,13
2024-09-19 10:00:05.010000,415.48829089021547,12
2024-09-19 10:00:05.040000,415.4413330243228,7
2024-09-19 10:00:05.072000,415.4732233107749,5
2024-09-19 10:00:05.100000,415.43139796416847,1003
2024-09-19 10:00:05.119000,415.51810072582606,98
2024-09-19 10:00:05.128000,415.4489788250574,1002
2024-09-19 10:00:05.157000,415.4980923272501,103
2024-09-19 10:00:05.236000,415.4725604322123,103
2024-09-19 10:00:05.236000,415.4662300746821,1001
2024-09-19 10:00:05.261000,415.4605970218034,11
2024-09-19 10:00:05.306000,415.4328900096363,995
2024-09-19 10:00:05.324000,415.4545767056804,100
2024-09-19 10:00:05.366000,415.4957550967252,1002
2024-09-19 10:00:05.380000,415.4811908075258,103
2024-09-19 10:00:05.471000,415.4517197083499,998
2024-09-19 10:00:05.479000,415.4780945135211,999
2024-09-19 10:00:05.567000,415.4466582195507,1001
2024-09-19 10:00:05.617000,415.5242731699786,15
2024-09-19 10:00:05.708000,415.4929509413557,9
2024-09-19 10:00:05.836000,415.4351266277106,103
2024-09-19 10:00:05.912000,415.45868624032255,9
2024-09-19 10:00:05.921000,415.4542454211696,8
2024-09-19 10:00:06,415.43513407542434,105
2024-09-19 10:00:06.003000,415.5542266677581,11
2024-09-19 10:00:06.033000,415.5097633126698,15
2024-09-19 10:00:06.052000,415.458579003309,105
2024-09-19 10:00:06.100000,415.5099235766265,13
2024-09-19 10:00:06.125000,415.5296148018164,1001
2024-09-19 10:00:06.207000,415.56227249023095,102
2024-09-19 10:00:06.224000,415.4338863913349,996
2024-09-19 10:00:06.239000,415.5055339584382,15
2024-09-19 10:00:06.259000,415.53465112851336,103
2024-09-19 10:00:06.300000,415.4471021161264,997
2024-09-19 10:00:06.314000,415.49771100824313,10
2024-09-19 10:00:06.318000,415.5293325069383,14
2024-09-19 10:00:06.366000,415.50757107128646,5
2024-09-19 10:00:06.396000,415.4418268638243,7
2024-09-19 10:00:06.409000,415.445125486789,1004
2024-09-19 10:00:06.483000,415.5578010902517,12
2024-09-19 10:00:06.496000,415.4567885154079,100
2024-09-19 10:00:06.547000,415.4510123212268,1002
2024-09-19 10:00:06.573000,415.5411363420799,995
2024-09-19 10:00:06.621000,415.53009561762167,6
2024-09-19 10:00:06.696000,415.5502585569991,11
2024-09-19 10:00:06.741000,415.4550272831098,999
2024-09-19 10:00:06.809000,415.5070849884353,13
2024-09-19 10:00:06.856000,415.5455250979873,103
2024-09-19 10:00:06.909000,415.5426660707913,13
2024-09-19 10:00:06.933000,415.52449029426106,100
2024-09-19 10:00:06.964000,415.4337949024024,998
2024-09-19 10:00:06.965000,415.48530223391015,10
2024-09-19 10:00:07.047000,415.5258803507636,104
2024-09-19 10:00:07.052000,415.5418233866567,1001
2024-09-19 10:00:07.072000,415.5533902785545,1004
2024-09-19 10:00:07.118000,415.5497144704455,95
2024-09-19 10:00:07.126000,415.5442620631087,995
2024-09-19 10:00:07.212000,415.5560085824832,998
2024-09-19 10:00:07.313000,415.5494444042316,102
2024-09-19 10:00:07.346000,415.56089532751326,102
2024-09-19 10:00:07.356000,415.56826918007175,103
2024-09-19 10:00:07.429000,415.5538616009927,99
2024-09-19 10:00:07.445000,415.5489563532436,98
2024-09-19 10:00:07.480000,415.5353422142066,103
2024-09-19 10:00:07.503000,415.52368319318447,9
2024-09-19 10:00:07.521000,415.5156776289377,97
2024-09-19 10:00:07.566000,415.5178642495546,100
2024-09-19 10:00:07.584000,415.51199408811726,9
2024-09-19 10:00:07.640000,415.549218238035,7
2024-09-19 10:00:07.644000,415.54379164573135,14
2024-09-19 10:00:07.646000,415.5615184977415,98
2024-09-19 10:00:07.656000,415.5333868955501,8
2024-09-19 10:00:07.672000,415.5643456645699,98
2024-09-19 10:00:07.744000,415.5292225773692,6
2024-09-19 10:00:07.799000,415.5317680822795,1000
2024-09-19 10:00:07.850000,415.5630013272181,98
2024-09-19 10:00:07.942000,415.5487939128196,1003
2024-09-19 10:00:08.023000,415.4890744886205,15
2024-09-19 10:00:08.060000,415.4672442648189,97
2024-09-19 10:00:08.070000,415.4976133545738,98
2024-09-19 10:00:08.186000,415.5067647495236,102
2024-09-19 10:00:08.199000,415.4985504912159,11
2024-09-19 10:00:08.201000,415.50484634119056,14
2024-09-19 10:00:08.204000,415.5027547654176,101
2024-09-19 10:00:08.246000,415.4892663258908,1004
2024-09-19 10:00:08.264000,415.4851882115856,6
2024-09-19 10:00:08.275000,415.4854500709647,104
2024-09-19 10:00:08.343000,415.5177110787674,95
2024-09-19 10:00:08.386000,415.50483526301656,95
2024-09-19 10:00:08.479000,415.4800728277853,102
2024-09-19 10:00:08.514000,415.50380710218167,8
2024-09-19 10:00:08.582000,415.5048660180596,96
2024-09-19 10:00:08.665000,415.50954074161217,1001
2024-09-19 10:00:08.741000,415.5152211025528,9
2024-09-19 10:00:08.745000,415.4790143078936,97
2024-09-19 10:00:08.839000,415.4991398258485,103
2024-09-19 10:00:08.854000,415.5041155616108,5
2024-09-19 10:00:08.859000,415.4892354657882,8
2024-09-19 10:00:08.865000,415.51467787733066,1005
2024-09-19 10:00:08.939000,415.4871600898389,96
2024-09-19 10:00:08.967000,415.5141697150111,1001
2024-09-19 10:00:08.987000,415.4667506028477,1005
2024-09-19 10:00:08.990000,415.4935302450031,104
2024-09-19 10:00:08.993000,415.5309289612017,997
2024-09-19 10:00:09.535000,415.4856491627522,1000
2024-09-19 10:00:10.161000,415.4458109996605,95
2024-09-19 10:00:10.173000,415.44544749710553,100
2024-09-19 10:00:10.182000,415.4338338818717,14
2024-09-19 10:00:10.236000,415.5020344220488,1001
2024-09-19 10:00:10.256000,415.4413163928019,97
2024-09-19 10:00:10.334000,415.50793167349696,13
2024-09-19 10:00:10.356000,415.4218649790169,100
2024-09-19 10:00:10.399000,415.4161154925174,103
2024-09-19 10:00:10.409000,415.4387802999025,996
2024-09-19 10:00:10.415000,415.42758634670224,102
2024-09-19 10:00:10.451000,415.39926783542967,97
2024-09-19 10:00:10.537000,415.417652427293,14
2024-09-19 10:00:10.550000,415.4820861571262,101
2024-09-19 10:00:10.568000,415.47378002301184,1001
2024-09-19 10:00:10.583000,415.44935508625616,14
2024-09-19 10:00:10.677000,415.5127581343845,996
2024-09-19 10:00:10.696000,415.43205208523466,5
2024-09-19 10:00:10.708000,415.40717468017874,999
2024-09-19 10:00:10.714000,415.4300201305108,104
2024-09-19 10:00:10.722000,415.4682257013511,1000
2024-09-19 10:00:10.783000,415.3815456653402,15
2024-09-19 10:00:10.845000,415.42498582271537,101
2024-09-19 10:00:10.949000,415.4225223565688,99
2024-09-19 10:00:11.013000,415.3394972115704,11
2024-09-19 10:00:11.032000,415.32982391543936,995
2024-09-19 10:00:11.032000,415.4027714276242,99
2024-09-19 10:00:11.112000,415.3474306011632,12
2024-09-19 10:00:11.115000,415.3959837465977,15
2024-09-19 10:00:11.144000,415.3299255029688,1000
2024-09-19 10:00:11.147000,415.3492407485104,999
2024-09-19 10:00:11.202000,415.36782227674667,97
2024-09-19 10:00:11.232000,415.376764560424,104
2024-09-19 10:00:11.246000,415.37083019412336,97
2024-09-19 10:00:11.276000,415.3956252251857,96
2024-09-19 10:00:11.278000,415.3154138459939,1005
2024-09-19 10:00:11.287000,415.3866224924637,96
2024-09-19 10:00:11.298000,415.3531431631851,996
2024-09-19 10:00:11.316000,415.34797094865206,96
2024-09-19 10:00:11.373000,415.37458984719,5
2024-09-19 10:00:11.435000,415.3682062247887,13
2024-09-19 10:00:11.451000,415.32344016614815,6
2024-09-19 10:00:11.465000,415.3209372047321,11
2024-09-19 10:00:11.467000,415.3577174116973,999
2024-09-19 10:00:11.511000,415.324560020236,104
2024-09-19 10:00:11.532000,415.3480859669327,12
2024-09-19 10:00:11.614000,415.3666896490578,999
2024-09-19 10:00:11.625000,415.3144464446263,102
2024-09-19 10:00:11.665000,415.35949944701815,103
2024-09-19 10:00:11.738000,415.3882566300504,12
2024-09-19 10:00:11.765000,415.3652777524831,999
2024-09-19 10:00:11.842000,415.3800205980962,998
2024-09-19 10:00:12.091000,415.32866419270186,13
2024-09-19 10:00:12.154000,415.28399824704593,10
2024-09-19 10:00:12.190000,415.269977073774,11
2024-09-19 10:00:12.215000,415.2758623025682,95
2024-09-19 10:00:12.250000,415.2678597782631,96
2024-09-19 10:00:12.302000,415.33568076593,103
2024-09-19 10:00:12.310000,415.2638811289337,5
2024-09-19 10:00:12.341000,415.27579822879306,12
2024-09-19 10:00:12.460000,415.3214962790211,102
2024-09-19 10:00:12.463000,415.346084239616,99
2024-09-19 10:00:12.479000,415.3845124539519,996
2024-09-19 10:00:12.513000,415.3744405163215,9
2024-09-19 10:00:12.521000,415.33474836756113,1002
2024-09-19 10:00:12.548000,415.302106737191,1003
2024-09-19 10:00:12.570000,415.3080182712287,13
2024-09-19 10:00:12.579000,415.256749995863,1003
2024-09-19 10:00:12.636000,415.3705478035613,104
2024-09-19 10:00:12.647000,415.3525203293763,7
2024-09-19 10:00:12.654000,415.2865071796703,1002
2024-09-19 10:00:12.682000,415.2996378922127,101
2024-09-19 10:00:12.700000,415.2709076914283,12
2024-09-19 10:00:12.719000,415.3470698154615,997
2024-09-19 10:00:12.824000,415.2883905954766,104
2024-09-19 10:00:12.850000,415.2975140988854,997
2024-09-19 10:00:12.894000,415.2549387977092,1000
2024-09-19 10:00:12.929000,415.33828958071183,8
2024-09-19 10:00:13.216000,415.279181469581,95
2024-09-19 10:00:13.372000,415.2960889964463,104
2024-09-19 10:00:13.430000,415.2791450683759,101
2024-09-19 10:00:13.555000,415.28892952215085,105
2024-09-19 10:00:13.557000,415.2878184667264,12
2024-09-19 10:00:13.569000,415.30005418785606,14
2024-09-19 10:00:13.627000,415.30290232229214,1004
2024-09-19 10:00:14.021000,415.27699663451233,101
2024-09-19 10:00:14.052000,415.29065218446846,1001
2024-09-19 10:00:14.112000,415.2799075711183,999
2024-09-19 10:00:14.216000,415.291779147586,100
2024-09-19 10:00:14.232000,415.3405565426775,98
2024-09-19 10:00:14.288000,415.2648137260931,7
2024-09-19 10:00:14.330000,415.2863288768486,1003
2024-09-19 10:00:14.355000,415.391294930385,8
2024-09-19 10:00:14.390000,415.3936656630171,1005
2024-09-19 10:00:14.435000,415.2978213976528,6
2024-09-19 10:00:14.487000,415.3482740319766,998
2024-09-19 10:00:14.503000,415.3110830602972,15
2024-09-19 10:00:14.511000,415.33799602696,100
2024-09-19 10:00:14.549000,415.3453343282317,5
2024-09-19 10:00:14.578000,415.2860566949513,105
2024-09-19 10:00:14.659000,415.36668378515407,103
2024-09-19 10:00:14.668000,415.3885609519842,13
2024-09-19 10:00:14.711000,415.3342519763379,8
2024-09-19 10:00:14.740000,415.29127915624224,11
2024-09-19 10:00:14.785000,415.34606134885,8
2024-09-19 10:00:14.798000,415.29356044553606,1005
2024-09-19 10:00:14.803000,415.3336516878348,97
2024-09-19 10:00:14.877000,415.29711340118064,1003
2024-09-19 10:00:15.161000,415.3894836403682,5
2024-09-19 10:00:15.360000,415.4115945694412,9
2024-09-19 10:00:15.369000,415.3857191219354,1004
2024-09-19 10:00:15.380000,415.396440604002,7
2024-09-19 10:00:15.539000,415.4163849807233,99
2024-09-19 10:00:15.920000,415.4173541830074,996
2024-09-19 10:00:16.066000,415.3920821511293,998
2024-09-19 10:00:16.077000,415.369346962943,997
2024-09-19 10:00:16.077000,415.3886809751117,10
2024-09-19 10:00:16.203000,415.3613965150408,12
2024-09-19 10:00:16.314000,415.377009208041,11
2024-09-19 10:00:16.407000,415.3859641078952,97
2024-09-19 10:00:16.442000,415.3571606356927,97
2024-09-19 10:00:16.489000,415.3704088693293,105
2024-09-19 10:00:16.538000,415.3730764472883,996
2024-09-19 10:00:16.554000,415.3771956772453,997
2024-09-19 10:00:16.573000,415.37777051540456,100
2024-09-19 10:00:16.652000,415.3919190246892,103
2024-09-19 10:00:16.709000,415.3813898364261,1001
2024-09-19 10:00:16.790000,415.3871088598889,96
2024-09-19 10:00:16.791000,415.3892385726072,999
2024-09-19 10:00:16.844000,415.3826846117473,7
2024-09-19 10:00:16.918000,415.3739184080902,99
2024-09-19 10:00:16.958000,415.3932613811592,999
2024-09-19 10:00:16.983000,415.37787524671694,12
2024-09-19 10:00:16.991000,415.3828068184906,98
2024-09-19 10:00:16.992000,415.37882468115873,11
2024-09-19 10:00:16.999000,415.3995595193152,97
2024-09-19 10:00:17.044000,415.35378265486855,104
2024-09-19 10:00:17.075000,415.3375316488298,10
2024-09-19 10:00:17.114000,415.3762688794023,6
2024-09-19 10:00:17.139000,415.32903964582266,104
2024-09-19 10:00:17.200000,415.3655278308113,99
2024-09-19 10:00:17.267000,415.401320530909,13
2024-09-19 10:00:17.274000,415.3714508946528,98
2024-09-19 10:00:17.300000,415.3424369490913,1004
2024-09-19 10:00:17.588000,415.3596287281098,1004
2024-09-19 10:00:17.592000,415.33389211100206,96
2024-09-19 10:00:17.628000,415.3677472829756,104
2024-09-19 10:00:17.706000,415.34442200636136,8
2024-09-19 10:00:17.729000,415.3639824390386,1003
2024-09-19 10:00:17.731000,415.3797990524965,998
2024-09-19 10:00:17.809000,415.40212665425753,99
2024-09-19 10:00:17.809000,415.3582844481935,105
2024-09-19 10:00:17.810000,415.3825460809243,98
2024-09-19 10:00:17.822000,415.3852684917728,13
2024-09-19 10:00:17.828000,415.4025462883561,996
2024-09-19 10:00:18.015000,415.4111648225071,1001
2024-09-19 10:00:18.119000,415.4274342337311,7
2024-09-19 10:00:18.204000,415.4063194915631,95
2024-09-19 10:00:18.211000,415.4213330411419,7
2024-09-19 10:00:18.230000,415.4434985114369,995
2024-09-19 10:00:18.250000,415.4276849041864,97
2024-09-19 10:00:18.254000,415.4022232296111,104
2024-09-19 10:00:18.453000,415.4161205356048,14
2024-09-19 10:00:18.509000,415.42820518810254,1005
2024-09-19 10:00:18.956000,415.4212553964365,996
2024-09-19 10:00:18.959000,415.4149913804528,13
2024-09-19 10:00:19.004000,415.38686566183736,12
2024-09-19 10:00:19.008000,415.4031339056105,1005
2024-09-19 10:00:19.016000,415.364351270662,95
2024-09-19 10:00:19.050000,415.4032843083144,102
2024-09-19 10:00:19.071000,415.4040472963371,7
2024-09-19 10:00:19.076000,415.3932618995564,14
2024-09-19 10:00:19.082000,415.41081491054666,103
2024-09-19 10:00:19.092000,415.39406778432107,103
2024-09-19 10:00:19.133000,415.37401289276784,1003
2024-09-19 10:00:19.262000,415.3862556573674,5
2024-09-19 10:00:19.278000,415.4068961990589,99
2024-09-19 10:00:19.284000,415.4041653974835,100
2024-09-19 10:00:19.396000,415.3901609123783,995
2024-09-19 10:00:19.418000,415.3900299168391,100
2024-09-19 10:00:19.431000,415.3813335110468,8
2024-09-19 10:00:19.456000,415.3855596020264,8
2024-09-19 10:00:19.478000,415.3930827106705,1005
2024-09-19 10:00:19.558000,415.3863256564986,98
2024-09-19 10:00:19.586000,415.3943076812059,998
2024-09-19 10:00:19.595000,415.37733970579393,11
2024-09-19 10:00:19.657000,415.3900133905282,102
2024-09-19 10:00:19.669000,415.3943469505354,105
2024-09-19 10:00:19.717000,415.3949157598666,97
2024-09-19 10:00:19.727000,415.3867873093273,997
2024-09-19 10:00:19.799000,415.3855629822655,5
2024-09-19 10:00:19.820000,415.3921046901135,99
2024-09-19 10:00:19.896000,415.36338862626445,11
2024-09-19 10:00:20.332000,415.4250944655303,101
2024-09-19 10:00:20.355000,415.4157889468396,11
2024-09-19 10:00:20.854000,415.4183592001861,1000
2024-09-19 10:00:21.016000,415.3830385437105,999
2024-09-19 10:00:21.078000,415.3920248650118,1002
2024-09-19 10:00:21.159000,415.4098422584861,999
2024-09-19 10:00:21.201000,415.4188745243764,102
2024-09-19 10:00:21.220000,415.3734285309316,99
2024-09-19 10:00:21.231000,415.3842590401127,1001
2024-09-19 10:00:21.337000,415.4021840874521,11
2024-09-19 10:00:21.340000,415.37324425260607,97
2024-09-19 10:00:21.368000,415.3602048048697,105
2024-09-19 10:00:21.369000,415.3605846210454,995
2024-09-19 10:00:21.425000,415.3774870696826,6
2024-09-19 10:00:21.610000,415.3831824665634,1000
2024-09-19 10:00:21.649000,415.43637795340777,11
2024-09-19 10:00:21.674000,415.3953477068108,8
2024-09-19 10:00:21.741000,415.403963245177,1004
2024-09-19 10:00:21.761000,415.36440010885866,100
2024-09-19 10:00:21.765000,415.3834559557119,1001
2024-09-19 10:00:21.781000,415.37771431704414,9
2024-09-19 10:00:21.864000,415.365618754636,103
2024-09-19 10:00:21.942000,415.37783875203496,7
2024-09-19 10:00:22.021000,415.38946746232256,1003
2024-09-19 10:00:22.061000,415.4490666258327,8
2024-09-19 10:00:22.153000,415.3819770865701,98
2024-09-19 10:00:22.166000,415.39653616699206,13
2024-09-19 10:00:22.231000,415.3770118728758,1004
2024-09-19 10:00:22.243000,415.446275768142,998
2024-09-19 10:00:22.316000,415.4410836124354,998
2024-09-19 10:00:22.468000,415.4313521118754,9
2024-09-19 10:00:22.529000,415.42293072171776,105
2024-09-19 10:00:22.589000,415.4161732053541,1000
2024-09-19 10:00:22.815000,415.43734968859405,99
2024-09-19 10:00:22.895000,415.4632826613271,100
2024-09-19 10:00:23.348000,415.4668867873251,10
2024-09-19 10:00:23.507000,415.4741646024656,98
2024-09-19 10:00:23.781000,415.4690840958231,999
2024-09-19 10:00:23.843000,415.4910696835676,997
2024-09-19 10:00:24.013000,415.40237979244125,15
2024-09-19 10:00:24.052000,415.3913285671816,10
2024-09-19 10:00:24.159000,415.4221539932447,15
2024-09-19 10:00:24.179000,415.4315136670999,104
2024-09-19 10:00:24.236000,415.4207847523498,5
2024-09-19 10:00:24.280000,415.4347972301572,1001
2024-09-19 10:00:24.288000,415.4230212623151,100
2024-09-19 10:00:24.364000,415.39440943582576,998
2024-09-19 10:00:24.525000,415.3937923841063,95
2024-09-19 10:00:24.581000,415.4154311485679,1002
2024-09-19 10:00:24.581000,415.4213804719391,8
2024-09-19 10:00:24.597000,415.43993807370725,101
2024-09-19 10:00:24.611000,415.4143016839793,1002
2024-09-19 10:00:24.620000,415.382195029989,14
2024-09-19 10:00:24.730000,415.4365651611112,1002
2024-09-19 10:00:24.750000,415.4595569188055,996
2024-09-19 10:00:24.818000,415.398434143093,100
2024-09-19 10:00:24.823000,415.4221952006967,103
2024-09-19 10:00:24.880000,415.3918245846415,101
2024-09-19 10:00:24.898000,415.4539453427796,1000
2024-09-19 10:00:24.910000,415.49557827642025,100
2024-09-19 10:00:24.921000,415.42561070409374,996
2024-09-19 10:00:24.968000,415.4422177114668,1002
2024-09-19 10:00:24.968000,415.4751331365481,1005
2024-09-19 10:00:24.972000,415.4302821716487,996
2024-09-19 10:00:24.973000,415.38952900544086,99
2024-09-19 10:00:25.027000,415.3835118889842,101
2024-09-19 10:00:25.106000,415.41943131045184,998
2024-09-19 10:00:25.110000,415.3724007396995,6
2024-09-19 10:00:25.122000,415.4013676124713,98
2024-09-19 10:00:25.239000,415.3582869576139,14
2024-09-19 10:00:25.254000,415.3824739335317,996
2024-09-19 10:00:25.258000,415.3872430114892,13
2024-09-19 10:00:25.270000,415.3847552477157,13
2024-09-19 10:00:25.445000,415.388753307388,7
2024-09-19 10:00:25.515000,415.3906458261616,103
2024-09-19 10:00:25.545000,415.3983122042122,98
2024-09-19 10:00:25.586000,415.3897914591734,105
2024-09-19 10:00:25.625000,415.4053277801058,95
2024-09-19 10:00:25.632000,415.3895200197902,1004
2024-09-19 10:00:25.638000,415.3767853158637,5
2024-09-19 10:00:25.647000,415.4013455391048,998
2024-09-19 10:00:25.734000,415.401711040057,8
2024-09-19 10:00:25.740000,415.37810408450775,6
2024-09-19 10:00:25.794000,415.40803936616487,11
2024-09-19 10:00:25.796000,415.3598951124899,97
2024-09-19 10:00:25.819000,415.3781588629606,97
2024-09-19 10:00:25.861000,415.4074886111252,95
2024-09-19 10:00:25.899000,415.3927356531845,995
2024-09-19 10:00:25.937000,415.3844392083335,995
2024-09-19 10:00:25.946000,415.39523622633016,15
2024-09-19 10:00:26.004000,415.4106887234524,97
2024-09-19 10:00:26.063000,415.3761737738912,1003
2024-09-19 10:00:26.078000,415.3879411747773,996
2024-09-19 10:00:26.091000,415.38098875513685,997
2024-09-19 10:00:26.148000,415.3713613447611,97
2024-09-19 10:00:26.207000,415.3788823567557,995
2024-09-19 10:00:26.305000,415.406260412322,101
2024-09-19 10:00:26.442000,415.3964970981539,96
2024-09-19 10:00:26.445000,415.4090733872773,95
2024-09-19 10:00:26.484000,415.3873084711549,100
2024-09-19 10:00:26.607000,415.40047541248697,99
2024-09-19 10:00:26.662000,415.3724960154638,1004
2024-09-19 10:00:26.873000,415.3792521131383,1002
2024-09-19 10:00:26.986000,415.3786391320652,101
2024-09-19 10:00:27.001000,415.4118875270972,98
2024-09-19 10:00:27.004000,415.4398126996495,105
2024-09-19 10:00:27.068000,415.4067681802375,1002
2024-09-19 10:00:27.095000,415.4390434616138,997
2024-09-19 10:00:27.111000,415.4187660745289,99
2024-09-19 10:00:27.136000,415.41480233816,100
2024-09-19 10:00:27.195000,415.41866158417326,15
2024-09-19 10:00:27.288000,415.417481931137,996
2024-09-19 10:00:27.308000,415.4268049084234,14
2024-09-19 10:00:27.375000,415.433979818651,997
2024-09-19 10:00:27.411000,415.4246991569972,997
2024-09-19 10:00:27.496000,415.43750823881686,103
2024-09-19 10:00:27.652000,415.42549397741976,96
2024-09-19 10:00:27.676000,415.42022527089046,98
2024-09-19 10:00:27.689000,415.44028816071295,15
2024-09-19 10:00:27.734000,415.4151992039684,14
2024-09-19 10:00:27.735000,415.4380926783358,11
2024-09-19 10:00:27.750000,415.4460209110848,996
2024-09-19 10:00:27.759000,415.41465622283744,101
2024-09-19 10:00:27.774000,415.44883060560255,13
2024-09-19 10:00:27.803000,415.41172203900567,7
2024-09-19 10:00:27.947000,415.4155418008177,9
2024-09-19 10:00:28.033000,415.4887887226069,15
2024-09-19 10:00:28.059000,415.437714550401,100
2024-09-19 10:00:28.076000,415.4935268750901,7
2024-09-19 10:00:28.121000,415.44341415704434,98
2024-09-19 10:00:28.150000,415.461618695865,996
2024-09-19 10:00:28.235000,415.4522644590199,995
2024-09-19 10:00:28.304000,415.4829637962872,14
2024-09-19 10:00:28.322000,415.45209120763417,999
2024-09-19 10:00:28.398000,415.45463480298594,997
2024-09-19 10:00:28.412000,415.4374416506906,15
2024-09-19 10:00:28.428000,415.4570621712598,1001
2024-09-19 10:00:28.515000,415.4784133147247,98
2024-09-19 10:00:28.560000,415.456008182246,1005
2024-09-19 10:00:28.589000,415.4331240729558,96
2024-09-19 10:00:28.605000,415.445820768166,95
2024-09-19 10:00:28.718000,415.4816050469491,998
2024-09-19 10:00:28.792000,415.4814005437392,7
2024-09-19 10:00:28.841000,415.4491084760456,1003
2024-09-19 10:00:29.043000,415.4838092625975,99
2024-09-19 10:00:29.140000,415.514645189591,1003
2024-09-19 10:00:29.214000,415.5230994636492,8
2024-09-19 10:00:29.826000,415.4932005625782,15
2024-09-19 10:00:30.112000,415.540409077486,102
2024-09-19 10:00:30.524000,415.5419144683456,15
2024-09-19 10:00:30.694000,415.54987272129904,99
2024-09-19 10:00:30.895000,415.5448544553447,101
2024-09-19 10:00:31.030000,415.55992822517686,6
2024-09-19 10:00:31.537000,415.5566795601034,15
2024-09-19 10:00:31.860000,415.5485321324779,6
2024-09-19 10:00:32.017000,415.5354847301945,105
2024-09-19 10:00:32.025000,415.5171205449477,15
2024-09-19 10:00:32.092000,415.5078124907654,996
2024-09-19 10:00:32.092000,415.5643259539235,103
2024-09-19 10:00:32.150000,415.577445512564,1005
2024-09-19 10:00:32.186000,415.5037218571554,103
2024-09-19 10:00:32.224000,415.48847930400296,12
2024-09-19 10:00:32.283000,415.51197524353455,104
2024-09-19 10:00:32.307000,415.5302162837351,15
2024-09-19 10:00:32.364000,415.5217226260433,13
2024-09-19 10:00:32.365000,415.5698508355916,13
2024-09-19 10:00:32.379000,415.5331369214485,9
2024-09-19 10:00:32.446000,415.5523974043837,999
2024-09-19 10:00:32.450000,415.5767488781019,1004
2024-09-19 10:00:32.536000,415.54099852141655,997
2024-09-19 10:00:32.656000,415.5449418467377,995
2024-09-19 10:00:32.663000,415.5742154754022,6
2024-09-19 10:00:32.665000,415.4841516781671,12
2024-09-19 10:00:32.668000,415.5178951491059,1005
2024-09-19 10:00:32.706000,415.5544604401351,997
2024-09-19 10:00:32.746000,415.53259338860624,104
2024-09-19 10:00:32.845000,415.4967073999026,12
2024-09-19 10:00:32.924000,415.58092600102736,12
2024-09-19 10:00:32.960000,415.520602353908,995
2024-09-19 10:00:32.961000,415.52534963632223,7
2024-09-19 10:00:33.004000,415.45125280678513,1002
2024-09-19 10:00:33.052000,415.5267798758693,1004
2024-09-19 10:00:33.059000,415.5452132882868,104
2024-09-19 10:00:33.075000,415.53890072389765,995
2024-09-19 10:00:33.113000,415.5353470774438,1005
2024-09-19 10:00:33.120000,415.4599473165114,1000
2024-09-19 10:00:33.120000,415.4537830667583,6
2024-09-19 10:00:33.172000,415.5264666174332,5
2024-09-19 10:00:33.189000,415.47148469128143,104
2024-09-19 10:00:33.377000,415.4601071522908,1003
2024-09-19 10:00:33.432000,415.4863918973148,15
2024-09-19 10:00:33.466000,415.45329457518926,5
2024-09-19 10:00:33.487000,415.47989800831385,11
2024-09-19 10:00:33.521000,415.4785845611224,7
2024-09-19 10:00:33.530000,415.49638631905407,7
2024-09-19 10:00:33.553000,415.46048136920416,100
2024-09-19 10:00:33.644000,415.47541098686105,10
2024-09-19 10:00:33.690000,415.4552945268002,95
2024-09-19 10:00:33.691000,415.4757325054694,9
2024-09-19 10:00:33.710000,415.51200026400136,999
2024-09-19 10:00:33.813000,415.4797845282913,15
2024-09-19 10:00:33.856000,415.5283417594271,97
2024-09-19 10:00:33.857000,415.4850084004498,15
2024-09-19 10:00:33.874000,415.45291120040014,99
2024-09-19 10:00:33.912000,415.49977820985066,100
2024-09-19 10:00:33.981000,415.536894969308,996
2024-09-19 10:00:34.024000,415.5818755194743,99
2024-09-19 10:00:34.038000,415.5401822571006,13
2024-09-19 10:00:34.049000,415.5817299652204,998
2024-09-19 10:00:34.085000,415.59433249666375,1001
2024-09-19 10:00:34.100000,415.60209154356914,11
2024-09-19 10:00:34.102000,415.59754205801823,96
2024-09-19 10:00:34.223000,415.58692442699015,10
2024-09-19 10:00:34.256000,415.6020299854776,100
2024-09-19 10:00:34.421000,415.567282381468,15
2024-09-19 10:00:34.425000,415.5935731355491,104
2024-09-19 10:00:34.524000,415.584504271915,97
2024-09-19 10:00:34.594000,415.5672583434451,96
2024-09-19 10:00:34.655000,415.5431021367314,13
2024-09-19 10:00:34.731000,415.5349230737865,105
2024-09-19 10:00:34.755000,415.6335160489775,96
2024-09-19 10:00:34.798000,415.5050228382634,997
2024-09-19 10:00:34.804000,415.6369867153373,11
2024-09-19 10:00:34.807000,415.5121881143128,96
2024-09-19 10:00:34.818000,415.5399786395769,998
2024-09-19 10:00:34.826000,415.5888443303157,95
2024-09-19 10:00:34.833000,415.5817824013633,998
2024-09-19 10:00:34.844000,415.56039653149753,99
2024-09-19 10:00:34.925000,415.62698020391,5
2024-09-19 10:00:35.027000,415.5921335483961,99
2024-09-19 10:00:35.113000,415.6001776486659,102
2024-09-19 10:00:35.166000,415.53582750818265,97
2024-09-19 10:00:35.210000,415.5716527350048,14
2024-09-19 10:00:35.222000,415.54647423091234,1001
2024-09-19 10:00:35.225000,415.54895569513536,1004
2024-09-19 10:00:35.263000,415.5336249403413,105
2024-09-19 10:00:35.285000,415.594833211123,999
2024-09-19 10:00:35.300000,415.60162354140726,102
2024-09-19 10:00:35.317000,415.5276086256,998
2024-09-19 10:00:35.326000,415.6193714855388,14
2024-09-19 10:00:35.327000,415.54635619103135,96
2024-09-19 10:00:35.328000,415.55348122342457,6
2024-09-19 10:00:35.355000,415.6174721082625,1000
2024-09-19 10:00:35.390000,415.5622118985212,96
2024-09-19 10:00:35.416000,415.6165612134768,95
2024-09-19 10:00:35.430000,415.6073238450614,12
2024-09-19 10:00:35.435000,415.5551302719449,104
2024-09-19 10:00:35.453000,415.5501132392021,6
2024-09-19 10:00:35.511000,415.5935556871143,999
2024-09-19 10:00:35.529000,415.62068814250296,1001
2024-09-19 10:00:35.535000,415.606247425009,104
2024-09-19 10:00:35.602000,415.5337775431131,1003
2024-09-19 10:00:35.730000,415.6225994927806,995
2024-09-19 10:00:35.885000,415.5599425570588,8
2024-09-19 10:00:35.969000,415.5467841619349,8
2024-09-19 10:00:36.009000,415.5039230584384,102
2024-09-19 10:00:36.016000,415.52173451565176,9
2024-09-19 10:00:36.033000,415.5479784209787,995
2024-09-19 10:00:36.102000,415.53946431828285,996
2024-09-19 10:00:36.180000,415.5468101131924,97
2024-09-19 10:00:36.195000,415.5196353106583,104
2024-09-19 10:00:36.252000,415.54427364107926,1003
2024-09-19 10:00:36.271000,415.5183374360657,9
2024-09-19 10:00:36.347000,415.5443861666564,8
2024-09-19 10:00:36.347000,415.4894712068544,6
2024-09-19 10:00:36.412000,415.4968076125497,10
2024-09-19 10:00:36.444000,415.535471479329,999
2024-09-19 10:00:36.469000,415.5438046214829,1004
2024-09-19 10:00:36.556000,415.5495613320896,102
2024-09-19 10:00:36.659000,415.5730176842741,15
2024-09-19 10:00:36.748000,415.5042713646365,100
2024-09-19 10:00:36.764000,415.55856982367976,998
2024-09-19 10:00:36.864000,415.55356011555335,999
2024-09-19 10:00:36.905000,415.513721192409,9
2024-09-19 10:00:36.909000,415.5334176984183,1003
2024-09-19 10:00:36.923000,415.5267302403159,101
2024-09-19 10:00:36.971000,415.56257927973047,6
2024-09-19 10:00:37.074000,415.4865993443245,96
2024-09-19 10:00:37.120000,415.5137769661147,102
2024-09-19 10:00:37.124000,415.5298156635852,1000
2024-09-19 10:00:37.146000,415.4967512733141,96
2024-09-19 10:00:37.267000,415.4775457385943,97
2024-09-19 10:00:37.321000,415.4957050556944,11
2024-09-19 10:00:37.346000,415.49851415525,6
2024-09-19 10:00:37.424000,415.5127169108119,99
2024-09-19 10:00:37.563000,415.4862819029717,7
2024-09-19 10:00:37.598000,415.5050099185249,9
2024-09-19 10:00:37.845000,415.5165651814533,97
2024-09-19 10:00:37.880000,415.4839704630261,995
2024-09-19 10:00:37.893000,415.4782729993453,1002
2024-09-19 10:00:37.981000,415.549890990416,104
2024-09-19 10:00:38.092000,415.5891396761256,104
2024-09-19 10:00:38.233000,415.588341938252,1003
2024-09-19 10:00:38.333000,415.5539901845895,11
2024-09-19 10:00:38.374000,415.5524541637678,6
2024-09-19 10:00:38.380000,415.5640581694185,1001
2024-09-19 10:00:38.444000,415.568904024366,1000
2024-09-19 10:00:38.579000,415.5794706675045,6
2024-09-19 10:00:38.606000,415.5706844393493,6
2024-09-19 10:00:38.731000,415.5793985447261,102
2024-09-19 10:00:38.809000,415.56827363215854,997
2024-09-19 10:00:38.813000,415.551859136082,97
2024-09-19 10:00:38.831000,415.5842393574208,14
2024-09-19 10:00:38.840000,415.5565405030972,6
2024-09-19 10:00:38.897000,415.56293644327366,15
2024-09-19 10:00:38.899000,415.5572020840343,99
2024-09-19 10:00:38.905000,415.5886799156533,96
2024-09-19 10:00:38.929000,415.5960288793983,96
2024-09-19 10:00:39.084000,415.6027939975444,7
2024-09-19 10:00:39.256000,415.6260014660147,1005
2024-09-19 10:00:39.262000,415.6405912757987,996
2024-09-19 10:00:39.399000,415.62485251128015,1003
2024-09-19 10:00:39.600000,415.6243406028447,1004
2024-09-19 10:00:39.782000,415.623934068385,96
2024-09-19 10:00:39.804000,415.6147919888384,14
2024-09-19 10:00:39.949000,415.63193948704026,12
2024-09-19 10:00:40.040000,415.7138174147805,1000
2024-09-19 10:00:40.071000,415.6575685513619,996
2024-09-19 10:00:40.130000,415.7006213797243,5
2024-09-19 10:00:40.175000,415.6975856038051,97
2024-09-19 10:00:40.181000,415.6504275523612,5
2024-09-19 10:00:40.194000,415.6931279965909,98
2024-09-19 10:00:40.212000,415.6839552425572,98
2024-09-19 10:00:40.223000,415.6431814910677,1001
2024-09-19 10:00:40.232000,415.6546856992129,103
2024-09-19 10:00:40.250000,415.6900669396841,999
2024-09-19 10:00:40.311000,415.6303426818346,1001
2024-09-19 10:00:40.315000,415.6322770444991,12
2024-09-19 10:00:40.399000,415.68089948160366,9
2024-09-19 10:00:40.442000,415.7291592374001,96
2024-09-19 10:00:40.577000,415.7025852390084,1001
2024-09-19 10:00:40.662000,415.70903795984486,9
2024-09-19 10:00:40.666000,415.7240363868715,102
2024-09-19 10:00:40.698000,415.7070949319166,995
2024-09-19 10:00:40.722000,415.6567957848073,6
2024-09-19 10:00:40.728000,415.64087334478415,103
2024-09-19 10:00:40.765000,415.6857470770561,105
2024-09-19 10:00:40.794000,415.6747293087808,995
2024-09-19 10:00:40.799000,415.6477478480143,103
2024-09-19 10:00:40.808000,415.6452938513111,14
2024-09-19 10:00:40.907000,415.70701417495,999
2024-09-19 10:00:40.952000,415.7011458765552,9
2024-09-19 10:00:40.977000,415.7313936276943,104
2024-09-19 10:00:41.019000,415.67495523969467,8
2024-09-19 10:00:41.072000,415.75236819174506,6
2024-09-19 10:00:41.230000,415.697717124279,11
2024-09-19 10:00:41.256000,415.7059149521677,9
2024-09-19 10:00:41.402000,415.7035862236139,102
2024-09-19 10:00:41.451000,415.7476036578762,6
2024-09-19 10:00:41.452000,415.6838710606444,1005
2024-09-19 10:00:41.452000,415.7784977866945,1003
2024-09-19 10:00:41.509000,415.70905008705296,99
2024-09-19 10:00:41.623000,415.7243339481829,103
2024-09-19 10:00:41.719000,415.7347695888684,997
2024-09-19 10:00:41.776000,415.7643197039552,15
2024-09-19 10:00:41.779000,415.7494950112396,101
2024-09-19 10:00:41.788000,415.7569409268185,8
2024-09-19 10:00:41.793000,415.6971645863524,101
2024-09-19 10:00:41.806000,415.7279407681284,1004
2024-09-19 10:00:41.813000,415.754049083137,13
2024-09-19 10:00:41.889000,415.69331158905686,15
2024-09-19 10:00:42.043000,415.6972157447911,1005
2024-09-19 10:00:42.078000,415.67179772141947,105
2024-09-19 10:00:42.099000,415.6763782312548,13
2024-09-19 10:00:42.111000,415.6959415706084,11
2024-09-19 10:00:42.264000,415.6856857901855,104
2024-09-19 10:00:42.286000,415.66681557449465,998
2024-09-19 10:00:42.294000,415.7253063717872,104
2024-09-19 10:00:42.320000,415.6723642744034,96
2024-09-19 10:00:42.335000,415.6673695448846,1002
2024-09-19 10:00:42.404000,415.6902354066039,1000
2024-09-19 10:00:42.445000,415.7179290106775,1003
2024-09-19 10:00:42.480000,415.71682442896224,15
2024-09-19 10:00:42.560000,415.7377181251346,8
2024-09-19 10:00:42.629000,415.6873526419302,101
2024-09-19 10:00:42.644000,415.72469101167087,1001
2024-09-19 10:00:42.733000,415.6841380888734,102
2024-09-19 10:00:42.740000,415.69508595863874,7
2024-09-19 10:00:42.769000,415.6685644164232,1002
2024-09-19 10:00:42.780000,415.7200462028689,5
2024-09-19 10:00:42.787000,415.6971860786416,9
2024-09-19 10:00:42.789000,415.6933951686653,6
2024-09-19 10:00:42.813000,415.684324899158,100
2024-09-19 10:00:42.871000,415.7378229564281,14
2024-09-19 10:00:42.945000,415.7333696121252,5
2024-09-19 10:00:42.979000,415.67623949190863,102
2024-09-19 10:00:43.239000,415.7236668066269,1000
2024-09-19 10:00:43.453000,415.71645080258384,998
2024-09-19 10:00:44.173000,415.7054939962948,13
2024-09-19 10:00:44.193000,415.7383285547074,999
2024-09-19 10:00:44.388000,415.7025723538089,102
2024-09-19 10:00:44.475000,415.72498532496354,96
2024-09-19 10:00:44.496000,415.69756555074287,104
2024-09-19 10:00:44.598000,415.7097215193628,101
2024-09-19 10:00:44.640000,415.7281499902161,105
2024-09-19 10:00:44.759000,415.7298904460035,105
2024-09-19 10:00:44.928000,415.7210247132618,102
2024-09-19 10:00:45.021000,415.72886737264304,1002
2024-09-19 10:00:45.310000,415.7427833753923,997
2024-09-19 10:00:45.368000,415.7580059400341,997
2024-09-19 10:00:45.428000,415.768947342142,6
2024-09-19 10:00:45.479000,415.768695721214,9
2024-09-19 10:00:45.498000,415.74140522064096,1004
2024-09-19 10:00:45.508000,415.7693659448834,100
2024-09-19 10:00:45.517000,415.7303618547611,102
2024-09-19 10:00:45.677000,415.75012940866014,998
2024-09-19 10:00:45.810000,415.7347582846032,96
2024-09-19 10:00:45.936000,415.7346289197651,98
2024-09-19 10:00:46,415.7512510911787,1005
2024-09-19 10:00:46.025000,415.7024912564103,15
2024-09-19 10:00:46.100000,415.7365105952812,104
2024-09-19 10:00:46.170000,415.7263700904225,1004
2024-09-19 10:00:46.240000,415.7345660125597,97
2024-09-19 10:00:46.300000,415.719210038741,1005
2024-09-19 10:00:46.311000,415.724573964742,102
2024-09-19 10:00:46.403000,415.73710655616514,999
2024-09-19 10:00:46.442000,415.7488340067837,12
2024-09-19 10:00:46.494000,415.7136584922585,9
2024-09-19 10:00:46.499000,415.7307607023114,995
2024-09-19 10:00:46.552000,415.7283489507436,100
2024-09-19 10:00:46.575000,415.7217710739735,996
2024-09-19 10:00:46.585000,415.7459011609925,995
2024-09-19 10:00:46.629000,415.73159268498114,999
2024-09-19 10:00:46.686000,415.7448155481676,98
2024-09-19 10:00:46.688000,415.7229089800636,1004
2024-09-19 10:00:46.709000,415.7077638122227,6
2024-09-19 10:00:46.729000,415.7124269835892,8
2024-09-19 10:00:46.906000,415.7205750165297,15
2024-09-19 10:00:46.950000,415.7348553266008,14
2024-09-19 10:00:47.063000,415.67886080876775,11
2024-09-19 10:00:47.082000,415.716664779343,13
2024-09-19 10:00:47.139000,415.66971441452216,99
2024-09-19 10:00:47.240000,415.6552710863928,100
2024-09-19 10:00:47.263000,415.6569589201208,96
2024-09-19 10:00:47.270000,415.69302416964587,998
2024-09-19 10:00:47.303000,415.6861652603155,95
2024-09-19 10:00:47.342000,415.6968812194143,5
2024-09-19 10:00:47.387000,415.7111904444079,6
2024-09-19 10:00:47.468000,415.7207039006243,7
2024-09-19 10:00:47.515000,415.6868268321799,9
2024-09-19 10:00:47.538000,415.6636015708965,1002
2024-09-19 10:00:47.551000,415.69161374936,5
2024-09-19 10:00:47.622000,415.6777882784578,996
2024-09-19 10:00:47.627000,415.6890013998468,9
2024-09-19 10:00:47.709000,415.7186548496258,14
2024-09-19 10:00:47.820000,415.7001569920763,1000
2024-09-19 10:00:47.833000,415.7089710679304,11
2024-09-19 10:00:47.883000,415.7376596099701,10
2024-09-19 10:00:47.894000,415.6905195799216,1003
2024-09-19 10:00:47.939000,415.6930117866514,95
2024-09-19 10:00:47.998000,415.6651725846235,8
2024-09-19 10:00:48.156000,415.6639001766273,1003
2024-09-19 10:00:48.549000,415.6756780644981,103
2024-09-19 10:00:49.016000,415.6692888053176,100
2024-09-19 10:00:49.341000,415.6757508574125,8
2024-09-19 10:00:49.517000,415.6711492273304,1001
2024-09-19 10:00:50.066000,415.6568352838353,1004
2024-09-19 10:00:50.081000,415.64172347154096,96
2024-09-19 10:00:50.130000,415.6707028801745,1005
2024-09-19 10:00:50.194000,415.6607450192638,1000
2024-09-19 10:00:50.498000,415.66285226288926,95
2024-09-19 10:00:50.583000,415.66537183846674,97
2024-09-19 10:00:50.647000,415.66724780306737,101
2024-09-19 10:00:50.677000,415.6780406583241,1001
2024-09-19 10:00:50.682000,415.6497600170218,9
2024-09-19 10:00:50.732000,415.6770753852047,1003
2024-09-19 10:00:50.734000,415.6626170859743,105
2024-09-19 10:00:50.814000,415.6586785127899,6
2024-09-19 10:00:51.029000,415.67625772667776,98
2024-09-19 10:00:51.108000,415.67371843012273,95
2024-09-19 10:00:51.120000,415.6560048344399,103
2024-09-19 10:00:51.143000,415.6793399498736,98
2024-09-19 10:00:51.258000,415.6763876111765,14
2024-09-19 10:00:51.435000,415.6809068938034,96
2024-09-19 10:00:51.637000,415.6862561872846,9
2024-09-19 10:00:51.744000,415.6961077905147,997
2024-09-19 10:00:51.745000,415.65050921332937,13
2024-09-19 10:00:51.873000,415.6907312681879,99
2024-09-19 10:00:51.905000,415.6676014934288,997
2024-09-19 10:00:51.908000,415.6773871541184,1001
2024-09-19 10:00:51.920000,415.6893620834316,97
2024-09-19 10:00:52.091000,415.6973333024362,101
2024-09-19 10:00:52.698000,415.6720204831994,998
2024-09-19 10:00:52.908000,415.70049977463793,999
2024-09-19 10:00:53.041000,415.67668701226944,995
2024-09-19 10:00:53.056000,415.6931655606514,100
2024-09-19 10:00:53.182000,415.6766588726271,101
2024-09-19 10:00:53.274000,415.6667902551564,10
2024-09-19 10:00:53.428000,415.6759876289734,96
2024-09-19 10:00:53.551000,415.6861925489137,1000
2024-09-19 10:00:53.657000,415.6869756454772,1003
2024-09-19 10:00:53.696000,415.6794724868873,1001
2024-09-19 10:00:53.834000,415.6765958431755,100
2024-09-19 10:00:53.850000,415.67742471177263,96
2024-09-19 10:00:54.014000,415.64671947997954,6
2024-09-19 10:00:54.065000,415.67666363138,100
2024-09-19 10:00:54.095000,415.6662673024466,6
2024-09-19 10:00:54.187000,415.6726781599834,101
2024-09-19 10:00:54.238000,415.6415893049574,1000
2024-09-19 10:00:54.260000,415.6826164546967,1004
2024-09-19 10:00:54.342000,415.6837318863505,995
2024-09-19 10:00:54.636000,415.6482056370484,5
2024-09-19 10:00:54.856000,415.6377810485519,998
2024-09-19 10:00:54.865000,415.65437513212,7
2024-09-19 10:00:54.869000,415.6730432039756,105
2024-09-19 10:00:54.869000,415.68744744463766,97
2024-09-19 10:00:54.880000,415.66449296629327,104
2024-09-19 10:00:54.902000,415.6849696914396,98
2024-09-19 10:00:54.918000,415.674621282091,102
2024-09-19 10:00:55.007000,415.6042108830338,12
2024-09-19 10:00:55.204000,415.579854216624,101
2024-09-19 10:00:55.292000,415.63550499577406,1004
2024-09-19 10:00:55.368000,415.59510238606094,997
2024-09-19 10:00:55.461000,415.62930662617975,1004
2024-09-19 10:00:55.514000,415.584818279181,104
2024-09-19 10:00:55.557000,415.5815695411286,104
2024-09-19 10:00:55.590000,415.6440890388473,99
2024-09-19 10:00:55.987000,415.597889295952,1000
2024-09-19 10:00:56.067000,415.566083048193,98
2024-09-19 10:00:56.073000,415.5456584551743,1002
2024-09-19 10:00:56.186000,415.6506682255503,15
2024-09-19 10:00:56.187000,415.6535183649463,998
2024-09-19 10:00:56.267000,415.6720129564518,102
2024-09-19 10:00:56.271000,415.6270852531732,1005
2024-09-19 10:00:56.338000,415.58293733465206,105
2024-09-19 10:00:56.397000,415.6478703357972,95
2024-09-19 10:00:56.426000,415.64966435449895,5
2024-09-19 10:00:56.498000,415.5482601890289,996
2024-09-19 10:00:56.558000,415.5536136240941,15
2024-09-19 10:00:56.592000,415.6415389956385,97
2024-09-19 10:00:56.649000,415.56752179878265,14
2024-09-19 10:00:56.680000,415.55210357483,105
2024-09-19 10:00:56.749000,415.6507861274411,103
2024-09-19 10:00:56.757000,415.5601291458543,1003
2024-09-19 10:00:56.837000,415.65239038982526,1002
2024-09-19 10:00:56.906000,415.6505404054551,9
2024-09-19 10:00:56.916000,415.6127900279614,95
2024-09-19 10:00:56.958000,415.62762949777147,998
2024-09-19 10:00:57.068000,415.70597158377456,1002
2024-09-19 10:00:57.079000,415.7109176348197,11
2024-09-19 10:00:57.079000,415.7166394991239,996
2024-09-19 10:00:57.170000,415.7123341853636,105
2024-09-19 10:00:57.185000,415.6792206433022,15
2024-09-19 10:00:57.309000,415.6818443037645,996
2024-09-19 10:00:57.329000,415.7108035941434,96
2024-09-19 10:00:57.332000,415.6430471809605,11
2024-09-19 10:00:57.352000,415.7175779084514,100
2024-09-19 10:00:57.441000,415.70162381082974,15
2024-09-19 10:00:57.463000,415.6817611212997,101
2024-09-19 10:00:57.523000,415.66605842280114,1003
2024-09-19 10:00:57.567000,415.7241046574515,1005
2024-09-19 10:00:57.673000,415.6667315705142,15
2024-09-19 10:00:57.687000,415.67420840128136,5
2024-09-19 10:00:57.689000,415.6674102938666,996
2024-09-19 10:00:57.745000,415.6391991960772,15
2024-09-19 10:00:57.776000,415.683958051097,95
2024-09-19 10:00:57.777000,415.6782311002854,12
2024-09-19 10:00:57.795000,415.6663730553075,6
2024-09-19 10:00:57.810000,415.66006317637215,96
2024-09-19 10:00:57.828000,415.6705303789242,1002
2024-09-19 10:00:57.992000,415.6942323176936,10
2024-09-19 10:00:58.009000,415.6832675585026,1002
2024-09-19 10:00:58.044000,415.6684535581196,997
2024-09-19 10:00:58.068000,415.6760711218831,7
2024-09-19 10:00:58.075000,415.67872107057207,997
2024-09-19 10:00:58.141000,415.68427860751234,8
2024-09-19 10:00:58.208000,415.6821668648488,105
2024-09-19 10:00:58.326000,415.6807283260864,1005
2024-09-19 10:00:58.349000,415.6694009614421,101
2024-09-19 10:00:58.404000,415.6893546197705,14
2024-09-19 10:00:58.441000,415.6885889808043,7
2024-09-19 10:00:58.610000,415.6672679469744,13
2024-09-19 10:00:58.636000,415.6732410723041,5
2024-09-19 10:00:58.645000,415.6961834208708,102
2024-09-19 10:00:58.676000,415.6748078084645,996
2024-09-19 10:00:58.724000,415.6994049371978,998
2024-09-19 10:00:58.879000,415.70485413988894,97
2024-09-19 10:00:58.931000,415.6716694235457,1002
2024-09-19 10:00:58.974000,415.6928284020887,995
2024-09-19 10:00:59.025000,415.7675967295745,15
2024-09-19 10:00:59.036000,415.8493678197769,1005
2024-09-19 10:00:59.043000,415.8608870699418,103
2024-09-19 10:00:59.207000,415.7500218758293,9
2024-09-19 10:00:59.325000,415.7633517652849,100
2024-09-19 10:00:59.364000,415.79682048429686,9
2024-09-19 10:00:59.372000,415.7913404559253,15
2024-09-19 10:00:59.402000,415.7220536664968,1004
2024-09-19 10:00:59.440000,415.7810270402932,98
2024-09-19 10:00:59.514000,415.8094487224648,998
2024-09-19 10:00:59.522000,415.7418586128644,12
2024-09-19 10:00:59.531000,415.83211228773234,1000
2024-09-19 10:00:59.553000,415.8394467955253,95
2024-09-19 10:00:59.554000,415.7712174400479,15
2024-09-19 10:00:59.563000,415.8119401342698,996
2024-09-19 10:00:59.576000,415.7705795383472,98
2024-09-19 10:00:59.605000,415.743592864504,995
2024-09-19 10:00:59.609000,415.7443976162265,997
2024-09-19 10:00:59.714000,415.72814397508495,1002
2024-09-19 10:00:59.748000,415.79039844945214,11
2024-09-19 10:00:59.909000,415.74974130007257,100
