Timestamp,Price,Size
2024-09-19 14:27:00.021000,419.2824907650435,1002
2024-09-19 14:27:00.023000,419.3240149909245,96
2024-09-19 14:27:00.055000,419.31275537802566,1004
2024-09-19 14:27:00.119000,419.2864013628936,1001
2024-09-19 14:27:00.245000,419.2830886169417,998
2024-09-19 14:27:00.281000,419.2838265285435,97
2024-09-19 14:27:00.319000,419.3074137814394,100
2024-09-19 14:27:00.461000,419.3043964784783,101
2024-09-19 14:27:00.470000,419.3075211750915,97
2024-09-19 14:27:00.470000,419.2829072588671,97
2024-09-19 14:27:00.479000,419.2746478319383,103
2024-09-19 14:27:00.501000,419.3227379574416,98
2024-09-19 14:27:00.552000,419.278931056281,6
2024-09-19 14:27:00.553000,419.31599075330354,996
2024-09-19 14:27:00.606000,419.3236178662091,995
2024-09-19 14:27:00.619000,419.2755681188636,8
2024-09-19 14:27:00.622000,419.2762781964631,7
2024-09-19 14:27:00.645000,419.2932860201588,97
2024-09-19 14:27:00.684000,419.3018690767142,1003
2024-09-19 14:27:00.812000,419.3174242227345,7
2024-09-19 14:27:00.830000,419.291867543651,13
2024-09-19 14:27:00.834000,419.3091660794706,96
2024-09-19 14:27:00.880000,419.27101500556086,9
2024-09-19 14:27:01.032000,419.33199022648046,1004
2024-09-19 14:27:01.054000,419.42692600678754,96
2024-09-19 14:27:01.095000,419.40185182892793,1005
2024-09-19 14:27:01.101000,419.4235693544065,95
2024-09-19 14:27:01.179000,419.3590343832225,105
2024-09-19 14:27:01.183000,419.36726017725846,998
2024-09-19 14:27:01.229000,419.4210033596395,8
2024-09-19 14:27:01.283000,419.4143692368015,99
2024-09-19 14:27:01.348000,419.3892781369035,11
2024-09-19 14:27:01.370000,419.410009646802,105
2024-09-19 14:27:01.385000,419.4000128047375,95
2024-09-19 14:27:01.403000,419.40669461899085,1000
2024-09-19 14:27:01.404000,419.40664743781207,1002
2024-09-19 14:27:01.469000,419.3290575966955,5
2024-09-19 14:27:01.531000,419.3739184504976,95
2024-09-19 14:27:01.594000,419.40867361341634,8
2024-09-19 14:27:01.638000,419.44471643231697,1004
2024-09-19 14:27:01.685000,419.4323519959108,1005
2024-09-19 14:27:01.728000,419.3487338640384,1003
2024-09-19 14:27:01.734000,419.4137359626209,14
2024-09-19 14:27:01.784000,419.3896468371296,11
2024-09-19 14:27:01.804000,419.3941691897902,99
2024-09-19 14:27:01.830000,419.4309480323641,100
2024-09-19 14:27:01.851000,419.4011329959796,999
2024-09-19 14:27:01.899000,419.4108971915682,98
2024-09-19 14:27:01.923000,419.4370823118329,99
2024-09-19 14:27:02.031000,419.4023380893597,998
2024-09-19 14:27:02.073000,419.39057654495696,97
2024-09-19 14:27:02.148000,419.39118468762246,14
2024-09-19 14:27:02.206000,419.4052501667837,103
2024-09-19 14:27:02.210000,419.3884239884033,14
2024-09-19 14:27:02.217000,419.3993281654504,98
2024-09-19 14:27:02.259000,419.4006272206495,14
2024-09-19 14:27:02.370000,419.4003013044276,95
2024-09-19 14:27:02.460000,419.4165067961249,1004
2024-09-19 14:27:02.570000,419.3927981128126,998
2024-09-19 14:27:02.638000,419.4118760659307,102
2024-09-19 14:27:02.763000,419.3898154800029,1003
2024-09-19 14:27:02.788000,419.411732215719,1001
2024-09-19 14:27:02.934000,419.38661514755,9
2024-09-19 14:27:02.934000,419.38240700650266,104
2024-09-19 14:27:02.940000,419.4048151475325,996
2024-09-19 14:27:02.949000,419.4113099285072,101
2024-09-19 14:27:03,419.351352698421,102
2024-09-19 14:27:03.003000,419.3736267213083,1005
2024-09-19 14:27:03.024000,419.3680263407046,15
2024-09-19 14:27:03.024000,419.36560959984274,96
2024-09-19 14:27:03.120000,419.3699944928095,1003
2024-09-19 14:27:03.121000,419.3945766733962,5
2024-09-19 14:27:03.185000,419.3298781116613,1000
2024-09-19 14:27:03.204000,419.3647811990192,104
2024-09-19 14:27:03.228000,419.3692621460706,15
2024-09-19 14:27:03.381000,419.3723259331025,11
2024-09-19 14:27:03.405000,419.3714436325432,999
2024-09-19 14:27:03.424000,419.359860535038,1000
2024-09-19 14:27:03.504000,419.360642689179,1004
2024-09-19 14:27:03.534000,419.3846522547557,103
2024-09-19 14:27:03.565000,419.3962907119479,1000
2024-09-19 14:27:03.603000,419.3687899127592,996
2024-09-19 14:27:03.650000,419.3771284674639,13
2024-09-19 14:27:03.676000,419.3788600561456,8
2024-09-19 14:27:03.682000,419.3640003637915,14
2024-09-19 14:27:03.799000,419.3646813290281,7
2024-09-19 14:27:03.811000,419.38233482473646,98
2024-09-19 14:27:03.840000,419.3420292541004,8
2024-09-19 14:27:03.841000,419.3755191485388,13
2024-09-19 14:27:03.864000,419.37620580897,1005
2024-09-19 14:27:03.966000,419.3457961331735,100
2024-09-19 14:27:03.997000,419.380441778566,1001
2024-09-19 14:27:04.176000,419.3951003337806,15
2024-09-19 14:27:04.198000,419.403055981204,10
2024-09-19 14:27:04.205000,419.41137072643227,5
2024-09-19 14:27:04.211000,419.4157955279199,95
2024-09-19 14:27:04.264000,419.4082586331037,1003
2024-09-19 14:27:04.409000,419.4094803046796,1005
2024-09-19 14:27:04.424000,419.3946499634879,95
2024-09-19 14:27:04.427000,419.3820850973236,1003
2024-09-19 14:27:04.436000,419.420996339722,101
2024-09-19 14:27:04.472000,419.3868737967004,104
2024-09-19 14:27:04.477000,419.4198891783109,1001
2024-09-19 14:27:04.516000,419.3993399965269,11
2024-09-19 14:27:04.534000,419.4032344957352,1000
2024-09-19 14:27:04.551000,419.41489674243024,15
2024-09-19 14:27:04.651000,419.40615181780026,5
2024-09-19 14:27:04.663000,419.40997442327455,99
2024-09-19 14:27:04.932000,419.4223569199508,102
2024-09-19 14:27:04.940000,419.4115406904776,11
2024-09-19 14:27:06.054000,419.3651420852405,102
2024-09-19 14:27:06.188000,419.3630312132984,1003
2024-09-19 14:27:06.307000,419.3786955988511,103
2024-09-19 14:27:06.798000,419.3751457585952,99
2024-09-19 14:27:07.007000,419.37652553712206,9
2024-09-19 14:27:07.017000,419.35498674500616,101
2024-09-19 14:27:07.278000,419.3469256581528,6
2024-09-19 14:27:07.280000,419.3859209525814,9
2024-09-19 14:27:07.378000,419.3271558742341,11
2024-09-19 14:27:07.470000,419.3749399009764,997
2024-09-19 14:27:07.472000,419.3532752165212,1001
2024-09-19 14:27:07.752000,419.3240116997066,1001
2024-09-19 14:27:07.759000,419.34877195313294,9
2024-09-19 14:27:07.780000,419.3943431133547,1000
2024-09-19 14:27:07.825000,419.37142542365433,1002
2024-09-19 14:27:07.858000,419.3821662937301,101
2024-09-19 14:27:07.874000,419.344951392308,1001
2024-09-19 14:27:07.883000,419.3337647557853,1000
2024-09-19 14:27:07.898000,419.3192175847429,98
2024-09-19 14:27:07.921000,419.3556847359637,101
2024-09-19 14:27:07.973000,419.3580511617956,13
2024-09-19 14:27:08.291000,419.3836978821524,12
2024-09-19 14:27:09.125000,419.4121555075634,1005
2024-09-19 14:27:09.168000,419.44246981027686,997
2024-09-19 14:27:09.198000,419.44587110273983,97
2024-09-19 14:27:09.233000,419.4112352639223,102
2024-09-19 14:27:09.254000,419.4533058400418,998
2024-09-19 14:27:09.298000,419.4367754743144,1004
2024-09-19 14:27:09.319000,419.3704227541893,15
2024-09-19 14:27:09.420000,419.3968457049701,95
2024-09-19 14:27:09.513000,419.3603463142112,11
2024-09-19 14:27:09.552000,419.4117229416118,1003
2024-09-19 14:27:09.602000,419.44271668708194,14
2024-09-19 14:27:09.610000,419.4426958934766,9
2024-09-19 14:27:09.623000,419.4053332689869,105
2024-09-19 14:27:09.627000,419.4248817906676,103
2024-09-19 14:27:09.646000,419.4302593103292,996
2024-09-19 14:27:09.653000,419.4377229798395,1003
2024-09-19 14:27:09.669000,419.4005189980092,104
2024-09-19 14:27:09.724000,419.3842171251491,998
2024-09-19 14:27:09.781000,419.4243133708947,9
2024-09-19 14:27:09.813000,419.42001321886687,11
2024-09-19 14:27:09.874000,419.4064091939828,104
2024-09-19 14:27:09.900000,419.4523547382287,13
2024-09-19 14:27:09.904000,419.3985323615848,98
2024-09-19 14:27:09.916000,419.4372949686656,9
2024-09-19 14:27:09.947000,419.3693849152284,15
2024-09-19 14:27:09.972000,419.4190933162821,1003
2024-09-19 14:27:09.974000,419.43469361487394,1004
2024-09-19 14:27:10.006000,419.4995025657927,101
2024-09-19 14:27:10.037000,419.4679145651688,14
2024-09-19 14:27:10.161000,419.4864250873055,98
2024-09-19 14:27:10.273000,419.5314109853484,104
2024-09-19 14:27:10.313000,419.50450895574215,95
2024-09-19 14:27:10.353000,419.5069015902272,105
2024-09-19 14:27:10.448000,419.5023316611932,101
2024-09-19 14:27:10.605000,419.4900990892008,5
2024-09-19 14:27:10.650000,419.4715326746568,95
2024-09-19 14:27:10.823000,419.5264908823142,95
2024-09-19 14:27:10.827000,419.5041045086522,6
2024-09-19 14:27:10.903000,419.4472618657493,998
2024-09-19 14:27:10.963000,419.4892420967775,1003
2024-09-19 14:27:11.011000,419.3768593590589,1001
2024-09-19 14:27:11.072000,419.3721240601338,999
2024-09-19 14:27:11.089000,419.5205504266938,13
2024-09-19 14:27:11.163000,419.37863341554646,7
2024-09-19 14:27:11.211000,419.361665503137,996
2024-09-19 14:27:11.225000,419.37591841448113,1000
2024-09-19 14:27:11.231000,419.3599049789665,98
2024-09-19 14:27:11.244000,419.3371631052193,11
2024-09-19 14:27:11.286000,419.4752904406935,10
2024-09-19 14:27:11.306000,419.3606629496338,15
2024-09-19 14:27:11.319000,419.36688560791765,103
2024-09-19 14:27:11.372000,419.3449213168281,101
2024-09-19 14:27:11.402000,419.4190735686904,1003
2024-09-19 14:27:11.447000,419.4524103345212,998
2024-09-19 14:27:11.543000,419.38545869020027,103
2024-09-19 14:27:11.727000,419.3918843785975,96
2024-09-19 14:27:11.763000,419.3514728330666,95
2024-09-19 14:27:11.959000,419.3815938333618,996
2024-09-19 14:27:12.044000,419.3794043171528,996
2024-09-19 14:27:12.097000,419.40992185896886,996
2024-09-19 14:27:12.106000,419.4085906930782,997
2024-09-19 14:27:12.115000,419.3997941542441,12
2024-09-19 14:27:12.129000,419.4083121846375,998
2024-09-19 14:27:12.252000,419.37337641535584,9
2024-09-19 14:27:12.378000,419.3642219918268,15
2024-09-19 14:27:12.388000,419.4167003747944,103
2024-09-19 14:27:12.473000,419.3965749014477,105
2024-09-19 14:27:12.473000,419.39963365942737,97
2024-09-19 14:27:12.494000,419.3864158719399,102
2024-09-19 14:27:12.531000,419.3896392472381,1003
2024-09-19 14:27:12.565000,419.388527991343,14
2024-09-19 14:27:12.585000,419.35636325927095,997
2024-09-19 14:27:12.590000,419.4040395814291,103
2024-09-19 14:27:12.650000,419.3811208930268,999
2024-09-19 14:27:12.814000,419.3788277344237,1005
2024-09-19 14:27:12.866000,419.38564315968586,95
2024-09-19 14:27:12.870000,419.4185004593653,1003
2024-09-19 14:27:12.902000,419.3977016906426,1002
2024-09-19 14:27:12.943000,419.3875899273386,5
2024-09-19 14:27:12.960000,419.38467412463046,1004
2024-09-19 14:27:13.062000,419.38659879091017,102
2024-09-19 14:27:13.427000,419.4081747575432,102
2024-09-19 14:27:13.484000,419.3982087974867,6
2024-09-19 14:27:13.746000,419.397902547808,998
2024-09-19 14:27:13.806000,419.40001625196464,99
2024-09-19 14:27:13.931000,419.3899778492074,11
2024-09-19 14:27:14.008000,419.476448728212,96
2024-09-19 14:27:14.014000,419.48701608815816,5
2024-09-19 14:27:14.182000,419.4680225767528,1000
2024-09-19 14:27:14.185000,419.4694221592448,14
2024-09-19 14:27:14.304000,419.41671607611056,1003
2024-09-19 14:27:14.310000,419.4153327964042,998
2024-09-19 14:27:14.335000,419.4800229743202,103
2024-09-19 14:27:14.362000,419.47465395817466,1002
2024-09-19 14:27:14.687000,419.4660877491826,10
2024-09-19 14:27:14.731000,419.41541728040096,1000
2024-09-19 14:27:14.745000,419.4646571350917,97
2024-09-19 14:27:14.796000,419.4619137342112,6
2024-09-19 14:27:14.830000,419.4501899043808,15
2024-09-19 14:27:14.941000,419.4643442120604,995
2024-09-19 14:27:15.629000,419.4705890115007,8
2024-09-19 14:27:16.044000,419.55869237437446,95
2024-09-19 14:27:16.063000,419.6082521106013,1004
2024-09-19 14:27:16.074000,419.6149626811626,97
2024-09-19 14:27:16.080000,419.4779776743092,12
2024-09-19 14:27:16.173000,419.4876890851584,995
2024-09-19 14:27:16.174000,419.5025584945248,100
2024-09-19 14:27:16.206000,419.6013111700159,1004
2024-09-19 14:27:16.210000,419.4597809740406,11
2024-09-19 14:27:16.270000,419.6149282201724,13
2024-09-19 14:27:16.278000,419.5974647443608,1000
2024-09-19 14:27:16.301000,419.5023236121902,95
2024-09-19 14:27:16.325000,419.6191634465749,999
2024-09-19 14:27:16.494000,419.51171707410936,99
2024-09-19 14:27:16.529000,419.4718820405197,998
2024-09-19 14:27:16.532000,419.6178441537597,12
2024-09-19 14:27:16.535000,419.5569047196539,9
2024-09-19 14:27:16.581000,419.5297552726882,998
2024-09-19 14:27:16.615000,419.6302885276213,7
2024-09-19 14:27:16.634000,419.4646924726266,10
2024-09-19 14:27:16.665000,419.61013452472775,105
2024-09-19 14:27:16.670000,419.5064165644701,997
2024-09-19 14:27:16.670000,419.540315165405,14
2024-09-19 14:27:16.734000,419.6135328653815,1004
2024-09-19 14:27:16.740000,419.5548606385292,998
2024-09-19 14:27:16.780000,419.4717296449848,102
2024-09-19 14:27:16.828000,419.6176454883357,100
2024-09-19 14:27:16.863000,419.6177769378981,1005
2024-09-19 14:27:16.875000,419.4949230778005,12
2024-09-19 14:27:16.912000,419.4889675387424,997
2024-09-19 14:27:16.970000,419.6383129094519,8
2024-09-19 14:27:17.056000,419.6250274427587,1001
2024-09-19 14:27:17.149000,419.6067845903164,6
2024-09-19 14:27:17.218000,419.5962388799664,14
2024-09-19 14:27:17.293000,419.60173226149374,995
2024-09-19 14:27:17.304000,419.59172492449306,1004
2024-09-19 14:27:17.336000,419.6139058141174,995
2024-09-19 14:27:17.356000,419.605023542648,98
2024-09-19 14:27:17.415000,419.6125928173677,1005
2024-09-19 14:27:17.433000,419.58451949563306,10
2024-09-19 14:27:17.449000,419.6080129728548,996
2024-09-19 14:27:17.664000,419.6179330370353,1003
2024-09-19 14:27:17.750000,419.6011336163337,14
2024-09-19 14:27:17.895000,419.6277648828217,1001
2024-09-19 14:27:17.913000,419.6222865505061,96
2024-09-19 14:27:17.932000,419.5731427143016,1005
2024-09-19 14:27:18.081000,419.59909238875673,15
2024-09-19 14:27:18.116000,419.6086456501307,996
2024-09-19 14:27:18.222000,419.6232403199383,99
2024-09-19 14:27:18.365000,419.62265074410175,995
2024-09-19 14:27:18.528000,419.6171836572455,98
2024-09-19 14:27:18.679000,419.6065867933804,9
2024-09-19 14:27:18.723000,419.6044430530426,102
2024-09-19 14:27:19.108000,419.6206003177825,102
2024-09-19 14:27:19.222000,419.59266571622055,1000
2024-09-19 14:27:19.232000,419.5940058401472,103
2024-09-19 14:27:19.370000,419.6097763358553,103
2024-09-19 14:27:19.456000,419.6037158847955,6
2024-09-19 14:27:19.474000,419.5849846707528,6
2024-09-19 14:27:19.530000,419.586290503172,105
2024-09-19 14:27:19.538000,419.58631337294577,10
2024-09-19 14:27:19.602000,419.6255821796198,100
2024-09-19 14:27:19.702000,419.62603380547966,12
2024-09-19 14:27:19.798000,419.6164476756293,13
2024-09-19 14:27:19.931000,419.6106754885575,9
2024-09-19 14:27:20.040000,419.6604167750892,9
2024-09-19 14:27:20.128000,419.62348037678646,105
2024-09-19 14:27:20.160000,419.6328551190125,11
2024-09-19 14:27:20.255000,419.630049164857,103
2024-09-19 14:27:20.280000,419.6285369313227,1004
2024-09-19 14:27:20.312000,419.64927927787727,999
2024-09-19 14:27:20.322000,419.70428992751374,997
2024-09-19 14:27:20.345000,419.6149206721933,102
2024-09-19 14:27:20.359000,419.6690571175643,98
2024-09-19 14:27:20.532000,419.6536054221191,1001
2024-09-19 14:27:20.828000,419.6423833776231,1002
2024-09-19 14:27:20.844000,419.6962987921104,15
2024-09-19 14:27:20.930000,419.6960341440523,102
2024-09-19 14:27:20.942000,419.68047697893365,995
2024-09-19 14:27:20.965000,419.6704625680735,102
2024-09-19 14:27:21.037000,419.6838336464507,997
2024-09-19 14:27:21.147000,419.6755459943341,105
2024-09-19 14:27:21.224000,419.6557284091167,99
2024-09-19 14:27:21.710000,419.65513315565335,97
2024-09-19 14:27:21.761000,419.6715880055997,98
2024-09-19 14:27:22.002000,419.6262788532202,5
2024-09-19 14:27:22.038000,419.6592344734503,1000
2024-09-19 14:27:22.056000,419.6053421392749,100
2024-09-19 14:27:22.072000,419.6298743043991,11
2024-09-19 14:27:22.118000,419.6243489752295,101
2024-09-19 14:27:22.141000,419.65344735445353,12
2024-09-19 14:27:22.171000,419.62055473717066,97
2024-09-19 14:27:22.173000,419.6491919206236,95
2024-09-19 14:27:22.175000,419.6521671689811,97
2024-09-19 14:27:22.293000,419.6670645488308,100
2024-09-19 14:27:22.358000,419.6217209262964,7
2024-09-19 14:27:22.429000,419.6328280348444,996
2024-09-19 14:27:22.458000,419.6138942782811,98
2024-09-19 14:27:22.461000,419.6494440689076,1005
2024-09-19 14:27:22.462000,419.6229005433778,104
2024-09-19 14:27:22.549000,419.6417224026696,101
2024-09-19 14:27:22.564000,419.6491796186926,101
2024-09-19 14:27:22.565000,419.6412973351205,100
2024-09-19 14:27:22.587000,419.6689797904208,12
2024-09-19 14:27:22.621000,419.6145044238669,998
2024-09-19 14:27:22.726000,419.6704807287322,997
2024-09-19 14:27:22.765000,419.649829519306,104
2024-09-19 14:27:22.797000,419.6611320998071,1004
2024-09-19 14:27:22.957000,419.6059706236844,998
2024-09-19 14:27:22.982000,419.6396936949048,9
2024-09-19 14:27:23.001000,419.5504419015447,998
2024-09-19 14:27:23.019000,419.60782059581953,100
2024-09-19 14:27:23.030000,419.5499180379291,14
2024-09-19 14:27:23.032000,419.57283261851455,104
2024-09-19 14:27:23.063000,419.6156573035228,998
2024-09-19 14:27:23.134000,419.5483738839664,8
2024-09-19 14:27:23.145000,419.59219864573424,11
2024-09-19 14:27:23.149000,419.6237730712143,1001
2024-09-19 14:27:23.166000,419.5895546774984,6
2024-09-19 14:27:23.219000,419.5862584483805,10
2024-09-19 14:27:23.225000,419.6211166942308,103
2024-09-19 14:27:23.343000,419.6144559313118,8
2024-09-19 14:27:23.391000,419.6018908470628,96
2024-09-19 14:27:23.418000,419.5855510183927,1003
2024-09-19 14:27:23.473000,419.54549196325166,96
2024-09-19 14:27:23.599000,419.6371593660179,1002
2024-09-19 14:27:23.618000,419.564787105754,995
2024-09-19 14:27:23.619000,419.61349629051904,7
2024-09-19 14:27:23.677000,419.5832522679939,15
2024-09-19 14:27:23.732000,419.622426748326,104
2024-09-19 14:27:23.860000,419.5653457843936,998
2024-09-19 14:27:23.860000,419.6246848830479,999
2024-09-19 14:27:23.941000,419.5883928135052,13
2024-09-19 14:27:23.946000,419.579622727244,6
2024-09-19 14:27:23.959000,419.6320939738851,12
2024-09-19 14:27:24.108000,419.6219400828389,103
2024-09-19 14:27:24.383000,419.61291089667566,100
2024-09-19 14:27:24.531000,419.5559172842631,97
2024-09-19 14:27:24.591000,419.5635748273405,999
2024-09-19 14:27:24.619000,419.5680530664875,95
2024-09-19 14:27:24.629000,419.5739176252646,7
2024-09-19 14:27:24.727000,419.5727994763855,10
2024-09-19 14:27:24.727000,419.57775930645806,1001
2024-09-19 14:27:24.786000,419.6066768287096,99
2024-09-19 14:27:24.904000,419.5968400889782,99
2024-09-19 14:27:25.074000,419.6300290211584,997
2024-09-19 14:27:25.218000,419.6259929640488,100
2024-09-19 14:27:25.470000,419.64583538619394,12
2024-09-19 14:27:25.573000,419.6743329660225,100
2024-09-19 14:27:25.719000,419.615551256826,96
2024-09-19 14:27:25.827000,419.6686907761404,998
2024-09-19 14:27:25.857000,419.6211650151613,1003
2024-09-19 14:27:26.102000,419.67486608675904,100
2024-09-19 14:27:26.245000,419.6630701093288,1002
2024-09-19 14:27:26.346000,419.6760064537221,999
2024-09-19 14:27:26.393000,419.6745813877061,1001
2024-09-19 14:27:26.489000,419.669210230546,11
2024-09-19 14:27:26.512000,419.6760723449562,102
2024-09-19 14:27:26.559000,419.6863983032487,15
2024-09-19 14:27:26.632000,419.6694592817203,99
2024-09-19 14:27:26.811000,419.7006761764419,12
2024-09-19 14:27:26.864000,419.6721403856882,96
2024-09-19 14:27:26.910000,419.66666170159147,103
2024-09-19 14:27:26.950000,419.6631237051427,1001
2024-09-19 14:27:27.023000,419.7435964983882,999
2024-09-19 14:27:27.549000,419.6807557667159,95
2024-09-19 14:27:27.591000,419.7249781433893,104
2024-09-19 14:27:27.848000,419.6874659707736,10
2024-09-19 14:27:27.867000,419.7121304347548,10
2024-09-19 14:27:27.886000,419.7149885188786,6
2024-09-19 14:27:27.918000,419.7309551076461,1001
2024-09-19 14:27:28.056000,419.78480730661937,10
2024-09-19 14:27:28.273000,419.7673476998054,12
2024-09-19 14:27:28.654000,419.7724981503048,15
2024-09-19 14:27:28.770000,419.7759117540493,7
2024-09-19 14:27:28.802000,419.7512358074334,103
2024-09-19 14:27:28.887000,419.7685265806709,998
2024-09-19 14:27:29.148000,419.7154039256353,97
2024-09-19 14:27:29.150000,419.6908472175966,12
2024-09-19 14:27:29.382000,419.6893577992982,105
2024-09-19 14:27:29.403000,419.6787600249645,11
2024-09-19 14:27:29.413000,419.6543976821931,104
2024-09-19 14:27:29.425000,419.6673830223455,96
2024-09-19 14:27:29.461000,419.6793065002401,103
2024-09-19 14:27:29.500000,419.6835659368062,5
2024-09-19 14:27:29.525000,419.6701860206209,14
2024-09-19 14:27:29.532000,419.6702405387698,12
2024-09-19 14:27:29.605000,419.6731478048519,995
2024-09-19 14:27:29.611000,419.7350578325439,9
2024-09-19 14:27:29.628000,419.6837325533652,104
2024-09-19 14:27:29.655000,419.6772382080625,5
2024-09-19 14:27:29.746000,419.6972926710822,15
2024-09-19 14:27:29.753000,419.6662728756792,13
2024-09-19 14:27:29.766000,419.6533358300151,996
2024-09-19 14:27:29.778000,419.7544874567984,12
2024-09-19 14:27:29.797000,419.7479929852877,5
2024-09-19 14:27:29.853000,419.6711201756989,99
2024-09-19 14:27:29.871000,419.7260549752739,6
2024-09-19 14:27:29.917000,419.6815317577708,96
2024-09-19 14:27:30.015000,419.6964302108151,996
2024-09-19 14:27:30.070000,419.68082296220535,15
2024-09-19 14:27:30.112000,419.7105324092977,7
2024-09-19 14:27:30.159000,419.67582068184544,1003
2024-09-19 14:27:30.213000,419.7013686469092,5
2024-09-19 14:27:30.316000,419.67859625084697,1005
2024-09-19 14:27:30.410000,419.6812297474745,998
2024-09-19 14:27:30.418000,419.6673591640147,12
2024-09-19 14:27:30.435000,419.6780290609419,1000
2024-09-19 14:27:30.444000,419.6700492902322,12
2024-09-19 14:27:30.470000,419.697564931468,999
2024-09-19 14:27:30.525000,419.712597503259,7
2024-09-19 14:27:30.598000,419.6723725337861,14
2024-09-19 14:27:30.599000,419.6960691440704,99
2024-09-19 14:27:30.612000,419.6836399178601,95
2024-09-19 14:27:30.793000,419.6932561962092,1000
2024-09-19 14:27:30.845000,419.72856291750224,9
2024-09-19 14:27:30.889000,419.6632535219424,14
2024-09-19 14:27:30.923000,419.671877755574,7
2024-09-19 14:27:30.968000,419.66631376093113,99
2024-09-19 14:27:30.972000,419.6941415682046,997
2024-09-19 14:27:30.994000,419.6697190109788,10
2024-09-19 14:27:31.034000,419.7878139620044,999
2024-09-19 14:27:31.047000,419.75308479372944,13
2024-09-19 14:27:31.102000,419.78104382481416,96
2024-09-19 14:27:31.126000,419.6833734842586,1003
2024-09-19 14:27:31.137000,419.7645156369616,8
2024-09-19 14:27:31.193000,419.76237168913553,105
2024-09-19 14:27:31.221000,419.6851297313423,1001
2024-09-19 14:27:31.232000,419.693253138779,995
2024-09-19 14:27:31.297000,419.6568030339727,1000
2024-09-19 14:27:31.312000,419.7869161317673,104
2024-09-19 14:27:31.317000,419.7799940325093,995
2024-09-19 14:27:31.349000,419.7577172417799,1004
2024-09-19 14:27:31.499000,419.7848528855508,103
2024-09-19 14:27:31.628000,419.748864239681,98
2024-09-19 14:27:31.673000,419.7122578201042,103
2024-09-19 14:27:31.686000,419.7807893404824,14
2024-09-19 14:27:31.703000,419.65655215003005,100
2024-09-19 14:27:31.726000,419.7188566918664,12
2024-09-19 14:27:31.757000,419.7827562157976,8
2024-09-19 14:27:31.772000,419.7881997668708,996
2024-09-19 14:27:31.830000,419.7592548477652,998
2024-09-19 14:27:31.838000,419.7037621774544,10
2024-09-19 14:27:31.861000,419.683320394168,7
2024-09-19 14:27:31.919000,419.7538041954874,99
2024-09-19 14:27:31.936000,419.77465325777285,1001
2024-09-19 14:27:31.937000,419.7738300679165,998
2024-09-19 14:27:31.938000,419.7343528534382,15
2024-09-19 14:27:31.951000,419.7831207741112,1003
2024-09-19 14:27:31.953000,419.7265708419885,6
2024-09-19 14:27:32.020000,419.6698442636365,7
2024-09-19 14:27:32.047000,419.6975310861744,1001
2024-09-19 14:27:32.057000,419.6773537184352,1004
2024-09-19 14:27:32.075000,419.7340992946225,999
2024-09-19 14:27:32.152000,419.7510595911198,996
2024-09-19 14:27:32.241000,419.7922668694776,104
2024-09-19 14:27:32.253000,419.67331486539126,100
2024-09-19 14:27:32.268000,419.7918735306366,102
2024-09-19 14:27:32.282000,419.7188059160122,997
2024-09-19 14:27:32.424000,419.6710568546375,1001
2024-09-19 14:27:32.449000,419.6971988292226,13
2024-09-19 14:27:32.465000,419.7334244181474,8
2024-09-19 14:27:32.499000,419.6931013910012,99
2024-09-19 14:27:32.597000,419.7382635843943,99
2024-09-19 14:27:32.599000,419.6808731506072,5
2024-09-19 14:27:32.636000,419.7174127034393,1005
2024-09-19 14:27:32.703000,419.7370235436492,8
2024-09-19 14:27:32.740000,419.6816785575049,8
2024-09-19 14:27:32.767000,419.7449297544725,97
2024-09-19 14:27:32.780000,419.71626678920455,1005
2024-09-19 14:27:32.807000,419.7402668757292,1003
2024-09-19 14:27:32.869000,419.6755776630801,997
2024-09-19 14:27:32.935000,419.7877444220701,9
2024-09-19 14:27:32.962000,419.6705911431628,8
2024-09-19 14:27:33.012000,419.66166586142566,99
2024-09-19 14:27:33.013000,419.6478885844252,104
2024-09-19 14:27:33.014000,419.6767940320605,996
2024-09-19 14:27:33.027000,419.6759709200125,102
2024-09-19 14:27:33.073000,419.670209074172,11
2024-09-19 14:27:33.084000,419.61693243445137,1003
2024-09-19 14:27:33.108000,419.67054033615767,97
2024-09-19 14:27:33.148000,419.6646451310221,995
2024-09-19 14:27:33.177000,419.6569716159276,1001
2024-09-19 14:27:33.257000,419.68294490544775,103
2024-09-19 14:27:33.273000,419.6593541282169,995
2024-09-19 14:27:33.283000,419.6754385683194,10
2024-09-19 14:27:33.319000,419.6623316583645,104
2024-09-19 14:27:33.349000,419.6606543011668,99
2024-09-19 14:27:33.421000,419.6710699964461,7
2024-09-19 14:27:33.438000,419.6842546512579,10
2024-09-19 14:27:33.456000,419.63366346319646,996
2024-09-19 14:27:33.521000,419.66511386997206,5
2024-09-19 14:27:33.542000,419.6378940317308,1003
2024-09-19 14:27:33.580000,419.66157952592073,1002
2024-09-19 14:27:33.586000,419.6603725642098,96
2024-09-19 14:27:33.608000,419.6788314661715,14
2024-09-19 14:27:33.626000,419.6639064459007,996
2024-09-19 14:27:33.760000,419.6289157681733,102
2024-09-19 14:27:33.821000,419.6575873485828,98
2024-09-19 14:27:33.973000,419.6546853850963,995
2024-09-19 14:27:34.166000,419.624462942168,104
2024-09-19 14:27:34.722000,419.6326250302572,5
2024-09-19 14:27:35.481000,419.66609225712256,98
2024-09-19 14:27:36.398000,419.6846345336936,996
2024-09-19 14:27:36.579000,419.7297123677951,14
2024-09-19 14:27:36.590000,419.7173515754917,8
2024-09-19 14:27:36.755000,419.72585367689294,996
2024-09-19 14:27:36.833000,419.7039259091514,1003
2024-09-19 14:27:36.839000,419.6880083739064,1000
2024-09-19 14:27:36.839000,419.70536876041314,8
2024-09-19 14:27:36.880000,419.70098220357954,7
2024-09-19 14:27:36.916000,419.6786132839491,100
2024-09-19 14:27:36.923000,419.73052988540746,1005
2024-09-19 14:27:36.933000,419.6802753274581,995
2024-09-19 14:27:37.424000,419.73247171954586,9
2024-09-19 14:27:37.688000,419.7630777881915,97
2024-09-19 14:27:37.957000,419.7766891701922,1004
2024-09-19 14:27:38.087000,419.80033295178725,100
2024-09-19 14:27:38.607000,419.7702283962181,102
2024-09-19 14:27:38.808000,419.7982983286541,102
2024-09-19 14:27:38.987000,419.7997768264765,101
2024-09-19 14:27:39.145000,419.77658840738087,100
2024-09-19 14:27:39.222000,419.75197486143134,998
2024-09-19 14:27:39.256000,419.8031741759862,97
2024-09-19 14:27:39.359000,419.7881675297269,997
2024-09-19 14:27:39.444000,419.735618068353,101
2024-09-19 14:27:39.479000,419.7482110198909,105
2024-09-19 14:27:39.535000,419.750924594213,5
2024-09-19 14:27:39.551000,419.7780452863913,96
2024-09-19 14:27:39.580000,419.7963064184123,1003
2024-09-19 14:27:39.707000,419.73832107341616,1004
2024-09-19 14:27:39.787000,419.7437350397452,1001
2024-09-19 14:27:39.929000,419.7838791895009,96
2024-09-19 14:27:39.979000,419.7966876871444,8
2024-09-19 14:27:39.991000,419.7905668500163,13
2024-09-19 14:27:40.941000,419.7274841881022,1004
2024-09-19 14:27:41.027000,419.74107971091615,6
2024-09-19 14:27:41.031000,419.7369192377424,97
2024-09-19 14:27:41.032000,419.72477145352855,9
2024-09-19 14:27:41.074000,419.735182254251,1002
2024-09-19 14:27:41.111000,419.7426122001952,1000
2024-09-19 14:27:41.168000,419.7445486788149,6
2024-09-19 14:27:41.207000,419.7037081437708,12
2024-09-19 14:27:41.222000,419.7109564945542,9
2024-09-19 14:27:41.270000,419.707067959684,7
2024-09-19 14:27:41.314000,419.7097667443824,995
2024-09-19 14:27:41.346000,419.7400411225268,101
2024-09-19 14:27:41.351000,419.721073017333,1003
2024-09-19 14:27:41.374000,419.7343920800635,12
2024-09-19 14:27:41.414000,419.73428173307366,103
2024-09-19 14:27:41.467000,419.6956262740366,1001
2024-09-19 14:27:41.508000,419.6962293472041,998
2024-09-19 14:27:41.535000,419.6939630098213,13
2024-09-19 14:27:41.551000,419.7365161178804,1003
2024-09-19 14:27:41.727000,419.7413912141475,104
2024-09-19 14:27:41.746000,419.7135605027048,6
2024-09-19 14:27:41.791000,419.7415561352308,995
2024-09-19 14:27:41.809000,419.6847629562645,96
2024-09-19 14:27:41.830000,419.72100257883005,5
2024-09-19 14:27:41.833000,419.7425484700428,105
2024-09-19 14:27:41.841000,419.7446848666638,102
2024-09-19 14:27:41.882000,419.748449494812,100
2024-09-19 14:27:41.915000,419.6667268311522,1001
2024-09-19 14:27:41.952000,419.69180546659607,95
2024-09-19 14:27:41.967000,419.7350622497782,996
2024-09-19 14:27:41.980000,419.7543754519082,1004
2024-09-19 14:27:42.001000,419.78789873565614,103
2024-09-19 14:27:42.025000,419.7157341708214,95
2024-09-19 14:27:42.116000,419.7292506294605,15
2024-09-19 14:27:42.167000,419.704026759782,102
2024-09-19 14:27:42.236000,419.7119777525191,9
2024-09-19 14:27:42.237000,419.6918502028972,98
2024-09-19 14:27:42.258000,419.7236042352139,1004
2024-09-19 14:27:42.304000,419.724411027964,11
2024-09-19 14:27:42.336000,419.8024762420394,995
2024-09-19 14:27:42.345000,419.80180368920446,14
2024-09-19 14:27:42.357000,419.7110422962568,996
2024-09-19 14:27:42.360000,419.7541926876538,100
2024-09-19 14:27:42.375000,419.66162499568543,999
2024-09-19 14:27:42.443000,419.7811666337826,97
2024-09-19 14:27:42.548000,419.8073105209459,12
2024-09-19 14:27:42.583000,419.8136401068274,1001
2024-09-19 14:27:42.598000,419.7756125502591,1004
2024-09-19 14:27:42.733000,419.7790302448165,1004
2024-09-19 14:27:42.742000,419.7648439262004,996
2024-09-19 14:27:42.743000,419.77022743172506,100
2024-09-19 14:27:42.821000,419.7062699870604,11
2024-09-19 14:27:42.836000,419.7779983198494,98
2024-09-19 14:27:42.859000,419.8008914994072,105
2024-09-19 14:27:42.881000,419.7696714712124,96
2024-09-19 14:27:42.897000,419.7105823822236,997
2024-09-19 14:27:42.912000,419.721570312955,1005
2024-09-19 14:27:43.008000,419.8009846564326,15
2024-09-19 14:27:43.031000,419.80887464852464,7
2024-09-19 14:27:43.036000,419.8134753948098,95
2024-09-19 14:27:43.063000,419.8112373436956,998
2024-09-19 14:27:43.073000,419.8255241806789,996
2024-09-19 14:27:43.116000,419.7951095642199,100
2024-09-19 14:27:43.216000,419.79621094700366,1000
2024-09-19 14:27:43.281000,419.79449274214727,6
2024-09-19 14:27:43.291000,419.8195196887138,105
2024-09-19 14:27:43.306000,419.7861555494061,999
2024-09-19 14:27:43.327000,419.8278014523064,12
2024-09-19 14:27:43.330000,419.79175563383865,5
2024-09-19 14:27:43.333000,419.82572156046666,1003
2024-09-19 14:27:43.407000,419.8414592756853,103
2024-09-19 14:27:43.511000,419.8368974221847,97
2024-09-19 14:27:43.532000,419.8120526595434,96
2024-09-19 14:27:43.654000,419.8044647949568,101
2024-09-19 14:27:43.660000,419.8172511741904,1005
2024-09-19 14:27:43.702000,419.8041890071765,1003
2024-09-19 14:27:43.910000,419.8051592334522,997
2024-09-19 14:27:43.920000,419.8136123210712,1003
2024-09-19 14:27:43.922000,419.8060819247626,1005
2024-09-19 14:27:43.957000,419.8194228438362,102
2024-09-19 14:27:44.023000,419.779640264299,96
2024-09-19 14:27:44.045000,419.7762050266744,997
2024-09-19 14:27:44.063000,419.8393186880106,5
2024-09-19 14:27:44.120000,419.8000681491512,998
2024-09-19 14:27:44.142000,419.8043297258837,95
2024-09-19 14:27:44.167000,419.8299814946684,998
2024-09-19 14:27:44.208000,419.8666165223361,1000
2024-09-19 14:27:44.246000,419.8019815157753,997
2024-09-19 14:27:44.250000,419.8379465650591,1005
2024-09-19 14:27:44.310000,419.82806292749297,6
2024-09-19 14:27:44.355000,419.8130008038566,8
2024-09-19 14:27:44.371000,419.800652895588,11
2024-09-19 14:27:44.525000,419.855319024067,13
2024-09-19 14:27:44.560000,419.83973583341,5
2024-09-19 14:27:44.606000,419.8070009380162,12
2024-09-19 14:27:44.617000,419.804746497279,104
2024-09-19 14:27:44.654000,419.850865728389,100
2024-09-19 14:27:44.718000,419.82080832805553,104
2024-09-19 14:27:44.744000,419.8336239627697,13
2024-09-19 14:27:44.796000,419.8385312687973,1004
2024-09-19 14:27:44.808000,419.8555522840308,9
2024-09-19 14:27:44.817000,419.8232649545104,1003
2024-09-19 14:27:44.898000,419.8565735740151,97
2024-09-19 14:27:45.032000,419.8169015593195,98
2024-09-19 14:27:45.084000,419.8414213209521,1000
2024-09-19 14:27:45.231000,419.8277340337212,98
2024-09-19 14:27:45.340000,419.8185063940425,5
2024-09-19 14:27:45.349000,419.8217672032251,1005
2024-09-19 14:27:45.442000,419.8267380413441,5
2024-09-19 14:27:45.451000,419.835686439266,105
2024-09-19 14:27:45.537000,419.8324494117533,1002
2024-09-19 14:27:45.665000,419.8120659316364,1000
2024-09-19 14:27:45.736000,419.8224221305289,101
2024-09-19 14:27:45.962000,419.8120671017357,1003
2024-09-19 14:27:46.014000,419.8629872731603,9
2024-09-19 14:27:46.059000,419.8572497823244,9
2024-09-19 14:27:46.078000,419.8408260350511,6
2024-09-19 14:27:46.098000,419.81590855887424,6
2024-09-19 14:27:46.104000,419.8290006837309,5
2024-09-19 14:27:46.186000,419.8486774673141,96
2024-09-19 14:27:46.239000,419.8504240617274,1005
2024-09-19 14:27:46.241000,419.8539955611337,101
2024-09-19 14:27:46.263000,419.8435080915266,999
2024-09-19 14:27:46.379000,419.8357267118709,103
2024-09-19 14:27:46.399000,419.86876615284535,8
2024-09-19 14:27:46.444000,419.80109415810495,15
2024-09-19 14:27:46.476000,419.8586006020639,96
2024-09-19 14:27:46.546000,419.8228399113132,7
2024-09-19 14:27:46.689000,419.85835029236654,1002
2024-09-19 14:27:46.710000,419.828588989894,997
2024-09-19 14:27:46.718000,419.8683273327057,95
2024-09-19 14:27:46.731000,419.8336094831566,1002
2024-09-19 14:27:46.732000,419.8355772648451,998
2024-09-19 14:27:46.754000,419.8250208137616,999
2024-09-19 14:27:46.802000,419.8325200247893,1003
2024-09-19 14:27:46.809000,419.85040414180014,1001
2024-09-19 14:27:46.817000,419.8095043842793,99
2024-09-19 14:27:46.847000,419.8494217680584,1005
2024-09-19 14:27:46.934000,419.8007697264626,11
2024-09-19 14:27:46.968000,419.856207351056,12
2024-09-19 14:27:47.549000,419.8215072061549,15
2024-09-19 14:27:47.726000,419.8181394956636,998
2024-09-19 14:27:47.879000,419.8281850143173,998
2024-09-19 14:27:48.024000,419.797767678857,1000
2024-09-19 14:27:48.076000,419.7968699974463,11
2024-09-19 14:27:48.077000,419.776580876953,9
2024-09-19 14:27:48.091000,419.78778552689744,100
2024-09-19 14:27:48.228000,419.8057784351309,14
2024-09-19 14:27:48.236000,419.7596543870351,7
2024-09-19 14:27:48.242000,419.81518643306,998
2024-09-19 14:27:48.266000,419.8054810787666,997
2024-09-19 14:27:48.299000,419.7833736492533,96
2024-09-19 14:27:48.311000,419.7921584472703,105
2024-09-19 14:27:48.319000,419.8318119344116,104
2024-09-19 14:27:48.358000,419.8047536320695,997
2024-09-19 14:27:48.411000,419.8082804728997,998
2024-09-19 14:27:48.414000,419.81126053695226,10
2024-09-19 14:27:48.443000,419.7948445795017,12
2024-09-19 14:27:48.476000,419.8146614710402,105
2024-09-19 14:27:48.565000,419.7890783157776,98
2024-09-19 14:27:48.658000,419.7966603177153,96
2024-09-19 14:27:48.685000,419.7686717581125,7
2024-09-19 14:27:48.716000,419.78276300094257,96
2024-09-19 14:27:48.726000,419.8034210367183,101
2024-09-19 14:27:48.761000,419.8107130022547,10
2024-09-19 14:27:48.764000,419.76624798486296,12
2024-09-19 14:27:48.861000,419.78314733706304,999
2024-09-19 14:27:48.879000,419.79913423299854,103
2024-09-19 14:27:48.915000,419.7881214181097,1001
2024-09-19 14:27:48.944000,419.8038969996057,996
2024-09-19 14:27:49.056000,419.8150481963881,996
2024-09-19 14:27:49.560000,419.8025171259149,100
2024-09-19 14:27:49.618000,419.799458072885,11
2024-09-19 14:27:49.848000,419.80353122348754,1005
2024-09-19 14:27:50.029000,419.82217744169134,100
2024-09-19 14:27:50.099000,419.7984593732268,5
2024-09-19 14:27:50.100000,419.8431462854451,105
2024-09-19 14:27:50.113000,419.7912196041409,10
2024-09-19 14:27:50.125000,419.81797938499335,95
2024-09-19 14:27:50.126000,419.8317730375154,998
2024-09-19 14:27:50.127000,419.84288750489776,15
2024-09-19 14:27:50.132000,419.80788059755673,15
2024-09-19 14:27:50.220000,419.8422799263548,1005
2024-09-19 14:27:50.285000,419.8008169944047,15
2024-09-19 14:27:50.315000,419.81541291906905,5
2024-09-19 14:27:50.337000,419.8090416189772,9
2024-09-19 14:27:50.434000,419.8369541433886,6
2024-09-19 14:27:50.437000,419.7975492104558,997
2024-09-19 14:27:50.531000,419.8059437353487,1001
2024-09-19 14:27:50.679000,419.8039745244349,11
2024-09-19 14:27:50.707000,419.7791798006717,1002
2024-09-19 14:27:50.737000,419.7988388492452,7
2024-09-19 14:27:50.750000,419.80959439848846,1003
2024-09-19 14:27:50.770000,419.7950193897863,9
2024-09-19 14:27:50.775000,419.814341779565,9
2024-09-19 14:27:50.780000,419.79463537949465,7
2024-09-19 14:27:50.783000,419.8210657444037,12
2024-09-19 14:27:50.888000,419.782361218302,10
2024-09-19 14:27:50.929000,419.8346701599661,997
2024-09-19 14:27:50.935000,419.8075263020889,1005
2024-09-19 14:27:51.193000,419.845578012144,7
2024-09-19 14:27:51.211000,419.8332729672733,996
2024-09-19 14:27:51.228000,419.8117987271767,101
2024-09-19 14:27:51.462000,419.8125069013394,1003
2024-09-19 14:27:51.533000,419.7991289897946,1001
2024-09-19 14:27:51.593000,419.7884742320173,8
2024-09-19 14:27:51.713000,419.83601120205145,996
2024-09-19 14:27:51.784000,419.793228841466,7
2024-09-19 14:27:51.787000,419.802366774856,1000
2024-09-19 14:27:51.827000,419.828797685412,97
2024-09-19 14:27:51.919000,419.8134441777486,9
2024-09-19 14:27:52.006000,419.824272712032,995
2024-09-19 14:27:52.141000,419.81642178438494,97
2024-09-19 14:27:52.181000,419.7792879651927,15
2024-09-19 14:27:52.189000,419.75288665409226,103
2024-09-19 14:27:52.235000,419.76888086886015,11
2024-09-19 14:27:52.236000,419.7957706860229,98
2024-09-19 14:27:52.460000,419.7882470461579,5
2024-09-19 14:27:52.572000,419.7919271685736,995
2024-09-19 14:27:52.670000,419.80135499556303,996
2024-09-19 14:27:52.699000,419.8203196104804,1005
2024-09-19 14:27:52.788000,419.82334241748265,15
2024-09-19 14:27:52.815000,419.8379410938566,105
2024-09-19 14:27:52.839000,419.821946006648,96
2024-09-19 14:27:52.996000,419.7972385521047,98
2024-09-19 14:27:53.189000,419.6889861555137,97
2024-09-19 14:27:53.587000,419.74163304317926,1004
2024-09-19 14:27:53.956000,419.7248555717542,103
2024-09-19 14:27:54.118000,419.69798926927984,1002
2024-09-19 14:27:54.181000,419.6620064381775,101
2024-09-19 14:27:54.248000,419.6462845327872,1000
2024-09-19 14:27:54.564000,419.6711144615601,96
2024-09-19 14:27:55.045000,419.6493037896444,13
2024-09-19 14:27:55.115000,419.6745158764734,14
2024-09-19 14:27:55.254000,419.6523874752668,99
2024-09-19 14:27:55.304000,419.65222408836894,101
2024-09-19 14:27:55.397000,419.6363052963091,13
2024-09-19 14:27:55.428000,419.6515121611352,5
2024-09-19 14:27:55.436000,419.6633160997802,7
2024-09-19 14:27:55.438000,419.64585709312286,95
2024-09-19 14:27:55.462000,419.65694479841744,102
2024-09-19 14:27:55.486000,419.6262982951815,1005
2024-09-19 14:27:55.565000,419.6151116660657,1004
2024-09-19 14:27:55.625000,419.623848132829,97
2024-09-19 14:27:55.822000,419.6455709433283,96
2024-09-19 14:27:55.862000,419.6529320372328,1004
2024-09-19 14:27:56.057000,419.6349540899973,1004
2024-09-19 14:27:56.164000,419.6261359523548,97
2024-09-19 14:27:56.177000,419.6077828464252,101
2024-09-19 14:27:56.191000,419.6100243608771,1001
2024-09-19 14:27:56.245000,419.6781549477486,1005
2024-09-19 14:27:56.251000,419.61734047689714,99
2024-09-19 14:27:56.283000,419.6274729629321,998
2024-09-19 14:27:56.287000,419.6791058254275,6
2024-09-19 14:27:56.298000,419.6232547766015,1005
2024-09-19 14:27:56.313000,419.6314398643128,1000
2024-09-19 14:27:56.442000,419.67537294037805,999
2024-09-19 14:27:56.547000,419.6279013072118,1003
2024-09-19 14:27:56.561000,419.6582235408664,1004
2024-09-19 14:27:56.594000,419.5973098657983,95
2024-09-19 14:27:56.629000,419.602467079766,1004
2024-09-19 14:27:56.666000,419.64686748838335,7
2024-09-19 14:27:56.678000,419.59671785443766,997
2024-09-19 14:27:56.721000,419.6450588676623,14
2024-09-19 14:27:56.760000,419.68811808994593,1001
2024-09-19 14:27:56.780000,419.6140369147463,97
2024-09-19 14:27:56.801000,419.6257164228549,998
2024-09-19 14:27:56.917000,419.679868861873,101
2024-09-19 14:27:56.943000,419.6145326180612,999
2024-09-19 14:27:56.959000,419.5862038844704,8
2024-09-19 14:27:57.120000,419.6678377549749,99
2024-09-19 14:27:57.258000,419.6593161617029,7
2024-09-19 14:27:57.314000,419.6579975030798,100
2024-09-19 14:27:57.339000,419.667410024048,100
2024-09-19 14:27:57.350000,419.65805727063577,100
2024-09-19 14:27:57.402000,419.6772668349214,105
2024-09-19 14:27:57.510000,419.6674968394976,13
2024-09-19 14:27:57.652000,419.6737266944418,998
2024-09-19 14:27:58.005000,419.669793411086,102
2024-09-19 14:27:58.146000,419.6536718648999,12
2024-09-19 14:27:58.190000,419.64807278407966,11
2024-09-19 14:27:58.258000,419.6437638753809,9
2024-09-19 14:27:58.532000,419.6436271439281,98
2024-09-19 14:27:58.602000,419.6538903587196,95
2024-09-19 14:27:58.623000,419.6386771721291,1003
2024-09-19 14:27:58.774000,419.6485635167432,95
2024-09-19 14:27:58.816000,419.63080960532,1004
2024-09-19 14:27:58.837000,419.6526121007919,5
2024-09-19 14:27:58.849000,419.6588436279196,996
2024-09-19 14:27:58.885000,419.6590955805858,12
2024-09-19 14:27:59.011000,419.7008042764843,102
2024-09-19 14:27:59.030000,419.7531748653036,99
2024-09-19 14:27:59.068000,419.7897560858432,102
2024-09-19 14:27:59.093000,419.67698643494487,997
2024-09-19 14:27:59.177000,419.75562617153753,995
2024-09-19 14:27:59.182000,419.6708104074626,13
2024-09-19 14:27:59.218000,419.67636150347886,97
2024-09-19 14:27:59.229000,419.68086855629286,1000
2024-09-19 14:27:59.265000,419.7853027471114,9
2024-09-19 14:27:59.272000,419.7899328084808,96
2024-09-19 14:27:59.275000,419.6629448617349,105
2024-09-19 14:27:59.381000,419.75196666490575,104
2024-09-19 14:27:59.397000,419.7023335906987,9
2024-09-19 14:27:59.461000,419.7962428096873,5
2024-09-19 14:27:59.552000,419.7207111743365,999
2024-09-19 14:27:59.571000,419.69087566694697,105
2024-09-19 14:27:59.693000,419.64553802325753,103
2024-09-19 14:27:59.699000,419.7219016279664,997
2024-09-19 14:27:59.773000,419.7641124893416,102
2024-09-19 14:27:59.866000,419.73509751149226,105
2024-09-19 14:27:59.869000,419.7277474773255,102
2024-09-19 14:27:59.873000,419.6651740898421,12
2024-09-19 14:27:59.880000,419.74163670993295,7
2024-09-19 14:27:59.895000,419.7382423493905,1002
2024-09-19 14:27:59.908000,419.7306053298861,104
2024-09-19 14:27:59.947000,419.66596339441054,8
2024-09-19 14:27:59.953000,419.6644075036364,995
2024-09-19 14:27:59.976000,419.734789262154,10
