Timestamp,Price,Size
2024-09-19 11:35:00.004000,421.9434930990362,998
2024-09-19 11:35:00.110000,421.9501351943652,1002
2024-09-19 11:35:00.151000,421.9247825759391,996
2024-09-19 11:35:00.180000,421.93446943333504,1005
2024-09-19 11:35:00.232000,421.9425654841832,97
2024-09-19 11:35:00.342000,421.919422950641,995
2024-09-19 11:35:00.360000,421.9434932614244,1004
2024-09-19 11:35:00.497000,421.9114594295028,1002
2024-09-19 11:35:00.531000,421.9355289667677,15
2024-09-19 11:35:00.732000,421.94232097476754,104
2024-09-19 11:35:00.746000,421.9526760858856,5
2024-09-19 11:35:00.765000,421.9388833158589,105
2024-09-19 11:35:00.868000,421.8978766532665,96
2024-09-19 11:35:00.982000,421.9405515315913,1004
2024-09-19 11:35:01.024000,421.95664166911297,1001
2024-09-19 11:35:01.074000,421.9783341312824,1000
2024-09-19 11:35:01.076000,421.975514787711,1003
2024-09-19 11:35:01.270000,421.9491366052226,11
2024-09-19 11:35:01.279000,421.9844649979204,1005
2024-09-19 11:35:01.319000,421.9711493931649,5
2024-09-19 11:35:01.362000,421.977068243038,105
2024-09-19 11:35:01.409000,421.9787172157723,6
2024-09-19 11:35:01.438000,421.95535567851374,104
2024-09-19 11:35:01.471000,421.979761975077,996
2024-09-19 11:35:01.482000,421.95956770748455,9
2024-09-19 11:35:01.553000,421.9871557361018,101
2024-09-19 11:35:01.602000,421.96989695588536,1000
2024-09-19 11:35:01.771000,421.98141678019766,15
2024-09-19 11:35:01.772000,421.9654306778047,996
2024-09-19 11:35:01.805000,421.952423891056,6
2024-09-19 11:35:01.828000,421.9657807630272,999
2024-09-19 11:35:01.932000,421.9557160227192,105
2024-09-19 11:35:01.993000,421.96185266239553,1001
2024-09-19 11:35:02.014000,421.9980105898328,999
2024-09-19 11:35:02.021000,421.9667818349064,9
2024-09-19 11:35:02.088000,421.966168345798,15
2024-09-19 11:35:02.098000,421.9811534732482,7
2024-09-19 11:35:02.184000,421.96817843072114,15
2024-09-19 11:35:02.510000,422.0008679655191,98
2024-09-19 11:35:02.564000,421.98051875698906,103
2024-09-19 11:35:02.605000,422.00125821809087,995
2024-09-19 11:35:02.645000,421.97649962727246,105
2024-09-19 11:35:02.737000,421.9981680491736,15
2024-09-19 11:35:02.841000,421.97944246161074,5
2024-09-19 11:35:03.193000,421.9884810266399,98
2024-09-19 11:35:03.291000,422.0054737556946,7
2024-09-19 11:35:03.301000,422.0488234522556,997
2024-09-19 11:35:03.449000,422.0488326579452,14
2024-09-19 11:35:03.540000,421.9882579660623,7
2024-09-19 11:35:03.675000,421.9828156237071,103
2024-09-19 11:35:03.697000,422.0491929198552,6
2024-09-19 11:35:03.759000,422.0186423543558,99
2024-09-19 11:35:03.773000,422.0453322258957,998
2024-09-19 11:35:03.800000,422.0455320293837,1002
2024-09-19 11:35:04.248000,422.0356037334995,96
2024-09-19 11:35:04.725000,422.0271658537594,14
2024-09-19 11:35:05.007000,422.0511282929015,104
2024-09-19 11:35:05.025000,422.0287130261683,1003
2024-09-19 11:35:05.027000,422.048471573378,1003
2024-09-19 11:35:05.106000,422.02882728473344,14
2024-09-19 11:35:05.173000,422.0103731462585,97
2024-09-19 11:35:05.209000,422.0477060189876,97
2024-09-19 11:35:05.264000,422.0401139758015,1003
2024-09-19 11:35:05.276000,422.0314294413868,9
2024-09-19 11:35:05.339000,422.0628777357943,998
2024-09-19 11:35:05.527000,422.0455608607487,11
2024-09-19 11:35:05.550000,422.0244637843754,7
2024-09-19 11:35:05.564000,422.0442518506428,101
2024-09-19 11:35:05.585000,422.0666785786429,105
2024-09-19 11:35:05.688000,422.0280206699131,1004
2024-09-19 11:35:05.820000,422.0342297114601,9
2024-09-19 11:35:05.835000,422.04736201091686,98
2024-09-19 11:35:05.864000,422.0290623262559,105
2024-09-19 11:35:05.947000,422.06688658439685,1000
2024-09-19 11:35:05.950000,422.03580393481366,1001
2024-09-19 11:35:06.037000,421.99439383270055,6
2024-09-19 11:35:06.068000,421.9890300317143,103
2024-09-19 11:35:06.105000,422.0013310313976,12
2024-09-19 11:35:06.122000,422.0057892127019,1001
2024-09-19 11:35:06.124000,421.9913457643319,999
2024-09-19 11:35:06.135000,422.011404091956,100
2024-09-19 11:35:06.157000,421.9886229849125,96
2024-09-19 11:35:06.262000,421.9915750739243,95
2024-09-19 11:35:06.276000,421.9826722460673,13
2024-09-19 11:35:06.309000,421.9812519439846,99
2024-09-19 11:35:06.336000,421.9989521895698,5
2024-09-19 11:35:06.360000,421.97193383008255,1005
2024-09-19 11:35:06.367000,421.9982927341138,103
2024-09-19 11:35:06.396000,422.0038882127594,104
2024-09-19 11:35:06.440000,421.9910038391484,100
2024-09-19 11:35:06.442000,422.029098637065,995
2024-09-19 11:35:06.565000,422.013794719394,105
2024-09-19 11:35:06.624000,421.9877660122271,7
2024-09-19 11:35:06.663000,421.9818421224445,995
2024-09-19 11:35:06.674000,421.9925849759035,1003
2024-09-19 11:35:06.747000,421.9849145648128,1000
2024-09-19 11:35:06.823000,422.00111463570187,8
2024-09-19 11:35:06.825000,421.9995002231809,6
2024-09-19 11:35:06.851000,421.9872377023556,99
2024-09-19 11:35:06.855000,422.0253819546024,103
2024-09-19 11:35:06.874000,421.98337032875446,997
2024-09-19 11:35:06.917000,422.01271834693193,102
2024-09-19 11:35:07.122000,421.9786220101184,14
2024-09-19 11:35:07.149000,421.9976867191425,98
2024-09-19 11:35:07.153000,422.00624021816736,1005
2024-09-19 11:35:07.200000,421.98439483657495,996
2024-09-19 11:35:07.514000,422.0046012664584,96
2024-09-19 11:35:07.520000,421.99927216017386,97
2024-09-19 11:35:07.567000,421.9995359123256,101
2024-09-19 11:35:07.711000,422.02076533754246,1000
2024-09-19 11:35:07.713000,421.9785063539416,101
2024-09-19 11:35:07.719000,422.0229698480971,8
2024-09-19 11:35:07.743000,421.9881217568932,102
2024-09-19 11:35:07.767000,421.99868072768487,11
2024-09-19 11:35:07.784000,421.985265300447,15
2024-09-19 11:35:07.812000,422.019372616987,103
2024-09-19 11:35:07.818000,422.0034042028085,9
2024-09-19 11:35:07.825000,422.0149850800067,998
2024-09-19 11:35:08.388000,421.9958598231668,95
2024-09-19 11:35:08.520000,422.0110425257336,12
2024-09-19 11:35:08.682000,422.001852607656,13
2024-09-19 11:35:08.814000,421.9686401891296,1000
2024-09-19 11:35:08.883000,422.001678555976,7
2024-09-19 11:35:09.003000,421.94840686891,14
2024-09-19 11:35:09.007000,421.9404549690708,1004
2024-09-19 11:35:09.012000,421.9382893361752,1005
2024-09-19 11:35:09.038000,421.9720931353519,997
2024-09-19 11:35:09.096000,421.9626120400746,9
2024-09-19 11:35:09.108000,421.9390038315336,1002
2024-09-19 11:35:09.166000,421.9631330353659,99
2024-09-19 11:35:09.215000,421.94905377788535,105
2024-09-19 11:35:09.241000,421.92715965706816,5
2024-09-19 11:35:09.277000,421.92654669003247,105
2024-09-19 11:35:09.299000,421.9449859379746,1003
2024-09-19 11:35:09.307000,421.9435657845053,998
2024-09-19 11:35:09.402000,421.931658165274,997
2024-09-19 11:35:09.405000,421.9670957858424,95
2024-09-19 11:35:09.468000,421.9498888212242,96
2024-09-19 11:35:09.493000,421.92352647462656,1001
2024-09-19 11:35:09.572000,421.971081212117,8
2024-09-19 11:35:09.625000,421.9475865657885,9
2024-09-19 11:35:09.676000,421.9510114921202,97
2024-09-19 11:35:09.690000,421.95872403290207,8
2024-09-19 11:35:09.712000,421.9413000333767,11
2024-09-19 11:35:09.935000,421.9325596210052,1005
2024-09-19 11:35:10.032000,421.9297194236032,105
2024-09-19 11:35:10.095000,421.9034882086835,998
2024-09-19 11:35:10.104000,421.8636284722979,6
2024-09-19 11:35:10.165000,421.9369817236021,995
2024-09-19 11:35:10.165000,421.9555435372317,8
2024-09-19 11:35:10.276000,421.8674650168357,101
2024-09-19 11:35:10.331000,421.90279832690175,97
2024-09-19 11:35:10.366000,421.9141742599188,1005
2024-09-19 11:35:10.490000,421.8966262845247,999
2024-09-19 11:35:10.569000,421.9100302581617,98
2024-09-19 11:35:10.571000,421.9255195148573,14
2024-09-19 11:35:10.605000,421.9118714785311,11
2024-09-19 11:35:10.618000,421.8720382469772,104
2024-09-19 11:35:10.664000,421.9193781086846,998
2024-09-19 11:35:10.672000,421.9338965985503,995
2024-09-19 11:35:10.787000,421.9163649282676,102
2024-09-19 11:35:10.797000,421.9087642164497,100
2024-09-19 11:35:10.800000,421.9203915793984,96
2024-09-19 11:35:10.843000,421.8917122504338,12
2024-09-19 11:35:10.855000,421.9064847547321,104
2024-09-19 11:35:10.866000,421.85404679179567,1001
2024-09-19 11:35:10.932000,421.9081551628585,99
2024-09-19 11:35:11.055000,421.783723488445,9
2024-09-19 11:35:11.098000,421.8036109653638,101
2024-09-19 11:35:11.105000,421.74957000723344,997
2024-09-19 11:35:11.131000,421.8347182703092,1003
2024-09-19 11:35:11.213000,421.75127518174304,14
2024-09-19 11:35:11.316000,421.81958232309375,103
2024-09-19 11:35:11.351000,421.850497718003,1001
2024-09-19 11:35:11.408000,421.8211658144327,13
2024-09-19 11:35:11.444000,421.8296429621548,102
2024-09-19 11:35:11.571000,421.8168959011134,104
2024-09-19 11:35:11.596000,421.7827324422435,6
2024-09-19 11:35:11.730000,421.8447111390714,1005
2024-09-19 11:35:11.742000,421.82114634879343,7
2024-09-19 11:35:11.752000,421.803154582081,9
2024-09-19 11:35:11.788000,421.827716197404,1005
2024-09-19 11:35:11.848000,421.8695846522448,98
2024-09-19 11:35:12.077000,421.7966767124165,998
2024-09-19 11:35:12.170000,421.852684487294,1000
2024-09-19 11:35:12.200000,421.8401009455383,13
2024-09-19 11:35:12.211000,421.76248655285593,9
2024-09-19 11:35:12.251000,421.76291565663126,98
2024-09-19 11:35:12.265000,421.7651772147978,1001
2024-09-19 11:35:12.306000,421.822769179149,105
2024-09-19 11:35:12.383000,421.7621054982085,999
2024-09-19 11:35:12.641000,421.7907634255129,8
2024-09-19 11:35:12.643000,421.79242810757626,15
2024-09-19 11:35:12.699000,421.7590240167997,105
2024-09-19 11:35:12.705000,421.8443128634416,995
2024-09-19 11:35:12.732000,421.7838418322074,999
2024-09-19 11:35:12.757000,421.7914466360103,6
2024-09-19 11:35:13.068000,421.8779142994124,104
2024-09-19 11:35:13.074000,421.8608073681823,1003
2024-09-19 11:35:13.110000,421.8820939950255,1003
2024-09-19 11:35:13.124000,421.8881163384274,1002
2024-09-19 11:35:13.333000,421.8614558636585,997
2024-09-19 11:35:13.343000,421.8813497017544,11
2024-09-19 11:35:13.386000,421.88236148486186,1000
2024-09-19 11:35:13.555000,421.8858237786096,997
2024-09-19 11:35:13.570000,421.8709827165069,101
2024-09-19 11:35:13.613000,421.8741868007836,102
2024-09-19 11:35:13.633000,421.8691538023376,14
2024-09-19 11:35:13.682000,421.8781045832594,99
2024-09-19 11:35:13.864000,421.8904677306707,1005
2024-09-19 11:35:13.879000,421.8817539014714,1005
2024-09-19 11:35:13.945000,421.8868187455281,995
2024-09-19 11:35:14.134000,421.9538625553232,12
2024-09-19 11:35:14.143000,422.0364535767504,97
2024-09-19 11:35:14.144000,422.0027567610662,100
2024-09-19 11:35:14.168000,422.0036619712533,996
2024-09-19 11:35:14.221000,421.8959055024911,1004
2024-09-19 11:35:14.262000,421.9407789943792,9
2024-09-19 11:35:14.386000,421.9943017849579,1001
2024-09-19 11:35:14.388000,422.0390452090402,1004
2024-09-19 11:35:14.425000,421.9922344131807,1002
2024-09-19 11:35:14.446000,421.982727925176,1000
2024-09-19 11:35:14.468000,421.9945102188797,7
2024-09-19 11:35:14.508000,421.9759847138624,1005
2024-09-19 11:35:14.535000,421.97921303485793,7
2024-09-19 11:35:14.548000,422.03329045436806,8
2024-09-19 11:35:14.580000,421.975180232444,6
2024-09-19 11:35:14.702000,421.98846441775,997
2024-09-19 11:35:14.728000,422.022648711668,98
2024-09-19 11:35:14.733000,421.9979637561922,97
2024-09-19 11:35:14.866000,421.9780852439899,1005
2024-09-19 11:35:14.878000,421.97555892027617,11
2024-09-19 11:35:14.931000,422.0097290967217,1000
2024-09-19 11:35:14.936000,421.995428420581,98
2024-09-19 11:35:14.973000,421.9170041832714,11
2024-09-19 11:35:15.890000,422.0223545917428,98
2024-09-19 11:35:16.064000,422.05978273406106,998
2024-09-19 11:35:16.414000,422.05287652148655,95
2024-09-19 11:35:16.618000,422.0371321220376,96
2024-09-19 11:35:16.667000,422.0362791982881,9
2024-09-19 11:35:17.054000,422.0803652777424,1004
2024-09-19 11:35:17.066000,422.0784557379041,7
2024-09-19 11:35:17.103000,422.0701347689442,999
2024-09-19 11:35:17.118000,422.1643703206455,96
2024-09-19 11:35:17.198000,422.16074845919866,103
2024-09-19 11:35:17.198000,422.05907554061247,105
2024-09-19 11:35:17.199000,422.1497011240292,995
2024-09-19 11:35:17.229000,422.06520930086725,7
2024-09-19 11:35:17.266000,422.1641946781822,998
2024-09-19 11:35:17.346000,422.17138236130825,1004
2024-09-19 11:35:17.349000,422.18644445732434,1005
2024-09-19 11:35:17.437000,422.1041058023384,100
2024-09-19 11:35:17.502000,422.04864635697646,14
2024-09-19 11:35:17.550000,422.1687502908605,98
2024-09-19 11:35:17.554000,422.1934741444545,98
2024-09-19 11:35:17.558000,422.17379408349217,1003
2024-09-19 11:35:17.583000,422.0422929636,997
2024-09-19 11:35:17.587000,422.1223652704656,995
2024-09-19 11:35:17.637000,422.141877912449,105
2024-09-19 11:35:17.660000,422.09220828849936,105
2024-09-19 11:35:17.669000,422.1088656148796,10
2024-09-19 11:35:17.730000,422.0975272083432,14
2024-09-19 11:35:17.776000,422.0510473193772,10
2024-09-19 11:35:17.777000,422.1833293176553,9
2024-09-19 11:35:17.839000,422.0704539005025,8
2024-09-19 11:35:17.847000,422.1577129754733,14
2024-09-19 11:35:17.857000,422.07624836128514,998
2024-09-19 11:35:17.894000,422.0964164416385,100
2024-09-19 11:35:17.997000,422.1660508704634,999
2024-09-19 11:35:18.106000,422.2032914675779,8
2024-09-19 11:35:18.118000,422.1851256911133,14
2024-09-19 11:35:18.169000,422.17517742084937,14
2024-09-19 11:35:18.173000,422.19205246530095,997
2024-09-19 11:35:18.257000,422.195642533058,12
2024-09-19 11:35:18.274000,422.206010108599,10
2024-09-19 11:35:18.280000,422.1918106150778,1001
2024-09-19 11:35:18.399000,422.1644945048008,6
2024-09-19 11:35:18.464000,422.1913793879163,104
2024-09-19 11:35:18.571000,422.1733547527664,99
2024-09-19 11:35:18.624000,422.1618975973933,104
2024-09-19 11:35:18.679000,422.1803446375055,95
2024-09-19 11:35:18.713000,422.1919742736624,1001
2024-09-19 11:35:18.782000,422.2097204629287,1003
2024-09-19 11:35:18.806000,422.1483955103676,14
2024-09-19 11:35:18.833000,422.18654267707535,7
2024-09-19 11:35:18.880000,422.2032663980453,102
2024-09-19 11:35:18.894000,422.1819781322126,1004
2024-09-19 11:35:18.930000,422.146647056325,8
2024-09-19 11:35:18.992000,422.2045420896147,101
2024-09-19 11:35:19.010000,422.1720316930774,97
2024-09-19 11:35:19.181000,422.1723708728765,8
2024-09-19 11:35:19.215000,422.1745786690453,1004
2024-09-19 11:35:19.261000,422.1509227499207,95
2024-09-19 11:35:19.381000,422.17257516180166,98
2024-09-19 11:35:19.453000,422.1671420025829,13
2024-09-19 11:35:19.498000,422.15236483776334,95
2024-09-19 11:35:19.601000,422.1629230983867,13
2024-09-19 11:35:19.650000,422.1393947182809,996
2024-09-19 11:35:19.771000,422.14000980212336,15
2024-09-19 11:35:19.788000,422.17912953497824,1003
2024-09-19 11:35:19.852000,422.1528493285331,97
2024-09-19 11:35:20.036000,422.1898022557312,998
2024-09-19 11:35:20.081000,422.1867855903922,1001
2024-09-19 11:35:20.204000,422.1532458013189,104
2024-09-19 11:35:20.218000,422.1296010348001,1005
2024-09-19 11:35:20.248000,422.1867149874076,1003
2024-09-19 11:35:20.277000,422.16748444349673,8
2024-09-19 11:35:20.282000,422.1560476802923,95
2024-09-19 11:35:20.311000,422.1526761582578,10
2024-09-19 11:35:20.358000,422.2060386566599,998
2024-09-19 11:35:20.373000,422.1706894262704,998
2024-09-19 11:35:20.442000,422.17804921422567,99
2024-09-19 11:35:20.449000,422.2119440544266,100
2024-09-19 11:35:20.464000,422.1745257053848,98
2024-09-19 11:35:20.469000,422.1914635489623,12
2024-09-19 11:35:20.505000,422.16735786532496,6
2024-09-19 11:35:20.568000,422.14812030537297,6
2024-09-19 11:35:20.599000,422.1336938766479,1004
2024-09-19 11:35:20.628000,422.1747703286092,1004
2024-09-19 11:35:20.673000,422.184067877932,10
2024-09-19 11:35:20.693000,422.152756112661,996
2024-09-19 11:35:20.712000,422.1808105040287,102
2024-09-19 11:35:20.829000,422.1618008474993,1000
2024-09-19 11:35:20.859000,422.1496717385232,101
2024-09-19 11:35:20.868000,422.1703322829053,1000
2024-09-19 11:35:20.917000,422.2111778064772,1003
2024-09-19 11:35:20.989000,422.1888030480925,12
2024-09-19 11:35:21.030000,422.1579207776708,1004
2024-09-19 11:35:21.063000,422.1812589501325,5
2024-09-19 11:35:21.356000,422.1588882729265,11
2024-09-19 11:35:21.438000,422.1661032347522,14
2024-09-19 11:35:21.440000,422.14543859472167,998
2024-09-19 11:35:21.638000,422.1623163871052,7
2024-09-19 11:35:21.678000,422.16779308717554,1004
2024-09-19 11:35:21.828000,422.1719128174698,9
2024-09-19 11:35:21.839000,422.1663962437563,995
2024-09-19 11:35:21.946000,422.1729183875572,1002
2024-09-19 11:35:22.013000,422.1810870564301,7
2024-09-19 11:35:22.028000,422.16245988120784,15
2024-09-19 11:35:22.082000,422.1339280340844,1004
2024-09-19 11:35:22.092000,422.15240723530087,101
2024-09-19 11:35:22.195000,422.1606530177585,1000
2024-09-19 11:35:22.305000,422.1380781862913,998
2024-09-19 11:35:22.309000,422.1453023262373,10
2024-09-19 11:35:22.315000,422.15884152793313,99
2024-09-19 11:35:22.414000,422.149249894484,104
2024-09-19 11:35:22.494000,422.1564111941656,99
2024-09-19 11:35:22.552000,422.1519880319965,95
2024-09-19 11:35:22.553000,422.1508873306906,96
2024-09-19 11:35:22.572000,422.1441745328702,100
2024-09-19 11:35:22.581000,422.1729337327343,101
2024-09-19 11:35:22.611000,422.18925207245934,1005
2024-09-19 11:35:22.649000,422.146653442585,11
2024-09-19 11:35:22.728000,422.182585010204,101
2024-09-19 11:35:22.758000,422.1527427067173,96
2024-09-19 11:35:22.804000,422.1397168126923,96
2024-09-19 11:35:22.840000,422.15687782107466,1001
2024-09-19 11:35:22.881000,422.1603752188816,103
2024-09-19 11:35:22.964000,422.1357039090329,1002
2024-09-19 11:35:24.026000,422.16805012152463,14
2024-09-19 11:35:24.060000,422.208690040463,9
2024-09-19 11:35:24.138000,422.2006039990318,995
2024-09-19 11:35:24.140000,422.18076828025306,1004
2024-09-19 11:35:24.226000,422.167613443286,14
2024-09-19 11:35:24.248000,422.1824328965145,97
2024-09-19 11:35:24.360000,422.2211458156751,104
2024-09-19 11:35:24.374000,422.1676982539318,5
2024-09-19 11:35:24.387000,422.2136233175423,5
2024-09-19 11:35:24.572000,422.2031554950045,96
2024-09-19 11:35:24.584000,422.1893173192258,12
2024-09-19 11:35:24.658000,422.18029268378297,1004
2024-09-19 11:35:24.665000,422.1817944375757,9
2024-09-19 11:35:24.675000,422.2027744453582,102
2024-09-19 11:35:24.720000,422.2037635088408,98
2024-09-19 11:35:24.770000,422.2252363666124,103
2024-09-19 11:35:24.790000,422.1735398315034,999
2024-09-19 11:35:24.806000,422.2166324253821,1003
2024-09-19 11:35:24.826000,422.1972138702652,15
2024-09-19 11:35:24.844000,422.1707335867736,98
2024-09-19 11:35:24.877000,422.21067882942833,99
2024-09-19 11:35:24.920000,422.2094903228376,7
2024-09-19 11:35:24.955000,422.1904368054268,998
2024-09-19 11:35:25.073000,422.1446542677754,8
2024-09-19 11:35:25.172000,422.145058199729,1000
2024-09-19 11:35:25.177000,422.1433460424092,995
2024-09-19 11:35:25.265000,422.1769724229961,1002
2024-09-19 11:35:25.316000,422.1672706980165,9
2024-09-19 11:35:25.385000,422.1350686535436,1005
2024-09-19 11:35:25.393000,422.184294122517,5
2024-09-19 11:35:25.403000,422.14123025489687,1001
2024-09-19 11:35:25.435000,422.1472482830577,102
2024-09-19 11:35:25.454000,422.1690183067865,5
2024-09-19 11:35:25.476000,422.1339994377928,995
2024-09-19 11:35:25.497000,422.1533638091139,98
2024-09-19 11:35:25.513000,422.1590280278383,15
2024-09-19 11:35:25.557000,422.15920591629225,1000
2024-09-19 11:35:25.566000,422.1677370480835,98
2024-09-19 11:35:25.626000,422.13809304570094,999
2024-09-19 11:35:25.718000,422.19122022383306,104
2024-09-19 11:35:25.747000,422.1559870933239,1001
2024-09-19 11:35:25.835000,422.1481248635753,1000
2024-09-19 11:35:25.865000,422.1704405644562,104
2024-09-19 11:35:25.928000,422.1681324877304,101
2024-09-19 11:35:25.978000,422.1540993425666,998
2024-09-19 11:35:26.053000,422.15260438043697,13
2024-09-19 11:35:26.323000,422.1437992017591,5
2024-09-19 11:35:27.013000,422.1649029530282,8
2024-09-19 11:35:27.056000,422.1157735947561,104
2024-09-19 11:35:27.084000,422.1349129005149,95
2024-09-19 11:35:27.087000,422.1137296817738,7
2024-09-19 11:35:27.236000,422.0973774856085,6
2024-09-19 11:35:27.314000,422.15300050257576,11
2024-09-19 11:35:27.368000,422.1648696480385,101
2024-09-19 11:35:27.387000,422.0981234619167,95
2024-09-19 11:35:27.448000,422.1007270478448,1003
2024-09-19 11:35:27.487000,422.09535831391634,15
2024-09-19 11:35:27.578000,422.1331952773689,14
2024-09-19 11:35:27.673000,422.1223652986737,8
2024-09-19 11:35:27.710000,422.13461160152497,103
2024-09-19 11:35:27.831000,422.18046144856527,12
2024-09-19 11:35:27.848000,422.1391100111456,101
2024-09-19 11:35:27.922000,422.15903296797217,13
2024-09-19 11:35:27.925000,422.116919539336,995
2024-09-19 11:35:28.004000,422.0529511683904,1001
2024-09-19 11:35:28.036000,422.0413590398797,1003
2024-09-19 11:35:28.061000,422.0367072916709,9
2024-09-19 11:35:28.065000,422.05580671750135,7
2024-09-19 11:35:28.349000,422.04267161208895,15
2024-09-19 11:35:28.404000,422.0516274462586,8
2024-09-19 11:35:28.445000,422.0601902457119,1003
2024-09-19 11:35:28.511000,422.0612484229327,1004
2024-09-19 11:35:28.513000,422.0645931465143,8
2024-09-19 11:35:28.544000,422.0493888529098,5
2024-09-19 11:35:28.566000,422.0230881116561,5
2024-09-19 11:35:28.633000,422.06675609230354,15
2024-09-19 11:35:28.657000,422.0336125695357,1003
2024-09-19 11:35:28.788000,422.02759311916526,100
2024-09-19 11:35:28.844000,422.0889381238554,1001
2024-09-19 11:35:28.893000,422.0457867444578,97
2024-09-19 11:35:28.938000,422.0556551406529,1003
2024-09-19 11:35:28.941000,422.05783072801023,100
2024-09-19 11:35:28.992000,422.0318728844207,998
2024-09-19 11:35:28.997000,422.0336296439279,998
2024-09-19 11:35:29.008000,422.0494894763367,101
2024-09-19 11:35:29.269000,422.04568093336025,97
2024-09-19 11:35:29.866000,422.0541995730731,1002
2024-09-19 11:35:30.025000,421.8914499562178,7
2024-09-19 11:35:30.060000,422.0055625254408,995
2024-09-19 11:35:30.157000,421.8792337090687,998
2024-09-19 11:35:30.281000,422.0398923622309,13
2024-09-19 11:35:30.350000,422.01801488205103,96
2024-09-19 11:35:30.360000,421.8755010266517,95
2024-09-19 11:35:30.420000,422.0038469212882,11
2024-09-19 11:35:30.488000,421.9715019302163,13
2024-09-19 11:35:30.494000,421.8725731888737,105
2024-09-19 11:35:30.509000,422.0320681843032,999
2024-09-19 11:35:30.527000,421.8771640054081,1004
2024-09-19 11:35:30.528000,421.95798518167777,1002
2024-09-19 11:35:30.651000,421.9159533703531,9
2024-09-19 11:35:30.668000,422.0353835761093,1002
2024-09-19 11:35:30.668000,422.0163636932349,1005
2024-09-19 11:35:30.701000,421.91562551408873,999
2024-09-19 11:35:30.722000,421.8955712072098,15
2024-09-19 11:35:30.732000,421.8675400533584,12
2024-09-19 11:35:30.759000,421.86874320117687,995
2024-09-19 11:35:30.762000,421.8733287192942,6
2024-09-19 11:35:30.786000,421.8532785694092,14
2024-09-19 11:35:30.797000,421.8568349911763,15
2024-09-19 11:35:30.809000,421.95469082079177,12
2024-09-19 11:35:30.860000,421.9919762886083,96
2024-09-19 11:35:30.881000,421.9229927470212,1002
2024-09-19 11:35:30.951000,421.9074414276622,15
2024-09-19 11:35:30.956000,421.8826694690207,97
2024-09-19 11:35:30.992000,421.8621077680184,8
2024-09-19 11:35:31.045000,421.98704238441775,1002
2024-09-19 11:35:31.062000,421.98679609272,1003
2024-09-19 11:35:31.136000,421.9343416115424,11
2024-09-19 11:35:31.214000,421.9732635635354,1002
2024-09-19 11:35:31.462000,421.9875720804458,97
2024-09-19 11:35:31.554000,421.9904925466976,999
2024-09-19 11:35:31.694000,421.9350170685906,12
2024-09-19 11:35:31.921000,421.956066875902,98
2024-09-19 11:35:32.036000,421.9956517563054,5
2024-09-19 11:35:32.089000,421.9664319569342,98
2024-09-19 11:35:32.187000,421.9850037040536,1002
2024-09-19 11:35:32.265000,421.9829882893696,5
2024-09-19 11:35:32.275000,421.9972615874203,13
2024-09-19 11:35:32.277000,421.96921057057926,997
2024-09-19 11:35:32.318000,421.9392601821261,101
2024-09-19 11:35:32.372000,421.95100731717656,5
2024-09-19 11:35:32.393000,421.9693656747226,15
2024-09-19 11:35:32.499000,421.9774716306956,1003
2024-09-19 11:35:33.003000,422.0214336047999,1004
2024-09-19 11:35:33.053000,421.98906825577984,96
2024-09-19 11:35:33.072000,422.0265799283444,97
2024-09-19 11:35:33.128000,422.0086492442453,101
2024-09-19 11:35:33.194000,421.96240715184894,97
2024-09-19 11:35:33.217000,422.0064076007424,101
2024-09-19 11:35:33.241000,421.96192839077656,1001
2024-09-19 11:35:33.263000,421.9744471246114,997
2024-09-19 11:35:33.304000,421.9512658081973,998
2024-09-19 11:35:33.417000,421.989411512456,999
2024-09-19 11:35:33.589000,421.98659950049546,95
2024-09-19 11:35:33.639000,421.9949502223836,101
2024-09-19 11:35:33.808000,421.964839588542,7
2024-09-19 11:35:33.972000,421.9953086935164,105
2024-09-19 11:35:33.979000,422.00353804876505,95
2024-09-19 11:35:34.214000,422.0050504241872,103
2024-09-19 11:35:34.387000,421.98513808039655,1000
2024-09-19 11:35:34.413000,421.99755281063926,996
2024-09-19 11:35:34.445000,421.9742510290782,1005
2024-09-19 11:35:34.558000,421.9968291540808,9
2024-09-19 11:35:34.622000,421.9788907418754,97
2024-09-19 11:35:34.693000,422.01194599669583,5
2024-09-19 11:35:34.719000,421.9991630651733,1000
2024-09-19 11:35:34.900000,421.9899336262216,100
2024-09-19 11:35:34.940000,421.973642272163,999
2024-09-19 11:35:35.024000,421.9888436005771,5
2024-09-19 11:35:35.197000,422.0071472239584,997
2024-09-19 11:35:36.002000,421.9682205006219,104
2024-09-19 11:35:36.026000,421.9618184295687,995
2024-09-19 11:35:36.126000,421.9608749069224,6
2024-09-19 11:35:36.229000,421.977347503293,98
2024-09-19 11:35:36.235000,421.9860315316166,95
2024-09-19 11:35:36.329000,421.9723079307485,11
2024-09-19 11:35:36.474000,421.9928634270381,12
2024-09-19 11:35:36.505000,421.96572751574894,9
2024-09-19 11:35:36.519000,422.019339025271,7
2024-09-19 11:35:36.559000,421.9490710497011,15
2024-09-19 11:35:36.567000,421.971953553962,10
2024-09-19 11:35:36.620000,421.9308236900641,1000
2024-09-19 11:35:36.738000,421.9829309986543,99
2024-09-19 11:35:36.751000,421.9822583400104,12
2024-09-19 11:35:36.755000,421.9361914665345,101
2024-09-19 11:35:36.790000,421.940504780097,1002
2024-09-19 11:35:36.873000,421.96926612309846,9
2024-09-19 11:35:36.977000,421.9929727275498,1001
2024-09-19 11:35:37.007000,421.93888717313416,1004
2024-09-19 11:35:37.091000,421.9310562786647,999
2024-09-19 11:35:37.207000,421.9424420016281,102
2024-09-19 11:35:37.274000,421.9515604696568,14
2024-09-19 11:35:37.290000,421.92265308489726,105
2024-09-19 11:35:37.319000,421.9501267887112,995
2024-09-19 11:35:37.456000,421.93708635333377,5
2024-09-19 11:35:37.458000,421.95319023507056,997
2024-09-19 11:35:37.552000,421.9364356678653,15
2024-09-19 11:35:37.620000,421.9528156789341,1002
2024-09-19 11:35:37.651000,421.9620469519928,95
2024-09-19 11:35:37.725000,421.9276789821722,7
2024-09-19 11:35:37.790000,421.9211388274421,1005
2024-09-19 11:35:37.827000,421.91242561332,15
2024-09-19 11:35:37.847000,421.954368352408,1004
2024-09-19 11:35:37.857000,421.9663916080681,998
2024-09-19 11:35:37.896000,421.9553538961128,6
2024-09-19 11:35:37.951000,421.94779121579137,1003
2024-09-19 11:35:37.995000,421.9123099361393,7
2024-09-19 11:35:38.060000,421.9833827889445,998
2024-09-19 11:35:38.074000,421.9760437752474,9
2024-09-19 11:35:38.079000,421.9717558716706,1000
2024-09-19 11:35:38.126000,421.9579544158889,1000
2024-09-19 11:35:38.243000,421.9917373113229,5
2024-09-19 11:35:38.323000,421.9989741837909,10
2024-09-19 11:35:38.355000,421.980045103216,100
2024-09-19 11:35:38.367000,422.00756256592734,105
2024-09-19 11:35:38.388000,421.9521439074137,1000
2024-09-19 11:35:38.483000,421.9834131703832,13
2024-09-19 11:35:38.545000,421.9458816877768,995
2024-09-19 11:35:38.585000,421.9471853945364,1004
2024-09-19 11:35:38.589000,421.9642786672116,998
2024-09-19 11:35:38.649000,421.9731084889139,13
2024-09-19 11:35:38.655000,421.9561097002433,7
2024-09-19 11:35:38.656000,421.989647693645,101
2024-09-19 11:35:38.748000,421.98022876841054,103
2024-09-19 11:35:38.753000,421.99032922591886,14
2024-09-19 11:35:38.776000,421.9388366214338,999
2024-09-19 11:35:38.885000,421.968926114746,7
2024-09-19 11:35:38.911000,422.0148003136716,8
2024-09-19 11:35:39.069000,421.9765844950789,1001
2024-09-19 11:35:39.122000,421.934722612138,6
2024-09-19 11:35:39.278000,421.9725014062421,1003
2024-09-19 11:35:39.281000,421.9438796046853,102
2024-09-19 11:35:39.286000,421.9760398970352,996
2024-09-19 11:35:39.322000,421.9422395936025,12
2024-09-19 11:35:39.360000,421.9369107696742,13
2024-09-19 11:35:39.460000,421.9613234345153,14
2024-09-19 11:35:39.486000,421.98181291335214,96
2024-09-19 11:35:39.685000,421.9488073349973,95
2024-09-19 11:35:39.693000,421.9615826342032,15
2024-09-19 11:35:39.705000,421.9767408602156,1003
2024-09-19 11:35:39.705000,421.9771060495495,12
2024-09-19 11:35:39.857000,421.9581678317576,10
2024-09-19 11:35:39.911000,421.96440547423424,101
2024-09-19 11:35:39.958000,421.92675184472034,100
2024-09-19 11:35:39.983000,421.9606989169432,100
2024-09-19 11:35:39.996000,421.950933518286,104
2024-09-19 11:35:40.058000,421.932544509508,95
2024-09-19 11:35:40.062000,421.953367833473,96
2024-09-19 11:35:40.259000,421.95387239090417,5
2024-09-19 11:35:40.328000,421.9339605608072,998
2024-09-19 11:35:40.496000,421.9476505111388,15
2024-09-19 11:35:40.561000,421.9517278440291,1005
2024-09-19 11:35:40.570000,421.9374062178619,96
2024-09-19 11:35:40.608000,421.9504750087329,5
2024-09-19 11:35:40.670000,421.9651441573123,97
2024-09-19 11:35:40.879000,421.945450847125,103
2024-09-19 11:35:41.031000,421.876503201866,1004
2024-09-19 11:35:41.138000,421.8976396541696,7
2024-09-19 11:35:41.171000,421.8557775944673,105
2024-09-19 11:35:41.227000,421.82508930214016,103
2024-09-19 11:35:41.243000,421.8013226400892,105
2024-09-19 11:35:41.246000,421.8242709746012,10
2024-09-19 11:35:41.280000,421.86826912952,6
2024-09-19 11:35:41.286000,421.8271972805901,10
2024-09-19 11:35:41.338000,421.8772170544143,101
2024-09-19 11:35:41.377000,421.8055121365032,1005
2024-09-19 11:35:41.392000,421.8579769208093,103
2024-09-19 11:35:41.393000,421.902692113699,11
2024-09-19 11:35:41.400000,421.8285818389001,15
2024-09-19 11:35:41.556000,421.84743746764246,100
2024-09-19 11:35:41.563000,421.9014879252929,998
2024-09-19 11:35:41.646000,421.8858888705904,9
2024-09-19 11:35:41.706000,421.8603629958798,102
2024-09-19 11:35:41.731000,421.8636342331866,996
2024-09-19 11:35:41.733000,421.87253702910016,1004
2024-09-19 11:35:41.751000,421.812895788546,10
2024-09-19 11:35:41.763000,421.8558518869866,5
2024-09-19 11:35:41.786000,421.8899968608655,7
2024-09-19 11:35:41.910000,421.85914410567017,95
2024-09-19 11:35:41.911000,421.8454904654033,14
2024-09-19 11:35:42.014000,421.7729273772992,102
2024-09-19 11:35:42.106000,421.8582120163253,102
2024-09-19 11:35:42.193000,421.80376140769744,103
2024-09-19 11:35:42.231000,421.7686616616669,5
2024-09-19 11:35:42.270000,421.8327698780305,1002
2024-09-19 11:35:42.275000,421.7752347587564,97
2024-09-19 11:35:42.443000,421.8775913366078,998
2024-09-19 11:35:42.503000,421.8711348933693,5
2024-09-19 11:35:42.633000,421.8671860113973,995
2024-09-19 11:35:42.756000,421.7501445760655,103
2024-09-19 11:35:42.835000,421.7657772153685,8
2024-09-19 11:35:42.836000,421.7686763205945,100
2024-09-19 11:35:42.974000,421.7480670568221,14
2024-09-19 11:35:43.305000,421.7834126792813,95
2024-09-19 11:35:43.319000,421.8086842585098,14
2024-09-19 11:35:43.387000,421.7971748178357,15
2024-09-19 11:35:43.606000,421.79503766619376,9
2024-09-19 11:35:43.922000,421.7851190237793,95
2024-09-19 11:35:44.144000,421.8377618427674,1001
2024-09-19 11:35:44.240000,421.8395691140452,95
2024-09-19 11:35:44.245000,421.8599873237865,1005
2024-09-19 11:35:44.262000,421.8280697466288,7
2024-09-19 11:35:44.268000,421.8325939870039,12
2024-09-19 11:35:44.313000,421.84251254092766,996
2024-09-19 11:35:44.558000,421.8436241893583,1005
2024-09-19 11:35:44.583000,421.852733736153,997
2024-09-19 11:35:44.590000,421.840425548309,15
2024-09-19 11:35:44.606000,421.8498497018963,102
2024-09-19 11:35:44.641000,421.83721341212384,15
2024-09-19 11:35:44.775000,421.8591746714768,99
2024-09-19 11:35:44.794000,421.8233230693709,996
2024-09-19 11:35:44.811000,421.84254800924833,1003
2024-09-19 11:35:44.817000,421.8056173914465,96
2024-09-19 11:35:44.829000,421.82407590435366,997
2024-09-19 11:35:45.049000,421.849053209796,10
2024-09-19 11:35:45.203000,421.792606481943,998
2024-09-19 11:35:45.400000,421.86046782448943,13
2024-09-19 11:35:45.455000,421.8290925992882,105
2024-09-19 11:35:45.503000,421.83531859066136,10
2024-09-19 11:35:45.520000,421.88098627976336,996
2024-09-19 11:35:45.574000,421.8408420174521,101
2024-09-19 11:35:45.621000,421.8404158549809,995
2024-09-19 11:35:45.623000,421.8811195813014,995
2024-09-19 11:35:45.627000,421.8446035715781,1001
2024-09-19 11:35:45.734000,421.8401170001244,11
2024-09-19 11:35:45.770000,421.79026630218345,104
2024-09-19 11:35:45.803000,421.798337766555,8
2024-09-19 11:35:45.971000,421.8345139585352,15
2024-09-19 11:35:45.975000,421.8325715788793,995
2024-09-19 11:35:45.978000,421.81782418503474,1005
2024-09-19 11:35:46.023000,421.926974692249,7
2024-09-19 11:35:46.103000,421.9428416964879,96
2024-09-19 11:35:46.119000,421.9240419644833,102
2024-09-19 11:35:46.133000,421.9313774898788,1004
2024-09-19 11:35:46.181000,421.90186218988623,9
2024-09-19 11:35:46.197000,421.92827358789447,996
2024-09-19 11:35:46.217000,421.9227517048673,98
2024-09-19 11:35:46.340000,421.95759218208354,6
2024-09-19 11:35:46.350000,421.9335476506554,102
2024-09-19 11:35:46.360000,421.9410552852362,1005
2024-09-19 11:35:46.373000,421.9097890311384,8
2024-09-19 11:35:46.411000,421.9350033522518,1003
2024-09-19 11:35:46.421000,421.8983999623106,12
2024-09-19 11:35:46.424000,421.95466563216576,997
2024-09-19 11:35:46.445000,421.93888444122297,102
2024-09-19 11:35:46.463000,421.8904344776028,5
2024-09-19 11:35:46.527000,421.9517025198991,102
2024-09-19 11:35:46.580000,421.914895086084,13
2024-09-19 11:35:46.594000,421.9215295737911,995
2024-09-19 11:35:46.602000,421.910460801304,999
2024-09-19 11:35:46.636000,421.9327864246594,96
2024-09-19 11:35:46.712000,421.93951754657854,12
2024-09-19 11:35:46.721000,421.9675834265755,1001
2024-09-19 11:35:46.842000,421.901771902965,5
2024-09-19 11:35:46.852000,421.96213005371885,104
2024-09-19 11:35:46.877000,421.9560618020041,13
2024-09-19 11:35:47.001000,421.8928728050748,101
2024-09-19 11:35:47.041000,421.90791320346153,10
2024-09-19 11:35:47.062000,421.9361505289428,103
2024-09-19 11:35:47.091000,421.9453034873473,999
2024-09-19 11:35:47.102000,421.9492946872328,103
2024-09-19 11:35:47.104000,421.9004023993289,97
2024-09-19 11:35:47.105000,421.8915434076358,999
2024-09-19 11:35:47.123000,421.94210112257207,1005
2024-09-19 11:35:47.255000,421.8744656795028,10
2024-09-19 11:35:47.257000,421.9389444484322,1001
2024-09-19 11:35:47.261000,421.9480169657044,101
2024-09-19 11:35:47.272000,421.9059351001697,997
2024-09-19 11:35:47.289000,421.9407605998563,1000
2024-09-19 11:35:47.298000,421.95697247060167,997
2024-09-19 11:35:47.308000,421.9466677736045,7
2024-09-19 11:35:47.352000,421.9492166821077,103
2024-09-19 11:35:47.358000,421.9427225910688,10
2024-09-19 11:35:47.404000,421.91763190517406,96
2024-09-19 11:35:47.451000,421.88652373849607,11
2024-09-19 11:35:47.726000,421.898773939481,13
2024-09-19 11:35:47.749000,421.9597494993436,14
2024-09-19 11:35:47.758000,421.9228833733576,101
2024-09-19 11:35:47.759000,421.8913399689306,999
2024-09-19 11:35:47.765000,421.9243341377872,15
2024-09-19 11:35:47.776000,421.88878825558487,95
2024-09-19 11:35:47.820000,421.93975876841125,10
2024-09-19 11:35:47.834000,421.914302409112,7
2024-09-19 11:35:47.920000,421.92848159870334,9
2024-09-19 11:35:47.951000,421.9389890532105,995
2024-09-19 11:35:48.018000,421.903032258413,1003
2024-09-19 11:35:48.025000,421.9034012047843,100
2024-09-19 11:35:48.055000,421.9139484291128,95
2024-09-19 11:35:48.095000,421.92482517835975,104
2024-09-19 11:35:48.113000,421.9241684035437,104
2024-09-19 11:35:48.248000,421.92055494648287,1004
2024-09-19 11:35:48.368000,421.90293949415775,10
2024-09-19 11:35:48.411000,421.9199389805999,5
2024-09-19 11:35:48.503000,421.9170237276653,13
2024-09-19 11:35:48.772000,421.93385568395655,105
2024-09-19 11:35:48.840000,421.9248296603119,1004
2024-09-19 11:35:48.868000,421.9247151399743,10
2024-09-19 11:35:48.901000,421.9258287938205,8
2024-09-19 11:35:48.986000,421.9181241320879,96
2024-09-19 11:35:49.039000,421.9527436017016,102
2024-09-19 11:35:49.133000,421.89315296175215,99
2024-09-19 11:35:49.181000,421.9018746333594,1000
2024-09-19 11:35:49.195000,421.9496858378177,6
2024-09-19 11:35:49.220000,421.93187865353855,1000
2024-09-19 11:35:49.241000,421.90951345399714,98
2024-09-19 11:35:49.266000,421.87529058999365,102
2024-09-19 11:35:49.291000,421.9151277101616,9
2024-09-19 11:35:49.297000,421.9093917751681,1001
2024-09-19 11:35:49.354000,421.9310044697965,99
2024-09-19 11:35:49.377000,421.8810640448627,1002
2024-09-19 11:35:49.382000,421.8773504400106,103
2024-09-19 11:35:49.482000,421.9362706526858,8
2024-09-19 11:35:49.556000,421.887269420821,12
2024-09-19 11:35:49.582000,421.9812425283511,101
2024-09-19 11:35:49.607000,421.9195952573333,10
2024-09-19 11:35:49.639000,421.8863061741499,98
2024-09-19 11:35:49.673000,421.8857863519714,998
2024-09-19 11:35:49.720000,421.9428171286509,1002
2024-09-19 11:35:49.755000,421.87636907672254,10
2024-09-19 11:35:49.789000,421.9453536398473,14
2024-09-19 11:35:49.796000,421.97001105785495,1004
2024-09-19 11:35:49.807000,421.9043181905933,1001
2024-09-19 11:35:49.882000,421.9009926015285,1004
2024-09-19 11:35:49.911000,421.8776558724614,103
2024-09-19 11:35:49.925000,421.9404627221985,996
2024-09-19 11:35:49.926000,421.88084545066414,12
2024-09-19 11:35:50.034000,421.865881364597,1001
2024-09-19 11:35:50.046000,421.8755016068092,8
2024-09-19 11:35:50.627000,421.86830830925817,102
2024-09-19 11:35:50.660000,421.856809908541,11
2024-09-19 11:35:50.696000,421.8681913137772,6
2024-09-19 11:35:50.758000,421.86550499448987,10
2024-09-19 11:35:50.769000,421.8511594768747,1003
2024-09-19 11:35:50.902000,421.87006152941655,1000
2024-09-19 11:35:50.937000,421.8735395171543,1003
2024-09-19 11:35:50.994000,421.86975523806007,996
2024-09-19 11:35:51.004000,421.81183988637787,13
2024-09-19 11:35:51.085000,421.8219895915492,995
2024-09-19 11:35:51.171000,421.8688310672383,995
2024-09-19 11:35:51.243000,421.8679551940312,97
2024-09-19 11:35:51.245000,421.86996366323,12
2024-09-19 11:35:51.273000,421.8681307355428,7
2024-09-19 11:35:51.278000,421.8083236419587,1005
2024-09-19 11:35:51.386000,421.8520204959892,11
2024-09-19 11:35:51.423000,421.8640028598056,102
2024-09-19 11:35:51.505000,421.86888335179833,14
2024-09-19 11:35:51.526000,421.8631642522397,95
2024-09-19 11:35:51.643000,421.8407137595842,1000
2024-09-19 11:35:51.770000,421.8544848655999,14
2024-09-19 11:35:51.786000,421.8484381811672,13
2024-09-19 11:35:51.824000,421.8443526512876,97
2024-09-19 11:35:51.859000,421.8297326741319,14
2024-09-19 11:35:51.981000,421.8663654456963,1004
2024-09-19 11:35:52.440000,421.7808001962924,1004
2024-09-19 11:35:52.499000,421.7853508996536,1002
2024-09-19 11:35:52.555000,421.765699120841,95
2024-09-19 11:35:53.086000,421.7117993925985,1001
2024-09-19 11:35:53.233000,421.7337111693845,12
2024-09-19 11:35:53.256000,421.7417930535196,1003
2024-09-19 11:35:53.331000,421.7525203331584,997
2024-09-19 11:35:53.333000,421.7092147156759,12
2024-09-19 11:35:53.387000,421.7798037457364,997
2024-09-19 11:35:53.405000,421.78320763740976,999
2024-09-19 11:35:53.411000,421.7921377652185,1005
2024-09-19 11:35:53.429000,421.6995594239737,104
2024-09-19 11:35:53.481000,421.70909931921193,1004
2024-09-19 11:35:53.498000,421.7334880905434,96
2024-09-19 11:35:53.506000,421.731764645048,99
2024-09-19 11:35:53.530000,421.7726500529437,15
2024-09-19 11:35:53.537000,421.72827788323866,998
2024-09-19 11:35:53.556000,421.7395966881019,11
2024-09-19 11:35:53.603000,421.715472191808,102
2024-09-19 11:35:53.626000,421.74323154016975,997
2024-09-19 11:35:53.630000,421.7217639907621,7
2024-09-19 11:35:53.643000,421.710310619553,11
2024-09-19 11:35:53.772000,421.7354921259533,9
2024-09-19 11:35:53.796000,421.744507173333,15
2024-09-19 11:35:53.839000,421.70916309961177,14
2024-09-19 11:35:53.912000,421.7498020949624,103
2024-09-19 11:35:53.937000,421.75986048549424,995
2024-09-19 11:35:53.946000,421.7398091128918,995
2024-09-19 11:35:54.057000,421.7789096232355,5
2024-09-19 11:35:54.088000,421.73260978247424,12
2024-09-19 11:35:54.112000,421.7889845872864,1003
2024-09-19 11:35:54.124000,421.72042467956766,97
2024-09-19 11:35:54.164000,421.7508010237989,5
2024-09-19 11:35:54.197000,421.7403294998247,103
2024-09-19 11:35:54.256000,421.728130013545,1001
2024-09-19 11:35:54.275000,421.7152693952988,95
2024-09-19 11:35:54.340000,421.7344717750372,13
2024-09-19 11:35:54.345000,421.7093432216054,14
2024-09-19 11:35:54.451000,421.7505059580613,1004
2024-09-19 11:35:54.476000,421.7276741812937,10
2024-09-19 11:35:54.680000,421.7705910529793,11
2024-09-19 11:35:54.697000,421.707589108641,1000
2024-09-19 11:35:54.758000,421.7762532623042,12
2024-09-19 11:35:54.781000,421.72218188594377,15
2024-09-19 11:35:54.973000,421.7586113844107,996
2024-09-19 11:35:55.366000,421.7418565870075,1004
2024-09-19 11:35:55.515000,421.709912551889,999
2024-09-19 11:35:56.044000,421.7776389205128,13
2024-09-19 11:35:56.107000,421.76075266342656,14
2024-09-19 11:35:56.212000,421.7754527675193,1003
2024-09-19 11:35:56.530000,421.76331152609913,98
2024-09-19 11:35:56.565000,421.7820709075474,995
2024-09-19 11:35:56.770000,421.77095410334,105
2024-09-19 11:35:56.803000,421.7540856294129,102
2024-09-19 11:35:56.835000,421.7560458849746,15
2024-09-19 11:35:56.839000,421.7818873581229,996
2024-09-19 11:35:56.913000,421.7468552229345,13
2024-09-19 11:35:57.165000,421.8297658950794,102
2024-09-19 11:35:57.171000,421.8145466169949,999
2024-09-19 11:35:57.505000,421.7996130676111,997
2024-09-19 11:35:58.016000,421.84627424511007,996
2024-09-19 11:35:58.059000,421.81813404462326,1002
2024-09-19 11:35:58.073000,421.8304114184167,15
2024-09-19 11:35:58.091000,421.8314262608093,999
2024-09-19 11:35:58.117000,421.8647542758301,15
2024-09-19 11:35:58.263000,421.8333692008705,105
2024-09-19 11:35:58.265000,421.86471164765607,997
2024-09-19 11:35:58.283000,421.8330892340528,1003
2024-09-19 11:35:58.353000,421.82430059595936,5
2024-09-19 11:35:58.357000,421.8358104090214,7
2024-09-19 11:35:58.357000,421.8560838141744,999
2024-09-19 11:35:58.391000,421.8290660409066,995
2024-09-19 11:35:58.418000,421.8438124833791,7
2024-09-19 11:35:58.494000,421.8290703701886,101
2024-09-19 11:35:58.525000,421.86294069606896,7
2024-09-19 11:35:58.531000,421.8606223652653,99
2024-09-19 11:35:58.602000,421.8846660267836,101
2024-09-19 11:35:58.729000,421.86488949610526,5
2024-09-19 11:35:58.779000,421.8276003162132,14
2024-09-19 11:35:58.948000,421.88088974097735,97
2024-09-19 11:35:58.955000,421.81275925572896,104
2024-09-19 11:35:58.987000,421.8577659862916,1004
2024-09-19 11:35:59.420000,421.8509457528652,14
2024-09-19 11:35:59.442000,421.8628072179524,101
2024-09-19 11:35:59.534000,421.8649773828435,5
2024-09-19 11:35:59.610000,421.8486238360031,104
2024-09-19 11:35:59.618000,421.8601212589445,995
2024-09-19 11:35:59.685000,421.8671329479097,15
2024-09-19 11:35:59.797000,421.8753557192185,1002
2024-09-19 11:35:59.878000,421.8703821792493,999
2024-09-19 11:35:59.903000,421.856481532892,95
2024-09-19 11:35:59.916000,421.8498010639702,98
2024-09-19 11:35:59.957000,421.8608870388796,97
