Timestamp,Price,Size
2024-09-20 11:50:00.103000,428.5643549410154,1004
2024-09-20 11:50:00.187000,428.57432330571226,1004
2024-09-20 11:50:00.301000,428.50692058402535,13
2024-09-20 11:50:00.309000,428.58274537260434,1002
2024-09-20 11:50:00.346000,428.54208045111255,97
2024-09-20 11:50:00.404000,428.5466788474706,995
2024-09-20 11:50:00.471000,428.5623456704845,96
2024-09-20 11:50:00.478000,428.52297077795606,6
2024-09-20 11:50:00.545000,428.5520169410366,11
2024-09-20 11:50:00.545000,428.54420724655375,999
2024-09-20 11:50:00.670000,428.53349763833495,98
2024-09-20 11:50:00.691000,428.54671576328445,97
2024-09-20 11:50:00.987000,428.6153861502643,997
2024-09-20 11:50:00.995000,428.5828025969591,8
2024-09-20 11:50:01.062000,428.518146805621,100
2024-09-20 11:50:01.191000,428.5209400846167,101
2024-09-20 11:50:01.200000,428.5193968726565,13
2024-09-20 11:50:01.560000,428.5194988959744,997
2024-09-20 11:50:01.568000,428.528592257038,995
2024-09-20 11:50:01.623000,428.51526927389966,97
2024-09-20 11:50:01.813000,428.5199566186826,13
2024-09-20 11:50:01.863000,428.51810214935966,101
2024-09-20 11:50:01.888000,428.5085783646222,7
2024-09-20 11:50:02.010000,428.4442787767623,6
2024-09-20 11:50:02.204000,428.4989510773359,1005
2024-09-20 11:50:02.251000,428.4599988187342,995
2024-09-20 11:50:02.308000,428.47343369006944,103
2024-09-20 11:50:02.473000,428.4751165451607,1005
2024-09-20 11:50:02.697000,428.47937082915416,102
2024-09-20 11:50:02.738000,428.4207750970557,14
2024-09-20 11:50:02.902000,428.46708546946417,1000
2024-09-20 11:50:03.029000,428.4358197853231,103
2024-09-20 11:50:03.035000,428.44680591271634,100
2024-09-20 11:50:03.080000,428.4432152383426,1002
2024-09-20 11:50:03.143000,428.4536739113901,997
2024-09-20 11:50:03.180000,428.4357171159629,96
2024-09-20 11:50:03.352000,428.4390660324323,101
2024-09-20 11:50:03.371000,428.44814294508194,105
2024-09-20 11:50:03.419000,428.4526997245461,995
2024-09-20 11:50:03.580000,428.43511419885465,8
2024-09-20 11:50:03.655000,428.4521104904704,1003
2024-09-20 11:50:03.717000,428.45087516741984,11
2024-09-20 11:50:03.736000,428.4447074955497,14
2024-09-20 11:50:03.816000,428.4339447544037,10
2024-09-20 11:50:03.816000,428.4634956953468,998
2024-09-20 11:50:03.833000,428.45564384296136,997
2024-09-20 11:50:03.884000,428.445191557178,97
2024-09-20 11:50:03.946000,428.4189324885509,102
2024-09-20 11:50:03.953000,428.4330267099093,6
2024-09-20 11:50:03.963000,428.4469393458096,1005
2024-09-20 11:50:04.025000,428.444065531882,11
2024-09-20 11:50:04.031000,428.4429910863951,100
2024-09-20 11:50:04.077000,428.4425076181755,14
2024-09-20 11:50:04.077000,428.4362250180671,5
2024-09-20 11:50:04.147000,428.40983207827486,13
2024-09-20 11:50:04.197000,428.4358273059574,10
2024-09-20 11:50:04.208000,428.46017820941705,1004
2024-09-20 11:50:04.334000,428.4560654951807,7
2024-09-20 11:50:04.470000,428.4461021203082,104
2024-09-20 11:50:04.471000,428.4626724664822,5
2024-09-20 11:50:04.509000,428.4544583593216,104
2024-09-20 11:50:04.714000,428.445291340213,9
2024-09-20 11:50:04.854000,428.4425599367829,996
2024-09-20 11:50:04.917000,428.4283648545817,1000
2024-09-20 11:50:04.954000,428.44657282319866,1000
2024-09-20 11:50:05.018000,428.5291800333508,10
2024-09-20 11:50:05.080000,428.51919176499246,96
2024-09-20 11:50:05.088000,428.5299688382344,998
2024-09-20 11:50:05.106000,428.526996668187,10
2024-09-20 11:50:05.248000,428.485636940393,997
2024-09-20 11:50:05.264000,428.5074175182865,99
2024-09-20 11:50:05.368000,428.4972478211576,98
2024-09-20 11:50:05.371000,428.5105881929693,104
2024-09-20 11:50:05.436000,428.5028554919119,101
2024-09-20 11:50:05.463000,428.4981032827481,97
2024-09-20 11:50:05.466000,428.4991591665397,95
2024-09-20 11:50:05.477000,428.49353697127736,995
2024-09-20 11:50:05.478000,428.5177752398888,999
2024-09-20 11:50:05.482000,428.506201266759,13
2024-09-20 11:50:05.554000,428.5029935830434,15
2024-09-20 11:50:05.565000,428.4645627679352,9
2024-09-20 11:50:05.711000,428.5130671287083,13
2024-09-20 11:50:05.770000,428.5523806831768,5
2024-09-20 11:50:05.807000,428.5106051734918,7
2024-09-20 11:50:05.876000,428.5343528985208,1003
2024-09-20 11:50:05.876000,428.5259843741704,995
2024-09-20 11:50:05.888000,428.4866369786091,1000
2024-09-20 11:50:05.894000,428.52181473426725,9
2024-09-20 11:50:05.898000,428.5105224194244,103
2024-09-20 11:50:05.950000,428.50610191098025,7
2024-09-20 11:50:05.963000,428.54502942876417,11
2024-09-20 11:50:06.008000,428.47392304743954,997
2024-09-20 11:50:06.048000,428.4738989483243,6
2024-09-20 11:50:06.128000,428.511473351778,9
2024-09-20 11:50:06.215000,428.4702525658613,101
2024-09-20 11:50:06.295000,428.5084389671822,97
2024-09-20 11:50:06.326000,428.4854103317271,5
2024-09-20 11:50:06.427000,428.4680114540207,11
2024-09-20 11:50:06.429000,428.52124304092433,8
2024-09-20 11:50:06.452000,428.446278824605,103
2024-09-20 11:50:06.546000,428.4514683205106,1001
2024-09-20 11:50:06.606000,428.5330575228167,15
2024-09-20 11:50:06.682000,428.5101187392724,999
2024-09-20 11:50:06.784000,428.4996609013864,6
2024-09-20 11:50:06.827000,428.51102614292057,1000
2024-09-20 11:50:06.847000,428.5155078576783,9
2024-09-20 11:50:06.855000,428.4445621124104,9
2024-09-20 11:50:06.866000,428.4673760851925,10
2024-09-20 11:50:06.918000,428.4463998255554,95
2024-09-20 11:50:07.443000,428.4236249888811,1003
2024-09-20 11:50:07.945000,428.4344753614199,102
2024-09-20 11:50:07.951000,428.43711641173246,996
2024-09-20 11:50:08.058000,428.445899645616,96
2024-09-20 11:50:08.358000,428.4426804493477,12
2024-09-20 11:50:08.372000,428.4597145968168,95
2024-09-20 11:50:08.380000,428.4533998583232,996
2024-09-20 11:50:08.632000,428.4800089175101,96
2024-09-20 11:50:08.725000,428.4464993730261,1000
2024-09-20 11:50:08.817000,428.4399441975329,7
2024-09-20 11:50:08.983000,428.4532151836629,1000
2024-09-20 11:50:08.984000,428.46141708205664,13
2024-09-20 11:50:09.025000,428.4829365473572,10
2024-09-20 11:50:09.313000,428.4606266068204,101
2024-09-20 11:50:09.399000,428.4466695452692,5
2024-09-20 11:50:09.497000,428.45545402358863,997
2024-09-20 11:50:09.655000,428.4558938203021,95
2024-09-20 11:50:09.749000,428.4454772758684,995
2024-09-20 11:50:09.869000,428.4640136354119,998
2024-09-20 11:50:09.896000,428.4791376974633,999
2024-09-20 11:50:10.073000,428.5002303592539,999
2024-09-20 11:50:10.168000,428.4774756167192,104
2024-09-20 11:50:10.421000,428.4684726593821,1002
2024-09-20 11:50:10.472000,428.4787476765917,1004
2024-09-20 11:50:10.770000,428.4995418835092,996
2024-09-20 11:50:10.771000,428.48010545896136,95
2024-09-20 11:50:10.922000,428.49662253479823,102
2024-09-20 11:50:12.239000,428.50326233345857,6
2024-09-20 11:50:12.959000,428.4987279342446,12
2024-09-20 11:50:13.032000,428.49428260344166,104
2024-09-20 11:50:13.074000,428.4723212499383,997
2024-09-20 11:50:13.076000,428.486770021648,14
2024-09-20 11:50:13.091000,428.5276819420258,104
2024-09-20 11:50:13.093000,428.4665587034712,1002
2024-09-20 11:50:13.142000,428.4794417813639,9
2024-09-20 11:50:13.348000,428.48031568019417,1004
2024-09-20 11:50:13.375000,428.4674269959109,6
2024-09-20 11:50:13.404000,428.4909807013511,11
2024-09-20 11:50:13.415000,428.5130990154461,11
2024-09-20 11:50:13.720000,428.52321479278055,998
2024-09-20 11:50:13.744000,428.4760609191089,1004
2024-09-20 11:50:13.749000,428.45696358138497,1000
2024-09-20 11:50:13.754000,428.492360842635,12
2024-09-20 11:50:13.758000,428.5230732627693,15
2024-09-20 11:50:13.768000,428.4715982100163,5
2024-09-20 11:50:13.828000,428.4685527777757,9
2024-09-20 11:50:13.870000,428.53276890054167,100
2024-09-20 11:50:13.871000,428.4950042338467,97
2024-09-20 11:50:13.929000,428.4832797104015,7
2024-09-20 11:50:13.980000,428.50329983430566,103
2024-09-20 11:50:14.182000,428.5061410731457,13
2024-09-20 11:50:14.224000,428.5252216266095,5
2024-09-20 11:50:14.311000,428.4887301215216,7
2024-09-20 11:50:14.416000,428.4837553328741,1002
2024-09-20 11:50:14.474000,428.489868457687,8
2024-09-20 11:50:14.530000,428.4908730681146,1002
2024-09-20 11:50:14.548000,428.4940986134204,102
2024-09-20 11:50:14.559000,428.5069014094121,12
2024-09-20 11:50:14.843000,428.52761714987,13
2024-09-20 11:50:14.861000,428.5325301105877,1001
2024-09-20 11:50:14.869000,428.4982239558271,999
2024-09-20 11:50:15.049000,428.5108422684891,95
2024-09-20 11:50:15.118000,428.54098707508126,104
2024-09-20 11:50:15.526000,428.4935176284703,95
2024-09-20 11:50:15.552000,428.5295684815212,14
2024-09-20 11:50:15.624000,428.5512678264627,11
2024-09-20 11:50:15.657000,428.5226039265181,1005
2024-09-20 11:50:16.071000,428.487474278076,96
2024-09-20 11:50:16.136000,428.5052289209282,1002
2024-09-20 11:50:16.256000,428.4841080314361,99
2024-09-20 11:50:16.299000,428.4821036604023,13
2024-09-20 11:50:16.362000,428.4738673140386,996
2024-09-20 11:50:16.377000,428.4629964113327,96
2024-09-20 11:50:16.395000,428.55127995387306,1004
2024-09-20 11:50:16.396000,428.5413219517957,8
2024-09-20 11:50:16.441000,428.481070386188,999
2024-09-20 11:50:16.504000,428.4456592025301,98
2024-09-20 11:50:16.519000,428.4944395877498,100
2024-09-20 11:50:16.539000,428.5082642867685,95
2024-09-20 11:50:16.599000,428.441682118193,1001
2024-09-20 11:50:16.718000,428.4770117690617,10
2024-09-20 11:50:16.815000,428.4460267741907,98
2024-09-20 11:50:16.816000,428.5165129629159,103
2024-09-20 11:50:16.825000,428.4734405368121,998
2024-09-20 11:50:16.839000,428.4709794804141,997
2024-09-20 11:50:16.898000,428.4976798639712,1003
2024-09-20 11:50:16.917000,428.52926820193454,95
2024-09-20 11:50:16.970000,428.4775986760968,8
2024-09-20 11:50:17.026000,428.4157475231556,101
2024-09-20 11:50:17.030000,428.4894888463592,1004
2024-09-20 11:50:17.149000,428.5140552887141,5
2024-09-20 11:50:17.237000,428.4459254110808,101
2024-09-20 11:50:17.254000,428.5130217038363,15
2024-09-20 11:50:17.290000,428.5031962137693,997
2024-09-20 11:50:17.319000,428.48115539068704,1003
2024-09-20 11:50:17.323000,428.503449062928,6
2024-09-20 11:50:17.348000,428.5032800889441,100
2024-09-20 11:50:17.388000,428.440002722224,98
2024-09-20 11:50:17.463000,428.50190201500016,98
2024-09-20 11:50:17.533000,428.4870819146652,98
2024-09-20 11:50:17.556000,428.42432918585257,97
2024-09-20 11:50:17.578000,428.4250709915751,996
2024-09-20 11:50:17.608000,428.4514425672055,1003
2024-09-20 11:50:17.664000,428.4629389232717,998
2024-09-20 11:50:17.741000,428.44065486506025,14
2024-09-20 11:50:17.745000,428.457401699114,102
2024-09-20 11:50:17.755000,428.4889596943159,1000
2024-09-20 11:50:17.765000,428.4343229004782,1004
2024-09-20 11:50:17.802000,428.4591908061288,96
2024-09-20 11:50:19.080000,428.5013151040954,1000
2024-09-20 11:50:19.100000,428.4907187466903,1005
2024-09-20 11:50:19.131000,428.5049136743674,1001
2024-09-20 11:50:19.157000,428.4987636220709,95
2024-09-20 11:50:19.166000,428.5004103982648,1002
2024-09-20 11:50:19.214000,428.4751818106473,99
2024-09-20 11:50:19.221000,428.5051619888946,15
2024-09-20 11:50:19.230000,428.4956083777963,7
2024-09-20 11:50:19.266000,428.49464534852734,1002
2024-09-20 11:50:19.271000,428.50313674203466,997
2024-09-20 11:50:19.346000,428.4792715318944,105
2024-09-20 11:50:19.429000,428.50010421334025,14
2024-09-20 11:50:19.430000,428.50390490884575,999
2024-09-20 11:50:19.452000,428.4962684745544,1004
2024-09-20 11:50:19.580000,428.4828762402856,14
2024-09-20 11:50:19.604000,428.4859762213773,9
2024-09-20 11:50:19.604000,428.5001471906729,97
2024-09-20 11:50:19.632000,428.5053385297709,11
2024-09-20 11:50:19.832000,428.4879895153288,1002
2024-09-20 11:50:19.850000,428.4769998364967,14
2024-09-20 11:50:19.909000,428.4855228477987,1003
2024-09-20 11:50:19.944000,428.5015808646912,9
2024-09-20 11:50:19.981000,428.4828861153692,995
2024-09-20 11:50:20.021000,428.5628002565585,1001
2024-09-20 11:50:20.051000,428.5156271096007,14
2024-09-20 11:50:20.086000,428.5534855404261,999
2024-09-20 11:50:20.150000,428.512769773513,103
2024-09-20 11:50:20.233000,428.4778018577345,101
2024-09-20 11:50:20.288000,428.4742554412698,14
2024-09-20 11:50:20.297000,428.5000507123831,6
2024-09-20 11:50:20.387000,428.57166202447297,996
2024-09-20 11:50:20.424000,428.53953540102987,15
2024-09-20 11:50:20.436000,428.50481550495385,96
2024-09-20 11:50:20.537000,428.5654070276661,98
2024-09-20 11:50:20.539000,428.51802300563736,12
2024-09-20 11:50:20.542000,428.485541926375,99
2024-09-20 11:50:20.676000,428.47294831163975,96
2024-09-20 11:50:20.683000,428.5477703064555,8
2024-09-20 11:50:20.828000,428.55916347162514,995
2024-09-20 11:50:20.961000,428.4994490255041,1000
2024-09-20 11:50:21.019000,428.5346101667256,102
2024-09-20 11:50:21.038000,428.5660918726653,1005
2024-09-20 11:50:21.076000,428.5432929353877,1000
2024-09-20 11:50:21.079000,428.53986366214497,12
2024-09-20 11:50:21.094000,428.5557941488418,100
2024-09-20 11:50:21.209000,428.52856911008496,995
2024-09-20 11:50:21.234000,428.5250464564512,102
2024-09-20 11:50:21.245000,428.5199455021727,105
2024-09-20 11:50:21.304000,428.5219294405069,1003
2024-09-20 11:50:21.310000,428.5499144207683,1000
2024-09-20 11:50:21.496000,428.5608576326655,8
2024-09-20 11:50:21.543000,428.5411368357061,97
2024-09-20 11:50:21.568000,428.5528439906602,100
2024-09-20 11:50:21.578000,428.55458262558267,1005
2024-09-20 11:50:21.626000,428.5452100059852,98
2024-09-20 11:50:21.646000,428.5479419235865,105
2024-09-20 11:50:21.655000,428.55722235053935,1005
2024-09-20 11:50:21.657000,428.57525676349775,98
2024-09-20 11:50:21.711000,428.54449526983154,96
2024-09-20 11:50:21.721000,428.528764670868,14
2024-09-20 11:50:21.776000,428.5455059871837,10
2024-09-20 11:50:21.791000,428.5241035308895,7
2024-09-20 11:50:21.799000,428.53174440612327,996
2024-09-20 11:50:21.858000,428.5326221462782,1002
2024-09-20 11:50:21.917000,428.54500225635246,105
2024-09-20 11:50:21.966000,428.5697620494492,996
2024-09-20 11:50:21.980000,428.559424821928,1003
2024-09-20 11:50:21.982000,428.5485595138496,95
2024-09-20 11:50:21.998000,428.5580801641733,13
2024-09-20 11:50:23.106000,428.5524490867699,102
2024-09-20 11:50:23.190000,428.5436120785615,99
2024-09-20 11:50:23.663000,428.5295944982311,1005
2024-09-20 11:50:24.053000,428.4987139544615,1004
2024-09-20 11:50:24.078000,428.4487616200884,15
2024-09-20 11:50:24.195000,428.5284645338583,104
2024-09-20 11:50:24.276000,428.4351784848693,996
2024-09-20 11:50:24.329000,428.5250799971741,100
2024-09-20 11:50:24.369000,428.486361869828,95
2024-09-20 11:50:24.377000,428.4355563258611,8
2024-09-20 11:50:24.594000,428.4395735047168,996
2024-09-20 11:50:24.670000,428.46426684064,13
2024-09-20 11:50:24.691000,428.5097723933269,5
2024-09-20 11:50:24.716000,428.4271899715015,15
2024-09-20 11:50:24.843000,428.4137146991024,12
2024-09-20 11:50:24.860000,428.4224068381927,102
2024-09-20 11:50:24.862000,428.5331474115108,1003
2024-09-20 11:50:24.906000,428.42875621594686,998
2024-09-20 11:50:24.929000,428.4806013849559,97
2024-09-20 11:50:25.003000,428.4482667318711,1001
2024-09-20 11:50:25.142000,428.4622078242928,15
2024-09-20 11:50:25.334000,428.4196554667733,6
2024-09-20 11:50:25.826000,428.4355815312566,13
2024-09-20 11:50:28.034000,428.50313340174176,97
2024-09-20 11:50:28.037000,428.4799000733154,14
2024-09-20 11:50:28.142000,428.4869817478433,1004
2024-09-20 11:50:28.665000,428.5183958885935,14
2024-09-20 11:50:29.031000,428.5356771387299,998
2024-09-20 11:50:29.046000,428.5294827420224,1005
2024-09-20 11:50:29.079000,428.5354185879047,99
2024-09-20 11:50:29.087000,428.5675329308731,7
2024-09-20 11:50:29.153000,428.5305834674352,103
2024-09-20 11:50:29.163000,428.5402138951847,997
2024-09-20 11:50:29.253000,428.5261686767403,9
2024-09-20 11:50:29.272000,428.55308634638607,102
2024-09-20 11:50:29.475000,428.53715720026577,104
2024-09-20 11:50:29.572000,428.55051373566056,10
2024-09-20 11:50:29.616000,428.5320872065578,7
2024-09-20 11:50:29.620000,428.536664926292,1004
2024-09-20 11:50:29.677000,428.5522034231324,95
2024-09-20 11:50:29.738000,428.5417994900062,1000
2024-09-20 11:50:29.821000,428.5240571746127,10
2024-09-20 11:50:29.885000,428.5226033949799,100
2024-09-20 11:50:29.931000,428.5310323879375,97
2024-09-20 11:50:30.043000,428.5328504021471,13
2024-09-20 11:50:30.088000,428.5437805301936,13
2024-09-20 11:50:30.367000,428.5593246563287,997
2024-09-20 11:50:30.517000,428.5259802100298,5
2024-09-20 11:50:30.567000,428.5222458078412,13
2024-09-20 11:50:30.622000,428.5602997184153,998
2024-09-20 11:50:30.843000,428.54648110254686,997
2024-09-20 11:50:30.962000,428.559190480146,7
2024-09-20 11:50:31.073000,428.5406481152806,100
2024-09-20 11:50:31.164000,428.5291558068396,98
2024-09-20 11:50:31.214000,428.545776383904,12
2024-09-20 11:50:31.471000,428.53157792635017,7
2024-09-20 11:50:31.547000,428.5384562741803,1000
2024-09-20 11:50:31.597000,428.5592583168455,996
2024-09-20 11:50:31.691000,428.5215761431325,10
2024-09-20 11:50:31.911000,428.5399872982202,1004
2024-09-20 11:50:32.012000,428.5249563767443,10
2024-09-20 11:50:32.020000,428.54308998830527,103
2024-09-20 11:50:32.039000,428.5350128516753,1001
2024-09-20 11:50:32.047000,428.56261593143023,14
2024-09-20 11:50:32.125000,428.5366691475687,8
2024-09-20 11:50:32.199000,428.5232990616144,97
2024-09-20 11:50:32.207000,428.559592238745,996
2024-09-20 11:50:32.273000,428.54408502174414,1003
2024-09-20 11:50:32.295000,428.5303309145385,105
2024-09-20 11:50:32.324000,428.5789675680549,6
2024-09-20 11:50:32.328000,428.5443844383056,102
2024-09-20 11:50:32.336000,428.5297549798281,100
2024-09-20 11:50:32.346000,428.530455400655,10
2024-09-20 11:50:32.377000,428.510887040862,1002
2024-09-20 11:50:32.377000,428.5737389355572,5
2024-09-20 11:50:32.383000,428.51941380302094,1005
2024-09-20 11:50:32.490000,428.5469596909359,7
2024-09-20 11:50:32.493000,428.5299569936234,999
2024-09-20 11:50:32.500000,428.5481055011441,98
2024-09-20 11:50:32.503000,428.53547559608177,999
2024-09-20 11:50:32.515000,428.5568694896769,996
2024-09-20 11:50:32.522000,428.5548296286966,11
2024-09-20 11:50:32.553000,428.5549628735231,102
2024-09-20 11:50:32.625000,428.5409554152804,97
2024-09-20 11:50:32.757000,428.57958634097696,105
2024-09-20 11:50:32.761000,428.5298715771071,13
2024-09-20 11:50:32.809000,428.5431919254592,999
2024-09-20 11:50:32.904000,428.5437600413836,998
2024-09-20 11:50:32.919000,428.5344808616756,95
2024-09-20 11:50:33.028000,428.60293619470144,997
2024-09-20 11:50:33.069000,428.5757626320756,1005
2024-09-20 11:50:33.323000,428.5943468749147,103
2024-09-20 11:50:33.452000,428.58394455228097,13
2024-09-20 11:50:33.578000,428.56570300686246,99
2024-09-20 11:50:33.627000,428.5916327911952,97
2024-09-20 11:50:34.009000,428.6011106537957,15
2024-09-20 11:50:34.012000,428.5961546064412,1000
2024-09-20 11:50:34.020000,428.6164601648351,998
2024-09-20 11:50:34.105000,428.6340178320135,14
2024-09-20 11:50:34.121000,428.6092428884647,102
2024-09-20 11:50:34.147000,428.6256269060728,1000
2024-09-20 11:50:34.159000,428.63468962046846,11
2024-09-20 11:50:34.162000,428.59523373217945,996
2024-09-20 11:50:34.206000,428.62469141454113,1005
2024-09-20 11:50:34.231000,428.6172892188167,99
2024-09-20 11:50:34.316000,428.6460603115474,5
2024-09-20 11:50:34.380000,428.6293360464156,101
2024-09-20 11:50:34.411000,428.63641496539793,15
2024-09-20 11:50:34.416000,428.598572636336,10
2024-09-20 11:50:34.419000,428.6205912678803,95
2024-09-20 11:50:34.445000,428.58613548809296,999
2024-09-20 11:50:34.669000,428.6292968677597,995
2024-09-20 11:50:34.753000,428.6038667460055,9
2024-09-20 11:50:34.762000,428.6023670795775,96
2024-09-20 11:50:34.766000,428.6185714598504,95
2024-09-20 11:50:34.796000,428.6076043679751,1002
2024-09-20 11:50:34.821000,428.6269582681298,12
2024-09-20 11:50:34.864000,428.60827161304974,8
2024-09-20 11:50:34.908000,428.6038867356286,98
2024-09-20 11:50:34.912000,428.5982734127389,98
2024-09-20 11:50:34.919000,428.6151247573088,998
2024-09-20 11:50:34.968000,428.614413959974,11
2024-09-20 11:50:34.977000,428.6323823575659,1002
2024-09-20 11:50:35.196000,428.600587005291,7
2024-09-20 11:50:35.224000,428.6481671388863,14
2024-09-20 11:50:35.235000,428.624460706428,995
2024-09-20 11:50:35.352000,428.63000943673467,1003
2024-09-20 11:50:35.368000,428.6370663044861,1001
2024-09-20 11:50:35.550000,428.609086122294,15
2024-09-20 11:50:35.587000,428.6484325342144,1000
2024-09-20 11:50:35.660000,428.6318847952296,999
2024-09-20 11:50:35.695000,428.6263927122704,13
2024-09-20 11:50:35.750000,428.6370078887296,1001
2024-09-20 11:50:35.819000,428.6431182007467,96
2024-09-20 11:50:35.852000,428.6111462285505,99
2024-09-20 11:50:35.916000,428.64057684188685,1003
2024-09-20 11:50:35.946000,428.62777633756974,15
2024-09-20 11:50:36.280000,428.6162681942452,99
2024-09-20 11:50:36.336000,428.6558908342207,1001
2024-09-20 11:50:36.413000,428.6197245547189,8
2024-09-20 11:50:36.537000,428.61055564593033,12
2024-09-20 11:50:36.619000,428.6209567855452,14
2024-09-20 11:50:36.699000,428.6078893191164,6
2024-09-20 11:50:36.736000,428.6643618948274,11
2024-09-20 11:50:36.784000,428.615497855392,8
2024-09-20 11:50:36.833000,428.6281138240816,1000
2024-09-20 11:50:36.885000,428.6145618604358,9
2024-09-20 11:50:36.916000,428.6058465104932,11
2024-09-20 11:50:36.955000,428.6295523343694,101
2024-09-20 11:50:37.155000,428.5846189227694,96
2024-09-20 11:50:37.320000,428.5919970781418,15
2024-09-20 11:50:37.732000,428.5876327240012,998
2024-09-20 11:50:38.025000,428.5930740483263,7
2024-09-20 11:50:38.171000,428.628989571765,996
2024-09-20 11:50:38.287000,428.6109801935471,13
2024-09-20 11:50:38.352000,428.5847215296629,102
2024-09-20 11:50:38.423000,428.5767772154111,997
2024-09-20 11:50:38.436000,428.59652339111386,998
2024-09-20 11:50:38.448000,428.59256801693056,96
2024-09-20 11:50:38.496000,428.57813643466807,1002
2024-09-20 11:50:38.570000,428.5744558844908,996
2024-09-20 11:50:38.753000,428.56576312026687,995
2024-09-20 11:50:38.924000,428.5984946263832,8
2024-09-20 11:50:38.929000,428.5782914531488,98
2024-09-20 11:50:38.965000,428.5623558577384,1002
2024-09-20 11:50:39.185000,428.64002051408,103
2024-09-20 11:50:39.429000,428.63871046876005,11
2024-09-20 11:50:39.776000,428.6463292393905,995
2024-09-20 11:50:39.779000,428.6514795513624,15
2024-09-20 11:50:39.960000,428.6343165132064,999
2024-09-20 11:50:40.052000,428.64265459904607,1001
2024-09-20 11:50:40.098000,428.684238133865,1002
2024-09-20 11:50:40.115000,428.64630919792114,97
2024-09-20 11:50:40.392000,428.6524243731994,6
2024-09-20 11:50:40.411000,428.6587601750057,15
2024-09-20 11:50:40.612000,428.68069789574986,100
2024-09-20 11:50:40.709000,428.6712272840901,95
2024-09-20 11:50:41.043000,428.5232128009509,1003
2024-09-20 11:50:41.053000,428.5561040112196,995
2024-09-20 11:50:41.103000,428.51333436040494,1002
2024-09-20 11:50:41.107000,428.5740565073424,9
2024-09-20 11:50:41.137000,428.5368176043719,995
2024-09-20 11:50:41.265000,428.63279808142977,5
2024-09-20 11:50:41.370000,428.52641193390616,95
2024-09-20 11:50:41.401000,428.6380132295735,1000
2024-09-20 11:50:41.416000,428.51012905160087,98
2024-09-20 11:50:41.427000,428.633510154833,8
2024-09-20 11:50:41.455000,428.591350088446,1005
2024-09-20 11:50:41.465000,428.60612442838345,1001
2024-09-20 11:50:41.537000,428.5048083431149,1004
2024-09-20 11:50:41.554000,428.5773230840896,1003
2024-09-20 11:50:41.585000,428.5911457985215,7
2024-09-20 11:50:41.607000,428.5213235860003,6
2024-09-20 11:50:41.640000,428.5282484214357,998
2024-09-20 11:50:41.673000,428.6571950466766,1002
2024-09-20 11:50:41.683000,428.5250847252725,1000
2024-09-20 11:50:41.878000,428.52538982089374,11
2024-09-20 11:50:41.918000,428.5833959144405,1004
2024-09-20 11:50:41.937000,428.61648045564107,96
2024-09-20 11:50:42.126000,428.5126057257666,102
2024-09-20 11:50:42.302000,428.5274693004695,998
2024-09-20 11:50:42.380000,428.5177159355802,1003
2024-09-20 11:50:42.567000,428.5007162909869,1003
2024-09-20 11:50:42.775000,428.50333939449786,10
2024-09-20 11:50:42.907000,428.49464572070383,1004
2024-09-20 11:50:42.921000,428.5320524769004,1001
2024-09-20 11:50:43.162000,428.5456010657722,12
2024-09-20 11:50:43.167000,428.58616121172025,1001
2024-09-20 11:50:43.177000,428.5357258458429,996
2024-09-20 11:50:43.260000,428.50432147026737,995
2024-09-20 11:50:43.273000,428.5401831199721,9
2024-09-20 11:50:43.276000,428.5860495471557,1000
2024-09-20 11:50:43.300000,428.5839217795961,1001
2024-09-20 11:50:43.341000,428.53839905130593,104
2024-09-20 11:50:43.359000,428.5338046502669,14
2024-09-20 11:50:43.383000,428.5094613641626,5
2024-09-20 11:50:43.389000,428.5868505550931,95
2024-09-20 11:50:43.427000,428.4879531369468,96
2024-09-20 11:50:43.487000,428.5691437363381,102
2024-09-20 11:50:43.491000,428.5351486874092,10
2024-09-20 11:50:43.509000,428.5796846822288,15
2024-09-20 11:50:43.552000,428.5020747806138,997
2024-09-20 11:50:43.577000,428.545591292189,997
2024-09-20 11:50:43.654000,428.5780372818161,96
2024-09-20 11:50:43.716000,428.54233830554375,101
2024-09-20 11:50:43.739000,428.5628967542872,103
2024-09-20 11:50:43.741000,428.55671837390565,15
2024-09-20 11:50:43.748000,428.5161475781332,9
2024-09-20 11:50:43.790000,428.48791244278846,1001
2024-09-20 11:50:43.848000,428.5482985201352,997
2024-09-20 11:50:43.853000,428.527066747546,105
2024-09-20 11:50:43.860000,428.6005557510783,1000
2024-09-20 11:50:43.959000,428.55462196968045,1001
2024-09-20 11:50:44.057000,428.5572147841112,98
2024-09-20 11:50:44.357000,428.540309509498,998
2024-09-20 11:50:44.418000,428.5502428015824,101
2024-09-20 11:50:44.738000,428.54610599577006,1005
2024-09-20 11:50:45.022000,428.56861495317617,999
2024-09-20 11:50:45.164000,428.5366874780572,13
2024-09-20 11:50:45.230000,428.5535186160072,99
2024-09-20 11:50:45.237000,428.5557068354884,1004
2024-09-20 11:50:45.266000,428.5547515300012,105
2024-09-20 11:50:45.330000,428.5438628745646,104
2024-09-20 11:50:45.343000,428.5353087125301,95
2024-09-20 11:50:45.343000,428.5540045690517,105
2024-09-20 11:50:45.376000,428.5711765952834,8
2024-09-20 11:50:45.538000,428.539416979255,103
2024-09-20 11:50:45.603000,428.57074774559135,8
2024-09-20 11:50:45.613000,428.5644598181922,104
2024-09-20 11:50:45.622000,428.5221175606234,999
2024-09-20 11:50:45.661000,428.5673777844067,995
2024-09-20 11:50:45.815000,428.5362703862614,98
2024-09-20 11:50:45.828000,428.5257630809857,100
2024-09-20 11:50:45.851000,428.549162548486,6
2024-09-20 11:50:45.868000,428.5605930473472,10
2024-09-20 11:50:45.892000,428.56930173363486,1000
2024-09-20 11:50:45.909000,428.5376681291866,99
2024-09-20 11:50:45.920000,428.548111737228,96
2024-09-20 11:50:45.947000,428.5666967420912,1005
2024-09-20 11:50:46.011000,428.47180547664885,996
2024-09-20 11:50:46.024000,428.49099354614816,13
2024-09-20 11:50:46.124000,428.4799378644448,998
2024-09-20 11:50:46.222000,428.493746672259,95
2024-09-20 11:50:46.302000,428.5099294500648,103
2024-09-20 11:50:46.310000,428.4753073966153,7
2024-09-20 11:50:46.415000,428.4927531250776,96
2024-09-20 11:50:46.509000,428.50349190354177,12
2024-09-20 11:50:46.891000,428.47471135364776,11
2024-09-20 11:50:46.973000,428.5112634655927,104
2024-09-20 11:50:47.038000,428.4987760522877,9
2024-09-20 11:50:47.047000,428.49725233925386,1001
2024-09-20 11:50:47.062000,428.4815030624747,1004
2024-09-20 11:50:47.089000,428.4434603280576,104
2024-09-20 11:50:47.201000,428.4970482236655,99
2024-09-20 11:50:47.201000,428.4975993988524,6
2024-09-20 11:50:47.233000,428.4739703517026,105
2024-09-20 11:50:47.281000,428.4189101339385,999
2024-09-20 11:50:47.414000,428.4919025800355,996
2024-09-20 11:50:47.433000,428.5094391595862,1004
2024-09-20 11:50:47.438000,428.4756209850661,1005
2024-09-20 11:50:47.439000,428.4849117093808,14
2024-09-20 11:50:47.468000,428.4901583999077,1003
2024-09-20 11:50:47.516000,428.4633984355609,996
2024-09-20 11:50:47.524000,428.49024650179166,95
2024-09-20 11:50:47.601000,428.43377547986427,6
2024-09-20 11:50:47.626000,428.4380576897675,15
2024-09-20 11:50:47.736000,428.50478369137454,103
2024-09-20 11:50:47.828000,428.47780251822047,10
2024-09-20 11:50:47.887000,428.49718903946456,999
2024-09-20 11:50:47.924000,428.483988806528,12
2024-09-20 11:50:47.931000,428.4947671617626,7
2024-09-20 11:50:48.046000,428.41795367007273,12
2024-09-20 11:50:49.085000,428.4006268862344,997
2024-09-20 11:50:49.209000,428.3748712062505,999
2024-09-20 11:50:49.242000,428.36490695464624,999
2024-09-20 11:50:49.425000,428.3534273451357,103
2024-09-20 11:50:49.663000,428.37234787814975,1000
2024-09-20 11:50:49.677000,428.4147886638525,102
2024-09-20 11:50:49.710000,428.3515588006268,98
2024-09-20 11:50:49.749000,428.3427803650442,101
2024-09-20 11:50:49.894000,428.4125768752693,6
2024-09-20 11:50:49.915000,428.3754535085959,10
2024-09-20 11:50:49.958000,428.37466324524655,13
2024-09-20 11:50:49.974000,428.3501157836008,97
2024-09-20 11:50:49.994000,428.3674837410991,97
2024-09-20 11:50:50.045000,428.3344699127194,5
2024-09-20 11:50:50.102000,428.30206589375047,99
2024-09-20 11:50:50.124000,428.23782013772734,1004
2024-09-20 11:50:50.295000,428.2446427787903,1005
2024-09-20 11:50:50.296000,428.2369886885888,1004
2024-09-20 11:50:50.306000,428.2457969925016,10
2024-09-20 11:50:50.341000,428.3311738883961,104
2024-09-20 11:50:50.379000,428.2348345912798,103
2024-09-20 11:50:50.382000,428.2751368505777,102
2024-09-20 11:50:50.419000,428.3088883855084,103
2024-09-20 11:50:50.592000,428.3033973412772,11
2024-09-20 11:50:50.637000,428.325459061586,10
2024-09-20 11:50:50.658000,428.341378329478,15
2024-09-20 11:50:50.792000,428.2159713302799,99
2024-09-20 11:50:50.818000,428.24799735241766,99
2024-09-20 11:50:50.932000,428.3015637661565,12
2024-09-20 11:50:50.983000,428.2199706205223,6
2024-09-20 11:50:51.093000,428.2507044198624,11
2024-09-20 11:50:51.095000,428.1814852925887,1000
2024-09-20 11:50:51.106000,428.23398557088166,14
2024-09-20 11:50:51.114000,428.2437311709479,98
2024-09-20 11:50:51.150000,428.255361152937,95
2024-09-20 11:50:51.263000,428.2008814732868,97
2024-09-20 11:50:51.265000,428.2173996649265,97
2024-09-20 11:50:51.315000,428.1722431610147,1005
2024-09-20 11:50:51.328000,428.261099543748,101
2024-09-20 11:50:51.360000,428.1826240024337,1004
2024-09-20 11:50:51.414000,428.2125127500652,999
2024-09-20 11:50:51.418000,428.2595176059016,997
2024-09-20 11:50:51.424000,428.2474629132342,997
2024-09-20 11:50:51.471000,428.2522113108487,1004
2024-09-20 11:50:51.481000,428.2516135494307,105
2024-09-20 11:50:51.726000,428.26164693266895,997
2024-09-20 11:50:51.750000,428.1984710116552,1004
2024-09-20 11:50:51.776000,428.16745456353885,96
2024-09-20 11:50:51.880000,428.2580599570791,1005
2024-09-20 11:50:51.923000,428.1788933862842,6
2024-09-20 11:50:51.931000,428.1933776968306,13
2024-09-20 11:50:51.934000,428.1969427693711,104
2024-09-20 11:50:51.954000,428.180943534655,97
2024-09-20 11:50:51.963000,428.212513560453,996
2024-09-20 11:50:51.991000,428.2378418957072,96
2024-09-20 11:50:52.064000,428.1315203100965,1002
2024-09-20 11:50:52.109000,428.1294015016461,8
2024-09-20 11:50:52.114000,428.1310372117693,1005
2024-09-20 11:50:52.271000,428.1226436669372,9
2024-09-20 11:50:52.440000,428.1590880506952,15
2024-09-20 11:50:52.458000,428.12677365386327,1005
2024-09-20 11:50:52.508000,428.14167210536704,997
2024-09-20 11:50:52.530000,428.1522978361945,995
2024-09-20 11:50:52.566000,428.1428492856993,10
2024-09-20 11:50:52.606000,428.13965510540777,6
2024-09-20 11:50:52.659000,428.1559262777245,1005
2024-09-20 11:50:52.723000,428.16452375514734,999
2024-09-20 11:50:52.813000,428.1287640640445,1005
2024-09-20 11:50:52.824000,428.1233499642607,7
2024-09-20 11:50:52.863000,428.1213640180631,101
2024-09-20 11:50:52.940000,428.12657338632346,96
2024-09-20 11:50:52.999000,428.1356606618834,7
2024-09-20 11:50:53.048000,428.0847429536847,995
2024-09-20 11:50:53.053000,428.1250675768727,97
2024-09-20 11:50:53.102000,428.10624681684345,103
2024-09-20 11:50:53.169000,428.13358731220353,103
2024-09-20 11:50:53.259000,428.1417602904583,97
2024-09-20 11:50:53.260000,428.1289657105422,6
2024-09-20 11:50:53.354000,428.1571544958704,8
2024-09-20 11:50:53.354000,428.1355939714987,8
2024-09-20 11:50:53.465000,428.0864786667727,6
2024-09-20 11:50:53.480000,428.1092658785584,15
2024-09-20 11:50:53.607000,428.0903246610009,12
2024-09-20 11:50:53.647000,428.1457728637111,9
2024-09-20 11:50:53.762000,428.1326260399504,997
2024-09-20 11:50:53.913000,428.1492871161869,1001
2024-09-20 11:50:54.045000,428.1095535462738,99
2024-09-20 11:50:54.102000,428.1033639496888,14
2024-09-20 11:50:54.245000,428.1376752998992,95
2024-09-20 11:50:54.344000,428.1696124193968,13
2024-09-20 11:50:54.347000,428.22021049280505,11
2024-09-20 11:50:54.355000,428.0938619955263,102
2024-09-20 11:50:54.358000,428.19633692732873,104
2024-09-20 11:50:54.439000,428.1558556090885,104
2024-09-20 11:50:54.534000,428.2055916331355,996
2024-09-20 11:50:54.621000,428.1575549208058,96
2024-09-20 11:50:54.704000,428.1146233604816,5
2024-09-20 11:50:54.705000,428.2204791603812,6
2024-09-20 11:50:54.743000,428.11868209343766,6
2024-09-20 11:50:54.777000,428.1963749050637,98
2024-09-20 11:50:54.850000,428.1162953876597,15
2024-09-20 11:50:54.950000,428.11520902702784,96
2024-09-20 11:50:54.951000,428.14185395033,15
2024-09-20 11:50:55.012000,428.2562805231718,7
2024-09-20 11:50:55.035000,428.2418017715125,100
2024-09-20 11:50:55.052000,428.2415250230192,7
2024-09-20 11:50:55.123000,428.2445547118039,12
2024-09-20 11:50:55.165000,428.2528771099677,10
2024-09-20 11:50:55.211000,428.2666047876759,15
2024-09-20 11:50:55.212000,428.22245970871535,98
2024-09-20 11:50:55.237000,428.2522361270025,1003
2024-09-20 11:50:55.260000,428.2217901862059,102
2024-09-20 11:50:55.294000,428.2323793987923,999
2024-09-20 11:50:55.425000,428.2305443548552,1002
2024-09-20 11:50:55.498000,428.2424647204854,103
2024-09-20 11:50:55.502000,428.2257059802489,8
2024-09-20 11:50:55.560000,428.2210832680447,1005
2024-09-20 11:50:55.595000,428.2291128213714,1003
2024-09-20 11:50:55.622000,428.2333268189918,1000
2024-09-20 11:50:55.628000,428.29780286488113,1000
2024-09-20 11:50:55.661000,428.2385506324526,1001
2024-09-20 11:50:55.712000,428.288842057945,9
2024-09-20 11:50:55.787000,428.2712767798101,99
2024-09-20 11:50:55.790000,428.25869221963546,995
2024-09-20 11:50:55.800000,428.2804990388125,100
2024-09-20 11:50:55.883000,428.2228283124742,12
2024-09-20 11:50:55.923000,428.2335073215198,999
2024-09-20 11:50:56.236000,428.2368961944777,997
2024-09-20 11:50:56.243000,428.2349022885903,99
2024-09-20 11:50:56.245000,428.2339472169658,1000
2024-09-20 11:50:56.397000,428.2530278104234,10
2024-09-20 11:50:56.595000,428.2226167885823,95
2024-09-20 11:50:56.703000,428.22675867441,97
2024-09-20 11:50:57.018000,428.21826181055405,13
2024-09-20 11:50:57.602000,428.2176435742727,14
2024-09-20 11:50:57.945000,428.2161959013154,1000
2024-09-20 11:50:58.222000,428.21006486184285,101
2024-09-20 11:50:58.332000,428.24531596599326,100
2024-09-20 11:50:58.367000,428.2122055127826,8
2024-09-20 11:50:58.485000,428.2069721281029,8
2024-09-20 11:50:58.558000,428.2473804009147,999
2024-09-20 11:50:58.632000,428.2230648035392,9
2024-09-20 11:50:58.690000,428.2177370477407,102
2024-09-20 11:50:58.706000,428.2257000100881,12
2024-09-20 11:50:58.851000,428.2321589432386,98
2024-09-20 11:50:58.873000,428.2093787189738,8
2024-09-20 11:50:58.938000,428.22952126857655,13
2024-09-20 11:50:58.949000,428.2172541740992,99
2024-09-20 11:50:58.965000,428.21426128146976,13
2024-09-20 11:50:59.168000,428.2613469148095,95
2024-09-20 11:50:59.179000,428.2505332904467,11
2024-09-20 11:50:59.219000,428.25588216643627,11
2024-09-20 11:50:59.370000,428.273619522783,10
2024-09-20 11:50:59.440000,428.2566537653299,96
2024-09-20 11:50:59.457000,428.2750913037264,10
2024-09-20 11:50:59.463000,428.2565289013494,998
