Timestamp,Price,Size
2024-09-18 11:36:00.069000,417.5311676681064,101
2024-09-18 11:36:00.075000,417.528698133462,100
2024-09-18 11:36:00.088000,417.5171645116076,999
2024-09-18 11:36:00.136000,417.518393718547,1000
2024-09-18 11:36:00.139000,417.5373090440007,1003
2024-09-18 11:36:00.201000,417.5419431416598,998
2024-09-18 11:36:00.266000,417.5125542428808,996
2024-09-18 11:36:00.281000,417.52416472331214,13
2024-09-18 11:36:00.396000,417.55033525995617,101
2024-09-18 11:36:00.430000,417.5115138761591,103
2024-09-18 11:36:00.539000,417.52605003140144,10
2024-09-18 11:36:00.760000,417.523054620073,8
2024-09-18 11:36:00.761000,417.5128439522454,997
2024-09-18 11:36:00.822000,417.50848463821205,15
2024-09-18 11:36:00.955000,417.5101283364676,997
2024-09-18 11:36:01.004000,417.5060892161791,1001
2024-09-18 11:36:01.046000,417.50022252871946,15
2024-09-18 11:36:01.209000,417.5414546890004,1000
2024-09-18 11:36:01.240000,417.5108146220496,999
2024-09-18 11:36:01.288000,417.5040128626095,999
2024-09-18 11:36:01.292000,417.5055908426259,1000
2024-09-18 11:36:01.418000,417.5003754876943,99
2024-09-18 11:36:01.460000,417.5524901900768,995
2024-09-18 11:36:01.494000,417.51822911105546,5
2024-09-18 11:36:01.501000,417.5038156345457,998
2024-09-18 11:36:01.562000,417.52970988364416,1002
2024-09-18 11:36:01.643000,417.50759880974624,1000
2024-09-18 11:36:01.667000,417.5503923660643,102
2024-09-18 11:36:01.708000,417.52677864278553,995
2024-09-18 11:36:01.755000,417.5432252782315,996
2024-09-18 11:36:01.762000,417.5169868623764,102
2024-09-18 11:36:01.810000,417.49574953330864,11
2024-09-18 11:36:01.837000,417.50504605228974,9
2024-09-18 11:36:01.839000,417.5280455969033,5
2024-09-18 11:36:01.919000,417.5576629349517,6
2024-09-18 11:36:01.925000,417.5238346284661,101
2024-09-18 11:36:01.979000,417.5260872659287,1002
2024-09-18 11:36:02.005000,417.5774349899201,1003
2024-09-18 11:36:02.085000,417.5512140503272,98
2024-09-18 11:36:02.105000,417.5846431233072,103
2024-09-18 11:36:02.145000,417.6324847359722,95
2024-09-18 11:36:02.148000,417.5566009557844,1004
2024-09-18 11:36:02.166000,417.574266021192,8
2024-09-18 11:36:02.183000,417.6398244896649,97
2024-09-18 11:36:02.202000,417.57173938186537,999
2024-09-18 11:36:02.251000,417.6417997477578,1000
2024-09-18 11:36:02.254000,417.6505299625816,99
2024-09-18 11:36:02.300000,417.6133438227885,995
2024-09-18 11:36:02.353000,417.5479171653784,101
2024-09-18 11:36:02.380000,417.5505320597175,1005
2024-09-18 11:36:02.467000,417.5762760714677,105
2024-09-18 11:36:02.480000,417.6515105306758,9
2024-09-18 11:36:02.489000,417.6325676049463,99
2024-09-18 11:36:02.495000,417.5666566257088,13
2024-09-18 11:36:02.533000,417.6405220150893,999
2024-09-18 11:36:02.545000,417.6164455005976,6
2024-09-18 11:36:02.607000,417.640759872405,100
2024-09-18 11:36:02.613000,417.5629019244791,5
2024-09-18 11:36:02.864000,417.5992469544031,95
2024-09-18 11:36:02.880000,417.5542321326987,103
2024-09-18 11:36:02.883000,417.5695871750404,100
2024-09-18 11:36:02.889000,417.64278639753576,1000
2024-09-18 11:36:02.902000,417.5984548286335,6
2024-09-18 11:36:02.908000,417.5766630116706,104
2024-09-18 11:36:02.982000,417.6507669601181,97
2024-09-18 11:36:03.011000,417.6836124396469,101
2024-09-18 11:36:03.034000,417.6701725230183,10
2024-09-18 11:36:03.074000,417.6629284630409,100
2024-09-18 11:36:03.119000,417.6735973404094,100
2024-09-18 11:36:03.127000,417.7248376560183,103
2024-09-18 11:36:03.141000,417.709871891154,1004
2024-09-18 11:36:03.144000,417.68000427513766,13
2024-09-18 11:36:03.163000,417.6943680803718,11
2024-09-18 11:36:03.176000,417.67671906324506,15
2024-09-18 11:36:03.228000,417.7261720858922,997
2024-09-18 11:36:03.259000,417.6558210575841,102
2024-09-18 11:36:03.294000,417.72723786060607,997
2024-09-18 11:36:03.362000,417.72908266555953,1001
2024-09-18 11:36:03.469000,417.6982405823438,11
2024-09-18 11:36:03.490000,417.7349956726516,9
2024-09-18 11:36:03.510000,417.6725477297075,15
2024-09-18 11:36:03.519000,417.6907310004594,1003
2024-09-18 11:36:03.548000,417.6850565147684,97
2024-09-18 11:36:03.676000,417.6842354374432,8
2024-09-18 11:36:03.696000,417.64161935742993,10
2024-09-18 11:36:03.703000,417.7254126649249,15
2024-09-18 11:36:03.730000,417.667299584748,97
2024-09-18 11:36:03.741000,417.6652169004682,98
2024-09-18 11:36:03.845000,417.72291271100056,15
2024-09-18 11:36:03.908000,417.6934618222339,14
2024-09-18 11:36:03.989000,417.6565169229093,97
2024-09-18 11:36:04.073000,417.7297067930824,1001
2024-09-18 11:36:04.948000,417.7070813164507,999
2024-09-18 11:36:05.284000,417.7190637895753,13
2024-09-18 11:36:05.293000,417.77930821928,996
2024-09-18 11:36:05.620000,417.79223208287385,105
2024-09-18 11:36:05.639000,417.7553646987658,998
2024-09-18 11:36:05.658000,417.7816513164785,99
2024-09-18 11:36:05.733000,417.77545609393496,15
2024-09-18 11:36:05.749000,417.7124089378249,100
2024-09-18 11:36:06.767000,417.7905726768251,8
2024-09-18 11:36:07.014000,417.7613238872393,95
2024-09-18 11:36:07.055000,417.75885429469554,13
2024-09-18 11:36:07.106000,417.7373128567775,7
2024-09-18 11:36:07.146000,417.7984113548824,5
2024-09-18 11:36:07.161000,417.7618997100221,8
2024-09-18 11:36:07.191000,417.74183249425465,7
2024-09-18 11:36:07.195000,417.76272339763153,7
2024-09-18 11:36:07.259000,417.8116804040365,9
2024-09-18 11:36:07.298000,417.7631440380096,97
2024-09-18 11:36:07.311000,417.7700350847413,101
2024-09-18 11:36:07.315000,417.7928918243191,1001
2024-09-18 11:36:07.380000,417.82223418338384,9
2024-09-18 11:36:07.484000,417.74274025810666,11
2024-09-18 11:36:07.576000,417.7474953838977,96
2024-09-18 11:36:07.625000,417.7364024559574,103
2024-09-18 11:36:07.639000,417.741082522323,998
2024-09-18 11:36:07.655000,417.8024696879321,99
2024-09-18 11:36:07.688000,417.74283826851246,11
2024-09-18 11:36:07.710000,417.75785782507234,105
2024-09-18 11:36:07.714000,417.7788258531861,996
2024-09-18 11:36:07.721000,417.79844173234767,1004
2024-09-18 11:36:07.841000,417.7628295967626,1002
2024-09-18 11:36:07.940000,417.8096800657197,5
2024-09-18 11:36:07.967000,417.78294579490006,13
2024-09-18 11:36:07.985000,417.7469689987241,997
2024-09-18 11:36:08.013000,417.7190428882964,1005
2024-09-18 11:36:08.033000,417.7054584065847,95
2024-09-18 11:36:08.034000,417.7035939584878,13
2024-09-18 11:36:08.065000,417.6982034943262,13
2024-09-18 11:36:08.082000,417.77271336002383,101
2024-09-18 11:36:08.134000,417.7379031022332,105
2024-09-18 11:36:08.181000,417.707117664296,99
2024-09-18 11:36:08.194000,417.7278576239036,1001
2024-09-18 11:36:08.244000,417.7088700442861,997
2024-09-18 11:36:08.269000,417.7590184974756,5
2024-09-18 11:36:08.318000,417.7651981732629,99
2024-09-18 11:36:08.361000,417.70910568321005,103
2024-09-18 11:36:08.399000,417.7157437777049,1000
2024-09-18 11:36:08.462000,417.7012459734511,14
2024-09-18 11:36:08.481000,417.771876878735,15
2024-09-18 11:36:08.556000,417.7666906569266,7
2024-09-18 11:36:08.587000,417.767756213186,96
2024-09-18 11:36:08.650000,417.6972005272574,995
2024-09-18 11:36:08.656000,417.6998738184153,1003
2024-09-18 11:36:08.695000,417.6939374428562,995
2024-09-18 11:36:08.702000,417.7491560888313,98
2024-09-18 11:36:08.737000,417.7643703347202,103
2024-09-18 11:36:09.211000,417.6984305999983,98
2024-09-18 11:36:10.069000,417.73861775157394,7
2024-09-18 11:36:10.119000,417.73722498965145,96
2024-09-18 11:36:10.171000,417.7055291219481,95
2024-09-18 11:36:10.187000,417.6995856318226,12
2024-09-18 11:36:10.194000,417.724945252373,99
2024-09-18 11:36:10.197000,417.7154967583274,1004
2024-09-18 11:36:10.242000,417.7005028902656,14
2024-09-18 11:36:10.344000,417.7309902051186,998
2024-09-18 11:36:10.414000,417.6917012937036,10
2024-09-18 11:36:10.497000,417.7397921807431,10
2024-09-18 11:36:10.552000,417.71064605289,98
2024-09-18 11:36:10.571000,417.76339705955473,98
2024-09-18 11:36:10.639000,417.7220800283168,1004
2024-09-18 11:36:10.753000,417.7121716972566,1003
2024-09-18 11:36:10.756000,417.71304831439136,1003
2024-09-18 11:36:10.760000,417.7269169761964,104
2024-09-18 11:36:10.822000,417.7157025006094,6
2024-09-18 11:36:10.834000,417.7026366687852,997
2024-09-18 11:36:10.843000,417.718393184976,96
2024-09-18 11:36:10.846000,417.7211211689749,99
2024-09-18 11:36:10.857000,417.7310598266085,102
2024-09-18 11:36:11.108000,417.77779913839663,96
2024-09-18 11:36:11.161000,417.7818963758384,1002
2024-09-18 11:36:11.181000,417.8064408155371,1001
2024-09-18 11:36:11.242000,417.811837772508,997
2024-09-18 11:36:11.282000,417.7913287362367,105
2024-09-18 11:36:11.318000,417.79993822238833,6
2024-09-18 11:36:11.336000,417.8262339906465,98
2024-09-18 11:36:11.368000,417.7586217848447,12
2024-09-18 11:36:11.418000,417.81982107582223,98
2024-09-18 11:36:11.494000,417.7764651226948,103
2024-09-18 11:36:11.541000,417.8003653842094,102
2024-09-18 11:36:11.595000,417.7605128859784,8
2024-09-18 11:36:11.685000,417.7970019997685,1002
2024-09-18 11:36:11.721000,417.78177088025217,14
2024-09-18 11:36:11.749000,417.8159044146203,99
2024-09-18 11:36:11.992000,417.8314138870852,6
2024-09-18 11:36:12.204000,417.77844825758257,102
2024-09-18 11:36:12.269000,417.8056113812923,96
2024-09-18 11:36:12.613000,417.8320071260929,9
2024-09-18 11:36:12.832000,417.7961139011486,8
2024-09-18 11:36:12.885000,417.81264127453926,1005
2024-09-18 11:36:12.989000,417.786888774534,1001
2024-09-18 11:36:13.025000,417.864237613713,13
2024-09-18 11:36:13.044000,417.83959038419306,998
2024-09-18 11:36:13.060000,417.8540211052495,1003
2024-09-18 11:36:13.310000,417.8374245046022,1001
2024-09-18 11:36:13.360000,417.8808046394751,998
2024-09-18 11:36:13.483000,417.8619528509569,12
2024-09-18 11:36:13.546000,417.8540418625668,104
2024-09-18 11:36:13.663000,417.8587658675341,15
2024-09-18 11:36:13.672000,417.8417623090328,7
2024-09-18 11:36:13.724000,417.8381983911318,104
2024-09-18 11:36:13.810000,417.8374349333518,10
2024-09-18 11:36:13.859000,417.8488591471878,13
2024-09-18 11:36:13.915000,417.8612933867013,104
2024-09-18 11:36:13.917000,417.8382829095252,95
2024-09-18 11:36:13.921000,417.8598571298088,6
2024-09-18 11:36:13.964000,417.861781926315,1000
2024-09-18 11:36:14.301000,417.8459088896295,1002
2024-09-18 11:36:14.359000,417.84182494079255,13
2024-09-18 11:36:14.579000,417.85216759965766,10
2024-09-18 11:36:14.853000,417.8404751629895,995
2024-09-18 11:36:14.989000,417.85429530532144,8
2024-09-18 11:36:15.197000,417.8638680107154,101
2024-09-18 11:36:15.486000,417.880969117381,995
2024-09-18 11:36:15.509000,417.8515734911953,996
2024-09-18 11:36:15.525000,417.8595476446768,12
2024-09-18 11:36:15.678000,417.8741463196287,101
2024-09-18 11:36:15.698000,417.86956362582254,100
2024-09-18 11:36:15.831000,417.8628165447462,995
2024-09-18 11:36:15.885000,417.8886527102356,105
2024-09-18 11:36:15.986000,417.8836046133632,99
2024-09-18 11:36:16.034000,417.8866539533862,996
2024-09-18 11:36:16.259000,417.8808670361689,996
2024-09-18 11:36:16.745000,417.89568537062365,1001
2024-09-18 11:36:16.819000,417.8935029840494,14
2024-09-18 11:36:16.960000,417.8784757126693,102
2024-09-18 11:36:16.972000,417.8954351017565,11
2024-09-18 11:36:17.576000,417.8578787164653,998
2024-09-18 11:36:17.671000,417.8503587304064,1001
2024-09-18 11:36:17.814000,417.85503076201167,1003
2024-09-18 11:36:18.170000,417.8527991379726,105
2024-09-18 11:36:18.278000,417.8518028145826,10
2024-09-18 11:36:18.385000,417.8572138401746,5
2024-09-18 11:36:18.394000,417.85870781356,104
2024-09-18 11:36:18.502000,417.8490346693328,13
2024-09-18 11:36:18.512000,417.8492236701844,1003
2024-09-18 11:36:18.709000,417.8483257981443,996
2024-09-18 11:36:18.742000,417.8537082188307,998
2024-09-18 11:36:18.879000,417.8589817294527,7
2024-09-18 11:36:19.013000,417.8847544620586,996
2024-09-18 11:36:19.046000,417.85193054668525,1002
2024-09-18 11:36:19.075000,417.837598510493,101
2024-09-18 11:36:19.185000,417.8405616024695,11
2024-09-18 11:36:19.213000,417.8658817948989,1001
2024-09-18 11:36:19.290000,417.8417363344328,998
2024-09-18 11:36:19.327000,417.8693960301032,1005
2024-09-18 11:36:19.576000,417.8592540381103,96
2024-09-18 11:36:19.606000,417.8417538031929,996
2024-09-18 11:36:19.737000,417.8683392920609,99
2024-09-18 11:36:19.880000,417.8590322257842,101
2024-09-18 11:36:19.954000,417.8490367301131,998
2024-09-18 11:36:19.993000,417.8729387004214,105
2024-09-18 11:36:20.007000,417.7939566033309,8
2024-09-18 11:36:20.008000,417.8082228075865,7
2024-09-18 11:36:20.096000,417.8441536592686,14
2024-09-18 11:36:20.152000,417.8381366374875,9
2024-09-18 11:36:20.159000,417.83826554202585,996
2024-09-18 11:36:20.162000,417.8171460111443,11
2024-09-18 11:36:20.219000,417.7805536207093,1005
2024-09-18 11:36:20.255000,417.7806651925134,997
2024-09-18 11:36:20.256000,417.7846062248818,14
2024-09-18 11:36:20.359000,417.8537199705936,1000
2024-09-18 11:36:20.364000,417.82496152304986,12
2024-09-18 11:36:20.420000,417.80163135011935,1005
2024-09-18 11:36:20.509000,417.8204696172421,101
2024-09-18 11:36:20.525000,417.8328999211924,99
2024-09-18 11:36:20.543000,417.7935782197829,5
2024-09-18 11:36:20.586000,417.7956950850215,97
2024-09-18 11:36:20.601000,417.7862108581448,6
2024-09-18 11:36:20.608000,417.8108086422269,96
2024-09-18 11:36:20.625000,417.8032108093756,5
2024-09-18 11:36:20.676000,417.77858204998745,13
2024-09-18 11:36:20.688000,417.8017722207524,1005
2024-09-18 11:36:20.746000,417.7750468750872,1002
2024-09-18 11:36:20.861000,417.7905771465981,98
2024-09-18 11:36:20.891000,417.8125361973325,14
2024-09-18 11:36:20.944000,417.7998667731604,13
2024-09-18 11:36:20.987000,417.8199373654825,10
2024-09-18 11:36:21.009000,417.8104732647866,1005
2024-09-18 11:36:21.021000,417.7533646075052,5
2024-09-18 11:36:21.052000,417.8225704779638,102
2024-09-18 11:36:21.162000,417.7833971758824,12
2024-09-18 11:36:21.211000,417.83837526197,96
2024-09-18 11:36:21.339000,417.7873553426732,10
2024-09-18 11:36:21.339000,417.7985812383463,103
2024-09-18 11:36:21.390000,417.7740123299284,8
2024-09-18 11:36:21.392000,417.7797463209546,98
2024-09-18 11:36:21.434000,417.82379590241015,15
2024-09-18 11:36:21.561000,417.7852245839812,105
2024-09-18 11:36:21.588000,417.72671611619495,5
2024-09-18 11:36:21.849000,417.76656873444347,1001
2024-09-18 11:36:21.854000,417.7069193061442,102
2024-09-18 11:36:21.989000,417.7389409657208,1001
2024-09-18 11:36:21.997000,417.7315393514245,7
2024-09-18 11:36:22.025000,417.7064610495708,102
2024-09-18 11:36:22.058000,417.7236484393434,12
2024-09-18 11:36:22.068000,417.7685960264224,1003
2024-09-18 11:36:22.250000,417.7009448181281,5
2024-09-18 11:36:22.308000,417.70357348779385,13
2024-09-18 11:36:22.312000,417.766706125745,998
2024-09-18 11:36:22.316000,417.7205840313639,12
2024-09-18 11:36:22.358000,417.7334778273572,13
2024-09-18 11:36:22.373000,417.7080655305821,10
2024-09-18 11:36:22.401000,417.6997837837195,1002
2024-09-18 11:36:22.466000,417.7068201752956,98
2024-09-18 11:36:22.515000,417.74448909010175,13
2024-09-18 11:36:22.527000,417.7819208244047,995
2024-09-18 11:36:22.555000,417.7279257413811,102
2024-09-18 11:36:22.558000,417.7722409425693,997
2024-09-18 11:36:22.575000,417.76196432631343,6
2024-09-18 11:36:22.635000,417.782093568545,104
2024-09-18 11:36:22.690000,417.7296058961096,99
2024-09-18 11:36:22.701000,417.7637218211965,10
2024-09-18 11:36:22.701000,417.7319879902346,97
2024-09-18 11:36:22.728000,417.721505467184,102
2024-09-18 11:36:22.751000,417.72190180039,996
2024-09-18 11:36:22.803000,417.721084274218,99
2024-09-18 11:36:22.919000,417.7163628788257,103
2024-09-18 11:36:22.976000,417.7542584242991,997
2024-09-18 11:36:22.983000,417.7449057103174,10
2024-09-18 11:36:22.992000,417.7433206557894,98
2024-09-18 11:36:23.080000,417.7778624740188,997
2024-09-18 11:36:23.196000,417.7654943196432,1003
2024-09-18 11:36:23.359000,417.7533715083149,9
2024-09-18 11:36:23.568000,417.7963605105816,95
2024-09-18 11:36:23.998000,417.7551494546791,14
2024-09-18 11:36:24.177000,417.6699950001464,105
2024-09-18 11:36:24.182000,417.7104435695349,7
2024-09-18 11:36:24.256000,417.6834443686227,99
2024-09-18 11:36:24.267000,417.6844903783582,104
2024-09-18 11:36:24.292000,417.7711310697159,1004
2024-09-18 11:36:24.323000,417.7131890128112,1001
2024-09-18 11:36:24.327000,417.68053178403454,8
2024-09-18 11:36:24.427000,417.7446853171176,6
2024-09-18 11:36:24.453000,417.6909856308006,1000
2024-09-18 11:36:24.488000,417.73342588137626,995
2024-09-18 11:36:24.624000,417.77627287598295,15
2024-09-18 11:36:24.696000,417.6656771269159,996
2024-09-18 11:36:24.774000,417.6863970323784,995
2024-09-18 11:36:24.864000,417.68991111429335,98
2024-09-18 11:36:24.869000,417.67378265841256,97
2024-09-18 11:36:24.881000,417.7142857072733,98
2024-09-18 11:36:24.889000,417.6981410160659,13
2024-09-18 11:36:24.891000,417.67911094926905,1003
2024-09-18 11:36:24.957000,417.6859228916167,95
2024-09-18 11:36:25.013000,417.6497088091286,99
2024-09-18 11:36:25.013000,417.6563008215484,103
2024-09-18 11:36:25.019000,417.6431226559337,95
2024-09-18 11:36:25.043000,417.6550038824582,10
2024-09-18 11:36:25.091000,417.6327874628621,1003
2024-09-18 11:36:25.172000,417.6193224084742,1000
2024-09-18 11:36:25.181000,417.5678541962002,12
2024-09-18 11:36:25.208000,417.647587833593,998
2024-09-18 11:36:25.243000,417.6590811282961,102
2024-09-18 11:36:25.288000,417.6484793002501,98
2024-09-18 11:36:25.289000,417.6180910958924,7
2024-09-18 11:36:25.315000,417.5994225556676,98
2024-09-18 11:36:25.379000,417.6284806830288,10
2024-09-18 11:36:25.475000,417.63759087864025,14
2024-09-18 11:36:25.520000,417.642798683198,6
2024-09-18 11:36:25.529000,417.64157650316537,11
2024-09-18 11:36:25.563000,417.5729454041154,12
2024-09-18 11:36:25.570000,417.6441255012648,14
2024-09-18 11:36:25.603000,417.6519490418416,1005
2024-09-18 11:36:25.631000,417.65057255581337,7
2024-09-18 11:36:25.652000,417.65690579034,11
2024-09-18 11:36:25.681000,417.6647208485728,1000
2024-09-18 11:36:25.732000,417.63697985236655,7
2024-09-18 11:36:25.785000,417.674046131832,104
2024-09-18 11:36:25.789000,417.6507899903502,7
2024-09-18 11:36:25.832000,417.6294610881467,997
2024-09-18 11:36:25.842000,417.6240397330699,6
2024-09-18 11:36:25.895000,417.6148247851892,999
2024-09-18 11:36:25.913000,417.6600749966668,999
2024-09-18 11:36:26.070000,417.5747170788686,98
2024-09-18 11:36:26.124000,417.575856012286,1002
2024-09-18 11:36:26.183000,417.5388203056262,997
2024-09-18 11:36:26.225000,417.5538307421739,10
2024-09-18 11:36:26.346000,417.5457079687597,99
2024-09-18 11:36:26.513000,417.560526025639,5
2024-09-18 11:36:26.526000,417.5480097230381,998
2024-09-18 11:36:26.527000,417.5384053963511,105
2024-09-18 11:36:26.539000,417.563908532627,103
2024-09-18 11:36:26.593000,417.5796942634324,1000
2024-09-18 11:36:26.618000,417.5339651220191,99
2024-09-18 11:36:26.675000,417.5515411968856,999
2024-09-18 11:36:26.701000,417.5711769156619,103
2024-09-18 11:36:26.738000,417.5792200155741,100
2024-09-18 11:36:26.744000,417.55273632873485,102
2024-09-18 11:36:26.958000,417.56378246629066,1001
2024-09-18 11:36:26.995000,417.5667023856549,100
2024-09-18 11:36:27.068000,417.5644445151861,98
2024-09-18 11:36:27.078000,417.5147443416018,8
2024-09-18 11:36:27.117000,417.5537078942194,999
2024-09-18 11:36:27.252000,417.5724500697228,998
2024-09-18 11:36:27.293000,417.5750267169653,15
2024-09-18 11:36:27.312000,417.5503259899126,1001
2024-09-18 11:36:27.395000,417.5781212914566,105
2024-09-18 11:36:27.396000,417.5534147483952,995
2024-09-18 11:36:27.402000,417.5447885166628,95
2024-09-18 11:36:27.409000,417.55834167321086,103
2024-09-18 11:36:27.584000,417.5628199771999,998
2024-09-18 11:36:27.585000,417.5465404793725,9
2024-09-18 11:36:27.722000,417.5597482213204,1004
2024-09-18 11:36:27.802000,417.54795185571817,100
2024-09-18 11:36:27.831000,417.55585316939374,13
2024-09-18 11:36:27.862000,417.5512122315741,97
2024-09-18 11:36:27.895000,417.5365738984838,12
2024-09-18 11:36:27.934000,417.5622040510799,1001
2024-09-18 11:36:27.956000,417.52159303971325,12
2024-09-18 11:36:28.013000,417.4043585185476,100
2024-09-18 11:36:28.025000,417.46370656258193,7
2024-09-18 11:36:28.029000,417.4083005752534,1002
2024-09-18 11:36:28.035000,417.5193933538522,11
2024-09-18 11:36:28.073000,417.4287585945373,1002
2024-09-18 11:36:28.301000,417.4199471586829,1002
2024-09-18 11:36:28.307000,417.5211005968868,996
2024-09-18 11:36:28.338000,417.4071049765924,1003
2024-09-18 11:36:28.395000,417.4104503798313,998
2024-09-18 11:36:28.404000,417.4857098896264,99
2024-09-18 11:36:28.457000,417.4120909792267,10
2024-09-18 11:36:28.460000,417.4238706503112,9
2024-09-18 11:36:28.543000,417.4550163236612,15
2024-09-18 11:36:28.559000,417.39631247576045,1002
2024-09-18 11:36:28.609000,417.4291315013508,1005
2024-09-18 11:36:28.815000,417.51058718857314,1005
2024-09-18 11:36:28.887000,417.41379373110993,1003
2024-09-18 11:36:28.889000,417.4402552138111,1003
2024-09-18 11:36:28.945000,417.5222099834918,999
2024-09-18 11:36:28.961000,417.39291290335575,101
2024-09-18 11:36:28.994000,417.5040533118912,12
2024-09-18 11:36:29.015000,417.4266427363012,105
2024-09-18 11:36:29.042000,417.4010874865916,997
2024-09-18 11:36:29.114000,417.4127370285096,97
2024-09-18 11:36:29.173000,417.42056157451,105
2024-09-18 11:36:29.178000,417.3811012358571,15
2024-09-18 11:36:29.358000,417.4069396529489,13
2024-09-18 11:36:29.365000,417.4246957501457,101
2024-09-18 11:36:29.415000,417.3671146165758,1002
2024-09-18 11:36:29.430000,417.334370396138,1003
2024-09-18 11:36:29.461000,417.41411468844296,14
2024-09-18 11:36:29.532000,417.4259870050505,995
2024-09-18 11:36:29.539000,417.41434024390776,99
2024-09-18 11:36:29.611000,417.3836244912206,99
2024-09-18 11:36:29.636000,417.3979564755623,95
2024-09-18 11:36:29.660000,417.4015832589088,13
2024-09-18 11:36:29.663000,417.40735738807285,6
2024-09-18 11:36:29.800000,417.41828054180087,103
2024-09-18 11:36:29.890000,417.4274839571327,999
2024-09-18 11:36:30.079000,417.26805757182535,102
2024-09-18 11:36:30.259000,417.3050721478945,7
2024-09-18 11:36:30.383000,417.2670761930524,10
2024-09-18 11:36:30.464000,417.29079473333536,100
2024-09-18 11:36:30.482000,417.2509608989093,1001
2024-09-18 11:36:30.581000,417.2758491865639,998
2024-09-18 11:36:30.617000,417.2669046674096,9
2024-09-18 11:36:30.667000,417.2796049503842,98
2024-09-18 11:36:30.675000,417.2755608285496,10
2024-09-18 11:36:30.702000,417.31370452002,14
2024-09-18 11:36:30.718000,417.30014083629663,997
2024-09-18 11:36:30.737000,417.2945132799976,13
2024-09-18 11:36:30.756000,417.300707697021,1004
2024-09-18 11:36:30.841000,417.2659812328122,9
2024-09-18 11:36:30.870000,417.3404072812315,100
2024-09-18 11:36:31.004000,417.3004416331625,13
2024-09-18 11:36:31.040000,417.2991685353044,1003
2024-09-18 11:36:31.079000,417.24897674513545,1005
2024-09-18 11:36:31.084000,417.2667756814376,7
2024-09-18 11:36:31.227000,417.2851496308511,996
2024-09-18 11:36:31.235000,417.2279278292047,1003
2024-09-18 11:36:31.293000,417.2500198298578,14
2024-09-18 11:36:31.411000,417.271966679276,11
2024-09-18 11:36:31.609000,417.2568790796331,103
2024-09-18 11:36:31.697000,417.2208795878793,12
2024-09-18 11:36:31.735000,417.2994305004798,999
2024-09-18 11:36:31.739000,417.2229954365395,1000
2024-09-18 11:36:31.918000,417.2932581887819,14
2024-09-18 11:36:31.971000,417.2616377254384,96
2024-09-18 11:36:32.917000,417.2417423983347,97
2024-09-18 11:36:33.168000,417.2365408295416,1000
2024-09-18 11:36:33.195000,417.2769387169652,96
2024-09-18 11:36:33.203000,417.2265989565349,8
2024-09-18 11:36:33.219000,417.21991536621664,99
2024-09-18 11:36:33.248000,417.2272931514146,105
2024-09-18 11:36:33.286000,417.221299262301,10
2024-09-18 11:36:33.313000,417.22554608733424,101
2024-09-18 11:36:33.328000,417.2149012710227,12
2024-09-18 11:36:33.397000,417.2430011743775,15
2024-09-18 11:36:33.439000,417.2229572532658,996
2024-09-18 11:36:33.459000,417.22916242815296,995
2024-09-18 11:36:33.549000,417.2517483519189,996
2024-09-18 11:36:33.680000,417.265023403772,99
2024-09-18 11:36:33.690000,417.2694120818721,99
2024-09-18 11:36:33.693000,417.2702457385695,12
2024-09-18 11:36:33.809000,417.25334899251305,15
2024-09-18 11:36:33.892000,417.245697339896,15
2024-09-18 11:36:34.018000,417.2898096164799,103
2024-09-18 11:36:34.030000,417.2946055222614,995
2024-09-18 11:36:34.062000,417.2816769840863,100
2024-09-18 11:36:34.073000,417.2644661965988,96
2024-09-18 11:36:34.076000,417.28402237294506,105
2024-09-18 11:36:34.194000,417.2554069771027,15
2024-09-18 11:36:34.216000,417.2888584795347,12
2024-09-18 11:36:34.234000,417.2872932675781,99
2024-09-18 11:36:34.280000,417.2504637755051,15
2024-09-18 11:36:34.319000,417.2588768831843,1000
2024-09-18 11:36:34.406000,417.2859005034166,98
2024-09-18 11:36:34.433000,417.2550151899558,997
2024-09-18 11:36:34.470000,417.238886699125,998
2024-09-18 11:36:34.494000,417.2797343876389,999
2024-09-18 11:36:34.533000,417.25664328829976,15
2024-09-18 11:36:34.626000,417.29488210922017,1000
2024-09-18 11:36:34.658000,417.279622572273,96
2024-09-18 11:36:34.678000,417.2770737532987,15
2024-09-18 11:36:34.702000,417.291852195982,105
2024-09-18 11:36:34.772000,417.25431579010825,1005
2024-09-18 11:36:34.781000,417.2768044475039,1005
2024-09-18 11:36:34.858000,417.2448065679146,1000
2024-09-18 11:36:34.913000,417.26961848719225,1003
2024-09-18 11:36:34.917000,417.286482724376,102
2024-09-18 11:36:34.957000,417.2547678348741,104
2024-09-18 11:36:34.972000,417.2190951581884,15
2024-09-18 11:36:35.334000,417.260967529934,999
2024-09-18 11:36:35.520000,417.2847571984546,102
2024-09-18 11:36:35.668000,417.2487555970757,7
2024-09-18 11:36:35.768000,417.2464164687982,95
2024-09-18 11:36:36.063000,417.2907090547153,1002
2024-09-18 11:36:36.099000,417.2684075683735,12
2024-09-18 11:36:36.130000,417.2624343544247,999
2024-09-18 11:36:36.162000,417.2991591088453,1002
2024-09-18 11:36:36.256000,417.2918727206074,100
2024-09-18 11:36:36.319000,417.2748219838166,1001
2024-09-18 11:36:36.382000,417.2651613052968,100
2024-09-18 11:36:36.770000,417.2588667461943,100
2024-09-18 11:36:36.806000,417.2895954425734,97
2024-09-18 11:36:36.806000,417.2700757795287,102
2024-09-18 11:36:36.953000,417.2519123800085,14
2024-09-18 11:36:37.004000,417.3054965061485,999
2024-09-18 11:36:37.053000,417.3348601587547,97
2024-09-18 11:36:37.118000,417.272535074728,12
2024-09-18 11:36:37.263000,417.3352463425999,997
2024-09-18 11:36:37.289000,417.3200794718525,1003
2024-09-18 11:36:37.343000,417.3205491414026,101
2024-09-18 11:36:37.355000,417.2973552744264,100
2024-09-18 11:36:37.360000,417.3148259528143,8
2024-09-18 11:36:37.389000,417.2909940669984,7
2024-09-18 11:36:37.398000,417.3244079997561,101
2024-09-18 11:36:37.493000,417.3445351240661,104
2024-09-18 11:36:37.499000,417.3018711814844,998
2024-09-18 11:36:37.625000,417.3258724257836,998
2024-09-18 11:36:37.629000,417.3252688145893,998
2024-09-18 11:36:37.646000,417.3238512801413,12
2024-09-18 11:36:37.668000,417.33078866977735,1001
2024-09-18 11:36:37.686000,417.3199313960983,9
2024-09-18 11:36:37.689000,417.2617983172515,97
2024-09-18 11:36:37.709000,417.3128801102403,95
2024-09-18 11:36:37.742000,417.3344817022509,999
2024-09-18 11:36:37.744000,417.3378283112705,9
2024-09-18 11:36:37.761000,417.3136797594895,13
2024-09-18 11:36:37.782000,417.2786523025089,998
2024-09-18 11:36:37.815000,417.3262122262284,10
2024-09-18 11:36:37.821000,417.27466304923047,98
2024-09-18 11:36:37.831000,417.2747311511916,995
2024-09-18 11:36:37.865000,417.3158103848299,8
2024-09-18 11:36:37.959000,417.3379665224356,14
2024-09-18 11:36:39.042000,417.3406897463715,12
2024-09-18 11:36:39.125000,417.3598407048031,12
2024-09-18 11:36:39.131000,417.3249889981429,8
2024-09-18 11:36:39.168000,417.3576367976343,12
2024-09-18 11:36:39.191000,417.3195709854247,1005
2024-09-18 11:36:39.236000,417.3544973124779,10
2024-09-18 11:36:39.311000,417.3814725314469,996
2024-09-18 11:36:39.334000,417.3810023941965,9
2024-09-18 11:36:39.337000,417.3535242135742,97
2024-09-18 11:36:39.347000,417.3144011057192,102
2024-09-18 11:36:39.371000,417.3868960327364,10
2024-09-18 11:36:39.431000,417.3610041207845,104
2024-09-18 11:36:39.470000,417.3423088126151,12
2024-09-18 11:36:39.508000,417.36461190804783,10
2024-09-18 11:36:39.515000,417.367751229323,14
2024-09-18 11:36:39.599000,417.3695724847586,1003
2024-09-18 11:36:39.636000,417.3527681298153,13
2024-09-18 11:36:39.687000,417.3857319316241,995
2024-09-18 11:36:39.712000,417.3239738540723,103
2024-09-18 11:36:39.724000,417.3472903983643,13
2024-09-18 11:36:39.748000,417.3404953132622,9
2024-09-18 11:36:39.755000,417.35783761788855,1001
2024-09-18 11:36:39.886000,417.3703735897374,97
2024-09-18 11:36:39.929000,417.3602321936196,104
2024-09-18 11:36:39.996000,417.3716839717535,101
2024-09-18 11:36:40.006000,417.3218352611307,6
2024-09-18 11:36:40.039000,417.3260027857216,5
2024-09-18 11:36:40.051000,417.3241138025816,996
2024-09-18 11:36:40.079000,417.32762893104,998
2024-09-18 11:36:40.174000,417.35728941627536,101
2024-09-18 11:36:40.237000,417.35597552319547,14
2024-09-18 11:36:40.243000,417.323773369695,1002
2024-09-18 11:36:40.307000,417.3354217983317,11
2024-09-18 11:36:40.364000,417.359113628828,101
2024-09-18 11:36:40.379000,417.3288494498117,98
2024-09-18 11:36:40.474000,417.3245177998178,102
2024-09-18 11:36:40.479000,417.34694476940126,1000
2024-09-18 11:36:40.486000,417.297039833898,1003
2024-09-18 11:36:40.558000,417.3278847380466,12
2024-09-18 11:36:40.581000,417.3471646234988,98
2024-09-18 11:36:40.630000,417.3413927529457,104
2024-09-18 11:36:40.647000,417.311819610827,104
2024-09-18 11:36:40.687000,417.3146879800553,1003
2024-09-18 11:36:40.757000,417.3560220286389,13
2024-09-18 11:36:40.760000,417.31376858577937,98
2024-09-18 11:36:40.888000,417.3262441379679,1000
2024-09-18 11:36:40.986000,417.33285033395913,999
2024-09-18 11:36:41.014000,417.3679615753384,15
2024-09-18 11:36:41.086000,417.3440058071817,105
2024-09-18 11:36:41.115000,417.3397933737652,97
2024-09-18 11:36:41.129000,417.3179331679464,102
2024-09-18 11:36:41.133000,417.3424206736592,99
2024-09-18 11:36:41.144000,417.3363184103136,1004
2024-09-18 11:36:41.224000,417.3100572535381,7
2024-09-18 11:36:41.410000,417.3617415047877,103
2024-09-18 11:36:41.551000,417.3026051648433,1004
2024-09-18 11:36:41.556000,417.3480052212322,10
2024-09-18 11:36:41.626000,417.3503397407763,1005
2024-09-18 11:36:41.639000,417.34984148365766,8
2024-09-18 11:36:41.663000,417.3324512797665,104
2024-09-18 11:36:41.666000,417.31099778125474,97
2024-09-18 11:36:41.717000,417.3176233467238,1002
2024-09-18 11:36:41.757000,417.3183714574348,102
2024-09-18 11:36:41.758000,417.33088450796384,997
2024-09-18 11:36:41.776000,417.3385210355246,997
2024-09-18 11:36:41.810000,417.34437536492777,101
2024-09-18 11:36:41.810000,417.3655472311532,15
2024-09-18 11:36:41.875000,417.3336098302309,11
2024-09-18 11:36:41.895000,417.2934832796658,98
2024-09-18 11:36:41.940000,417.3312009062431,999
2024-09-18 11:36:42.020000,417.3286158852642,5
2024-09-18 11:36:42.076000,417.3416525741714,11
2024-09-18 11:36:42.077000,417.3472997908792,100
2024-09-18 11:36:42.317000,417.3855943043972,997
2024-09-18 11:36:42.397000,417.3352756714383,101
2024-09-18 11:36:42.419000,417.36648881045016,10
2024-09-18 11:36:42.460000,417.39082781222606,12
2024-09-18 11:36:42.483000,417.348953981069,998
2024-09-18 11:36:42.491000,417.3667607179854,100
2024-09-18 11:36:42.525000,417.3547462754887,98
2024-09-18 11:36:42.535000,417.358059965001,997
2024-09-18 11:36:42.545000,417.38912498126416,12
2024-09-18 11:36:42.547000,417.31838618076085,98
2024-09-18 11:36:42.563000,417.3770910725226,12
2024-09-18 11:36:42.573000,417.3629396365521,12
2024-09-18 11:36:42.657000,417.3389029925537,14
2024-09-18 11:36:42.663000,417.3639509094021,1005
2024-09-18 11:36:42.742000,417.3426717793014,1005
2024-09-18 11:36:42.750000,417.3353447755605,13
2024-09-18 11:36:42.857000,417.3757020280549,7
2024-09-18 11:36:42.868000,417.3485109896124,12
2024-09-18 11:36:43.108000,417.30498961073,95
2024-09-18 11:36:43.211000,417.2999087372564,11
2024-09-18 11:36:43.442000,417.27244385492793,105
2024-09-18 11:36:43.442000,417.2725938371274,105
2024-09-18 11:36:43.456000,417.3028813395772,995
2024-09-18 11:36:43.563000,417.2893270693584,9
2024-09-18 11:36:43.585000,417.2944829630328,14
2024-09-18 11:36:43.726000,417.273364657701,102
2024-09-18 11:36:43.890000,417.2716914711967,1005
2024-09-18 11:36:43.978000,417.28369184863584,12
2024-09-18 11:36:44.212000,417.2531124651553,11
2024-09-18 11:36:44.301000,417.30705735062185,998
2024-09-18 11:36:44.326000,417.26984461396233,14
2024-09-18 11:36:44.350000,417.2936677691864,1005
2024-09-18 11:36:44.387000,417.2516939447712,99
2024-09-18 11:36:44.424000,417.248245113204,996
2024-09-18 11:36:44.535000,417.2960888800204,6
2024-09-18 11:36:44.671000,417.2802072664248,13
2024-09-18 11:36:44.803000,417.2939064109525,102
2024-09-18 11:36:44.843000,417.29600666756073,14
2024-09-18 11:36:44.845000,417.24073306368746,13
2024-09-18 11:36:44.858000,417.29676980938376,995
2024-09-18 11:36:44.902000,417.2910396032961,999
2024-09-18 11:36:44.959000,417.2929784637925,9
2024-09-18 11:36:44.971000,417.2450453728083,95
2024-09-18 11:36:44.978000,417.2979642791712,14
2024-09-18 11:36:44.992000,417.2762100478858,9
2024-09-18 11:36:45.051000,417.2390348347929,9
2024-09-18 11:36:45.074000,417.23181231656287,999
2024-09-18 11:36:45.093000,417.2220339930863,100
2024-09-18 11:36:45.171000,417.2283984362375,6
2024-09-18 11:36:45.279000,417.2294693511009,101
2024-09-18 11:36:45.280000,417.2509177165649,8
2024-09-18 11:36:45.354000,417.24574373952936,100
2024-09-18 11:36:45.382000,417.243521452146,1004
2024-09-18 11:36:45.384000,417.2432218602844,99
2024-09-18 11:36:45.387000,417.22611814251,1001
2024-09-18 11:36:45.402000,417.2473039582583,1004
2024-09-18 11:36:45.416000,417.2276254943635,13
2024-09-18 11:36:45.426000,417.24493797693566,9
2024-09-18 11:36:45.454000,417.2394362625564,995
2024-09-18 11:36:45.515000,417.2158314005605,13
2024-09-18 11:36:45.666000,417.2547266900232,8
2024-09-18 11:36:45.850000,417.2528552604239,995
2024-09-18 11:36:45.941000,417.2392233886024,15
2024-09-18 11:36:45.967000,417.231266452843,1005
2024-09-18 11:36:45.975000,417.2210074659371,100
2024-09-18 11:36:46.001000,417.10445381127874,12
2024-09-18 11:36:46.005000,417.1525443360566,11
2024-09-18 11:36:46.066000,417.1279410464474,101
2024-09-18 11:36:46.183000,417.2219484208696,105
2024-09-18 11:36:46.190000,417.13265043960814,1001
2024-09-18 11:36:46.219000,417.1447575243854,997
2024-09-18 11:36:46.227000,417.1446527187262,8
2024-09-18 11:36:46.243000,417.2421883114216,9
2024-09-18 11:36:46.337000,417.1289204155605,995
2024-09-18 11:36:46.379000,417.2394363972954,10
2024-09-18 11:36:46.443000,417.1311300481945,99
2024-09-18 11:36:46.448000,417.14012114709766,999
2024-09-18 11:36:46.489000,417.1712526281664,12
2024-09-18 11:36:46.587000,417.1330903101094,999
2024-09-18 11:36:46.614000,417.13649183707656,102
2024-09-18 11:36:46.666000,417.1471638381552,1000
2024-09-18 11:36:46.668000,417.1902671550917,11
2024-09-18 11:36:46.698000,417.2107930879151,9
2024-09-18 11:36:46.714000,417.1612207201416,95
2024-09-18 11:36:46.719000,417.25373357032447,1003
2024-09-18 11:36:46.751000,417.13810808182245,1003
2024-09-18 11:36:46.779000,417.141027830024,102
2024-09-18 11:36:46.795000,417.1291519808578,14
2024-09-18 11:36:46.807000,417.1257733431905,9
2024-09-18 11:36:46.842000,417.1093837945263,98
2024-09-18 11:36:46.848000,417.1388703303091,99
2024-09-18 11:36:46.885000,417.11712930748416,97
2024-09-18 11:36:46.934000,417.1552509544137,998
2024-09-18 11:36:46.940000,417.1359655233315,996
2024-09-18 11:36:46.971000,417.1522916546372,996
2024-09-18 11:36:47.033000,417.2143887739218,998
2024-09-18 11:36:47.058000,417.18121779474495,100
2024-09-18 11:36:47.114000,417.1405672385847,95
2024-09-18 11:36:47.115000,417.1977309722048,101
2024-09-18 11:36:47.132000,417.1638180263749,12
2024-09-18 11:36:47.156000,417.1942516502322,1001
2024-09-18 11:36:47.186000,417.23309564355407,1005
2024-09-18 11:36:47.238000,417.2212738083896,103
2024-09-18 11:36:47.356000,417.2386528019073,95
2024-09-18 11:36:47.391000,417.20758750676106,96
2024-09-18 11:36:47.407000,417.1737028537616,95
2024-09-18 11:36:47.508000,417.2320134775391,998
2024-09-18 11:36:47.542000,417.17593647727136,15
2024-09-18 11:36:47.562000,417.2165452060115,997
2024-09-18 11:36:47.570000,417.235123294994,1004
2024-09-18 11:36:47.581000,417.13090197982086,996
2024-09-18 11:36:47.585000,417.2049046959402,995
2024-09-18 11:36:47.586000,417.1639423157397,998
2024-09-18 11:36:47.596000,417.16516704319537,105
2024-09-18 11:36:47.653000,417.1414860318562,95
2024-09-18 11:36:47.681000,417.2268754374461,999
2024-09-18 11:36:47.702000,417.1766766860486,98
2024-09-18 11:36:47.710000,417.2444143005419,95
2024-09-18 11:36:47.739000,417.2090931855647,100
2024-09-18 11:36:47.764000,417.2122502082149,996
2024-09-18 11:36:47.847000,417.225662757261,7
2024-09-18 11:36:47.948000,417.2389535175277,5
2024-09-18 11:36:47.978000,417.2212513579746,1002
2024-09-18 11:36:48.669000,417.19465571957375,5
2024-09-18 11:36:48.792000,417.22744788223946,1002
2024-09-18 11:36:48.912000,417.22730721668216,102
2024-09-18 11:36:49.003000,417.1719281055354,9
2024-09-18 11:36:49.107000,417.111922048244,10
2024-09-18 11:36:49.110000,417.1664685388814,105
2024-09-18 11:36:49.195000,417.15826072365945,999
2024-09-18 11:36:49.288000,417.1920738189952,1003
2024-09-18 11:36:49.360000,417.1382731746304,11
2024-09-18 11:36:49.367000,417.11541235400864,997
2024-09-18 11:36:49.516000,417.1696484175856,1005
2024-09-18 11:36:49.526000,417.1748638636228,102
2024-09-18 11:36:49.527000,417.1637949312338,96
2024-09-18 11:36:49.543000,417.119886671723,1000
2024-09-18 11:36:49.546000,417.1330226576429,102
2024-09-18 11:36:49.547000,417.1738491371377,5
2024-09-18 11:36:49.680000,417.1360544282142,1002
2024-09-18 11:36:49.787000,417.1743886719385,102
2024-09-18 11:36:49.843000,417.1796977249132,999
2024-09-18 11:36:49.870000,417.1608853035611,996
2024-09-18 11:36:49.933000,417.1711822607387,9
2024-09-18 11:36:49.989000,417.1067191208454,11
2024-09-18 11:36:49.999000,417.1662106720074,14
2024-09-18 11:36:50.032000,417.2154000405909,1004
2024-09-18 11:36:50.034000,417.2234260486185,6
2024-09-18 11:36:50.054000,417.17462500764,11
2024-09-18 11:36:50.094000,417.2129401437737,12
2024-09-18 11:36:50.101000,417.1575076997127,104
2024-09-18 11:36:50.131000,417.1704771574039,997
2024-09-18 11:36:50.139000,417.2115351247093,998
2024-09-18 11:36:50.236000,417.20375918396456,995
2024-09-18 11:36:50.426000,417.1976553350807,15
2024-09-18 11:36:50.433000,417.2314699920414,1002
2024-09-18 11:36:50.496000,417.15018159796574,8
2024-09-18 11:36:50.533000,417.1871813867386,96
2024-09-18 11:36:50.555000,417.15648915598894,102
2024-09-18 11:36:50.581000,417.14664121813297,97
2024-09-18 11:36:50.585000,417.1846722460448,1001
2024-09-18 11:36:50.819000,417.1726493929868,102
2024-09-18 11:36:50.891000,417.1945597875179,6
2024-09-18 11:36:50.919000,417.17688657548297,102
2024-09-18 11:36:51.051000,417.1809111912916,996
2024-09-18 11:36:51.061000,417.2012227196917,97
2024-09-18 11:36:51.074000,417.1874295020244,12
2024-09-18 11:36:51.112000,417.1921785601176,1003
2024-09-18 11:36:51.119000,417.2059856676126,7
2024-09-18 11:36:51.178000,417.20496676717056,998
2024-09-18 11:36:51.220000,417.20027946641966,15
2024-09-18 11:36:51.348000,417.2177200968037,103
2024-09-18 11:36:51.361000,417.2039868146193,6
2024-09-18 11:36:51.452000,417.2163817661853,99
2024-09-18 11:36:51.489000,417.19547969499234,5
2024-09-18 11:36:51.508000,417.1919637090768,101
2024-09-18 11:36:51.509000,417.1781592376526,1003
2024-09-18 11:36:51.556000,417.1948552101885,5
2024-09-18 11:36:51.704000,417.2051054851672,99
2024-09-18 11:36:51.817000,417.1877227241989,12
2024-09-18 11:36:51.855000,417.2011556953743,101
2024-09-18 11:36:51.871000,417.1836830387039,12
2024-09-18 11:36:52.113000,417.2028174566588,13
2024-09-18 11:36:52.299000,417.2156089881195,9
2024-09-18 11:36:52.440000,417.1943569908706,8
2024-09-18 11:36:52.511000,417.20640623913,95
2024-09-18 11:36:52.516000,417.1993640559339,1005
2024-09-18 11:36:53.087000,417.1839258695658,996
2024-09-18 11:36:53.218000,417.18882538615065,9
2024-09-18 11:36:53.247000,417.1994622632256,998
2024-09-18 11:36:53.697000,417.1877321015282,1003
2024-09-18 11:36:53.886000,417.1742746898566,5
2024-09-18 11:36:53.961000,417.2019323589337,103
2024-09-18 11:36:54.002000,417.1439247035759,103
2024-09-18 11:36:54.095000,417.1618016605192,9
2024-09-18 11:36:54.130000,417.1604384311195,998
2024-09-18 11:36:54.193000,417.175632170715,996
2024-09-18 11:36:54.325000,417.1284575020909,9
2024-09-18 11:36:54.345000,417.13240583949846,15
2024-09-18 11:36:54.345000,417.14977518106537,1005
2024-09-18 11:36:54.387000,417.1695227181892,14
2024-09-18 11:36:54.419000,417.1227074893228,104
2024-09-18 11:36:54.426000,417.163741437924,1004
2024-09-18 11:36:54.474000,417.1871025702711,1004
2024-09-18 11:36:54.509000,417.1701346771788,103
2024-09-18 11:36:54.516000,417.15122519601135,9
2024-09-18 11:36:54.554000,417.1460123321231,102
2024-09-18 11:36:54.614000,417.1809277343801,1003
2024-09-18 11:36:54.638000,417.1341168703791,9
2024-09-18 11:36:54.644000,417.1852327934936,997
2024-09-18 11:36:54.657000,417.1646763909073,6
2024-09-18 11:36:54.674000,417.1695088243739,997
2024-09-18 11:36:54.705000,417.1563398578281,100
2024-09-18 11:36:54.719000,417.12579982775065,9
2024-09-18 11:36:54.764000,417.1327055733416,5
2024-09-18 11:36:54.774000,417.1474312253544,96
2024-09-18 11:36:54.875000,417.1351967625113,5
2024-09-18 11:36:54.935000,417.1634219101899,104
2024-09-18 11:36:55.006000,417.1856841771975,6
2024-09-18 11:36:55.036000,417.1801577547192,11
2024-09-18 11:36:55.156000,417.1340715567171,12
2024-09-18 11:36:55.244000,417.1802340122051,97
2024-09-18 11:36:55.259000,417.1891312975554,6
2024-09-18 11:36:55.269000,417.17991406504143,100
2024-09-18 11:36:55.281000,417.1817666540352,10
2024-09-18 11:36:55.302000,417.1813392550711,95
2024-09-18 11:36:55.432000,417.1782767474608,1005
2024-09-18 11:36:55.592000,417.1903665424889,6
2024-09-18 11:36:55.611000,417.1851727447892,8
2024-09-18 11:36:55.619000,417.1855659019253,6
2024-09-18 11:36:55.665000,417.1736981602328,1004
2024-09-18 11:36:55.688000,417.1713860100988,98
2024-09-18 11:36:55.732000,417.1723924850908,102
2024-09-18 11:36:55.759000,417.18225395577326,1004
2024-09-18 11:36:55.864000,417.1843295202134,999
2024-09-18 11:36:55.872000,417.16896090307046,12
2024-09-18 11:36:55.936000,417.1783161365885,98
2024-09-18 11:36:55.952000,417.1372222962666,998
2024-09-18 11:36:55.976000,417.1726248792922,102
2024-09-18 11:36:56.040000,417.1052426051677,1001
2024-09-18 11:36:56.123000,417.1105205167751,13
2024-09-18 11:36:56.292000,417.11945251802615,8
2024-09-18 11:36:56.379000,417.1235439544593,102
2024-09-18 11:36:56.456000,417.12368210590864,103
2024-09-18 11:36:56.583000,417.1073783998832,1004
2024-09-18 11:36:56.596000,417.1135050192914,95
2024-09-18 11:36:56.956000,417.1172115520129,1002
2024-09-18 11:36:57.002000,417.01250323722826,100
2024-09-18 11:36:57.075000,417.0922088966765,1000
2024-09-18 11:36:57.103000,417.0036163083428,5
2024-09-18 11:36:57.139000,417.10172979843975,15
2024-09-18 11:36:57.144000,416.99627769538034,1002
2024-09-18 11:36:57.198000,417.0073562922336,14
2024-09-18 11:36:57.208000,417.0160737486655,99
2024-09-18 11:36:57.261000,417.0383316186512,14
2024-09-18 11:36:57.387000,417.1014074747768,998
2024-09-18 11:36:57.432000,416.9740135992348,1005
2024-09-18 11:36:57.434000,417.05700816639273,103
2024-09-18 11:36:57.436000,417.0874979978748,102
2024-09-18 11:36:57.472000,416.991287549752,99
2024-09-18 11:36:57.588000,417.0721322247738,1000
2024-09-18 11:36:57.604000,416.9759645937533,96
2024-09-18 11:36:57.623000,416.9716876809199,997
2024-09-18 11:36:57.636000,417.1168801496005,95
2024-09-18 11:36:57.704000,417.0074193680161,1001
2024-09-18 11:36:57.744000,417.094599862445,11
2024-09-18 11:36:57.777000,417.0611811646843,1003
2024-09-18 11:36:57.789000,417.0751265652031,1002
2024-09-18 11:36:57.867000,417.10368054973424,15
2024-09-18 11:36:57.873000,417.01314004633696,1003
2024-09-18 11:36:57.888000,417.004817703196,997
2024-09-18 11:36:57.897000,416.99837861407,996
2024-09-18 11:36:57.909000,417.0539614396111,100
2024-09-18 11:36:57.931000,417.0876299271039,12
2024-09-18 11:36:57.964000,417.0230512944979,1001
2024-09-18 11:36:58.115000,416.99945897338114,105
2024-09-18 11:36:58.119000,417.0232827697417,7
2024-09-18 11:36:58.185000,416.98665829724223,5
2024-09-18 11:36:58.462000,416.9745949372902,1002
2024-09-18 11:36:58.550000,416.9858384252855,10
2024-09-18 11:36:58.739000,417.0045771967976,997
2024-09-18 11:36:58.818000,417.0042014017544,105
2024-09-18 11:36:58.825000,417.0010983887434,97
2024-09-18 11:36:58.906000,417.0085529617669,1004
2024-09-18 11:36:59.025000,417.000554850692,1000
2024-09-18 11:36:59.057000,417.0403418309448,12
2024-09-18 11:36:59.147000,417.02960524432746,97
2024-09-18 11:36:59.199000,417.0146142751334,1001
2024-09-18 11:36:59.265000,417.0273176532594,1002
2024-09-18 11:36:59.493000,417.01806875841953,9
2024-09-18 11:36:59.493000,417.0187653715969,998
2024-09-18 11:36:59.658000,417.0124044777448,104
2024-09-18 11:36:59.757000,417.0044407361295,996
