Timestamp,Price,Size
2024-09-18 15:47:00.058000,417.3445439197443,997
2024-09-18 15:47:00.089000,417.3497100671269,1002
2024-09-18 15:47:00.090000,417.3637444308207,999
2024-09-18 15:47:00.116000,417.3645426480113,12
2024-09-18 15:47:00.420000,417.35048188794894,10
2024-09-18 15:47:00.878000,417.3683138749257,1003
2024-09-18 15:47:00.935000,417.34898299787807,97
2024-09-18 15:47:00.966000,417.3480801216565,97
2024-09-18 15:47:01.010000,417.40568821780215,1002
2024-09-18 15:47:01.040000,417.34192849840406,1005
2024-09-18 15:47:01.090000,417.3589227035756,7
2024-09-18 15:47:01.114000,417.33848955025326,12
2024-09-18 15:47:01.216000,417.4032316825335,101
2024-09-18 15:47:01.303000,417.36405637922064,6
2024-09-18 15:47:01.360000,417.3672195332783,995
2024-09-18 15:47:01.418000,417.42281980458097,98
2024-09-18 15:47:01.450000,417.3540320164124,97
2024-09-18 15:47:01.556000,417.36100319601377,8
2024-09-18 15:47:01.589000,417.4077215810629,1005
2024-09-18 15:47:01.631000,417.4146872181322,13
2024-09-18 15:47:01.655000,417.3385120511048,1002
2024-09-18 15:47:01.662000,417.4160680275592,9
2024-09-18 15:47:01.668000,417.3582240380705,103
2024-09-18 15:47:01.681000,417.3939004011409,996
2024-09-18 15:47:01.727000,417.39012592186015,96
2024-09-18 15:47:01.779000,417.35747324312297,5
2024-09-18 15:47:01.784000,417.3674508293306,9
2024-09-18 15:47:01.805000,417.3365690446852,6
2024-09-18 15:47:01.819000,417.4225677138691,1001
2024-09-18 15:47:01.895000,417.363928937724,104
2024-09-18 15:47:01.949000,417.3618936102409,9
2024-09-18 15:47:01.982000,417.3876352801514,101
2024-09-18 15:47:01.986000,417.4076387003936,1004
2024-09-18 15:47:01.991000,417.3440642103009,1004
2024-09-18 15:47:02.023000,417.326446731389,1005
2024-09-18 15:47:02.069000,417.3345597520784,10
2024-09-18 15:47:02.105000,417.3546436293359,104
2024-09-18 15:47:02.131000,417.3197472508981,13
2024-09-18 15:47:02.139000,417.310424278805,8
2024-09-18 15:47:02.149000,417.3217818621156,1000
2024-09-18 15:47:02.232000,417.3398739869668,1000
2024-09-18 15:47:02.256000,417.3094454977654,11
2024-09-18 15:47:02.271000,417.3268693686143,103
2024-09-18 15:47:02.328000,417.3506114566888,1004
2024-09-18 15:47:02.383000,417.339862186122,5
2024-09-18 15:47:02.396000,417.3295680776244,103
2024-09-18 15:47:02.424000,417.3518099446598,9
2024-09-18 15:47:02.425000,417.298003069323,101
2024-09-18 15:47:02.520000,417.332908569479,13
2024-09-18 15:47:02.561000,417.3498497596915,995
2024-09-18 15:47:02.593000,417.33942732485775,6
2024-09-18 15:47:02.601000,417.3613059912032,13
2024-09-18 15:47:02.679000,417.31233591614256,96
2024-09-18 15:47:02.757000,417.3575128429834,97
2024-09-18 15:47:02.772000,417.3262181920315,11
2024-09-18 15:47:02.794000,417.3330639751744,1004
2024-09-18 15:47:02.809000,417.34672459756337,9
2024-09-18 15:47:02.885000,417.3192987188991,104
2024-09-18 15:47:02.996000,417.3470395450808,1005
2024-09-18 15:47:03.009000,417.29606708837537,102
2024-09-18 15:47:03.169000,417.3154559600658,11
2024-09-18 15:47:03.269000,417.3053684009276,95
2024-09-18 15:47:03.406000,417.3043016387229,15
2024-09-18 15:47:03.629000,417.3136366930853,996
2024-09-18 15:47:03.651000,417.3038126691205,9
2024-09-18 15:47:03.958000,417.2898166432476,95
2024-09-18 15:47:04.028000,417.23615832753165,102
2024-09-18 15:47:04.050000,417.1619991504686,1004
2024-09-18 15:47:04.060000,417.2847518759427,105
2024-09-18 15:47:04.108000,417.2136517271011,1003
2024-09-18 15:47:04.143000,417.1572841616494,1002
2024-09-18 15:47:04.153000,417.295373367511,998
2024-09-18 15:47:04.158000,417.2834422620039,998
2024-09-18 15:47:04.168000,417.2286788335741,8
2024-09-18 15:47:04.204000,417.1292953527526,105
2024-09-18 15:47:04.263000,417.215023033156,1005
2024-09-18 15:47:04.303000,417.213844426012,12
2024-09-18 15:47:04.324000,417.16221943913695,102
2024-09-18 15:47:04.331000,417.16010384511526,15
2024-09-18 15:47:04.408000,417.26327223422015,97
2024-09-18 15:47:04.416000,417.163479925809,5
2024-09-18 15:47:04.439000,417.2756348813576,11
2024-09-18 15:47:04.459000,417.28208891555255,102
2024-09-18 15:47:04.481000,417.2521492418533,102
2024-09-18 15:47:04.491000,417.223132142829,998
2024-09-18 15:47:04.491000,417.2911607433375,11
2024-09-18 15:47:04.535000,417.286064256995,105
2024-09-18 15:47:04.538000,417.1774177071656,100
2024-09-18 15:47:04.615000,417.2330398568401,1003
2024-09-18 15:47:04.698000,417.1656534965927,102
2024-09-18 15:47:04.745000,417.26225085478205,98
2024-09-18 15:47:04.750000,417.1981403521162,1004
2024-09-18 15:47:04.788000,417.12138942241455,999
2024-09-18 15:47:04.925000,417.1500706556855,104
2024-09-18 15:47:05.023000,417.1785731473998,5
2024-09-18 15:47:05.051000,417.2185816811652,995
2024-09-18 15:47:05.060000,417.2012951288117,101
2024-09-18 15:47:05.138000,417.1502671561337,999
2024-09-18 15:47:05.144000,417.15737294416624,98
2024-09-18 15:47:05.165000,417.1633615354143,1005
2024-09-18 15:47:05.167000,417.1546141501829,7
2024-09-18 15:47:05.170000,417.15322116391695,10
2024-09-18 15:47:05.229000,417.1567498065282,11
2024-09-18 15:47:05.247000,417.19085426990216,100
2024-09-18 15:47:05.321000,417.2149159188415,997
2024-09-18 15:47:05.330000,417.1387505587561,102
2024-09-18 15:47:05.441000,417.1575670733108,7
2024-09-18 15:47:05.450000,417.1524395391187,9
2024-09-18 15:47:05.508000,417.1923035167086,98
2024-09-18 15:47:05.619000,417.1729211365465,1005
2024-09-18 15:47:05.652000,417.184856347127,102
2024-09-18 15:47:05.700000,417.16782471626976,1000
2024-09-18 15:47:05.753000,417.16649214425325,95
2024-09-18 15:47:05.833000,417.1978596647366,103
2024-09-18 15:47:05.837000,417.19429983575503,100
2024-09-18 15:47:05.882000,417.1696258191904,995
2024-09-18 15:47:05.938000,417.15631249870825,7
2024-09-18 15:47:06.017000,417.14028706804896,999
2024-09-18 15:47:06.030000,417.17532113862654,997
2024-09-18 15:47:06.036000,417.1637819935904,12
2024-09-18 15:47:06.104000,417.18904673009473,1001
2024-09-18 15:47:06.107000,417.14032564717087,1000
2024-09-18 15:47:06.127000,417.1499658600253,995
2024-09-18 15:47:06.152000,417.1527201440651,8
2024-09-18 15:47:06.212000,417.177412599525,7
2024-09-18 15:47:06.235000,417.1651028065853,999
2024-09-18 15:47:06.254000,417.1418813795275,102
2024-09-18 15:47:06.337000,417.1464744399482,102
2024-09-18 15:47:06.516000,417.1459219425319,10
2024-09-18 15:47:06.543000,417.1360672014574,999
2024-09-18 15:47:06.615000,417.1701173155872,997
2024-09-18 15:47:06.654000,417.157315732363,104
2024-09-18 15:47:06.800000,417.1527583570527,99
2024-09-18 15:47:06.827000,417.1422274730789,15
2024-09-18 15:47:06.927000,417.17063241414405,15
2024-09-18 15:47:06.971000,417.1847980709514,1005
2024-09-18 15:47:07.418000,417.13295038775584,999
2024-09-18 15:47:07.486000,417.13173807850734,98
2024-09-18 15:47:07.488000,417.1183360724955,14
2024-09-18 15:47:07.709000,417.1268122478492,11
2024-09-18 15:47:08.003000,417.1061985953931,102
2024-09-18 15:47:08.018000,417.0876406499824,1003
2024-09-18 15:47:08.050000,417.1418982638804,7
2024-09-18 15:47:08.079000,417.0704211604092,99
2024-09-18 15:47:08.121000,417.0768920021882,998
2024-09-18 15:47:08.178000,417.1349436323724,9
2024-09-18 15:47:08.207000,417.0536054159309,98
2024-09-18 15:47:08.216000,417.1386028960424,95
2024-09-18 15:47:08.237000,417.0838324895565,104
2024-09-18 15:47:08.258000,417.084256512572,12
2024-09-18 15:47:08.267000,417.1103952574864,999
2024-09-18 15:47:08.335000,417.03537578532735,15
2024-09-18 15:47:08.343000,417.0944963154879,996
2024-09-18 15:47:08.355000,417.1380884619153,96
2024-09-18 15:47:08.403000,417.0869849993738,1003
2024-09-18 15:47:08.501000,417.1291972199476,99
2024-09-18 15:47:08.560000,417.1381057024553,5
2024-09-18 15:47:08.568000,417.05232504143424,8
2024-09-18 15:47:08.571000,417.1023797858879,1002
2024-09-18 15:47:08.621000,417.1093849377425,10
2024-09-18 15:47:08.663000,417.09994046594176,98
2024-09-18 15:47:08.667000,417.09709546812337,998
2024-09-18 15:47:08.769000,417.1401809462065,996
2024-09-18 15:47:08.823000,417.0426198882778,10
2024-09-18 15:47:08.908000,417.0703828734189,10
2024-09-18 15:47:09.073000,417.0517355250528,102
2024-09-18 15:47:09.238000,417.0664619518961,14
2024-09-18 15:47:09.312000,417.0514424129706,8
2024-09-18 15:47:09.711000,417.0683725593936,99
2024-09-18 15:47:10.013000,417.0459841939452,15
2024-09-18 15:47:10.039000,417.0498772192622,104
2024-09-18 15:47:10.044000,417.06657840128304,9
2024-09-18 15:47:10.076000,417.0660980872962,97
2024-09-18 15:47:10.085000,417.0513546901532,1005
2024-09-18 15:47:10.096000,417.041895208992,15
2024-09-18 15:47:10.128000,417.02806024225663,1003
2024-09-18 15:47:10.226000,417.0374192696113,96
2024-09-18 15:47:10.256000,417.0375617558442,103
2024-09-18 15:47:10.341000,417.0398054007087,5
2024-09-18 15:47:10.426000,417.0513339159015,996
2024-09-18 15:47:10.518000,417.040319244782,102
2024-09-18 15:47:10.540000,417.0674212491189,997
2024-09-18 15:47:10.546000,417.0463893820167,10
2024-09-18 15:47:10.603000,417.0433726209721,14
2024-09-18 15:47:10.604000,417.0497303492884,997
2024-09-18 15:47:10.670000,417.04128205026376,98
2024-09-18 15:47:10.712000,417.0523637537738,1003
2024-09-18 15:47:10.729000,417.0313633491832,99
2024-09-18 15:47:10.734000,417.05291119071535,14
2024-09-18 15:47:10.869000,417.0616649843861,101
2024-09-18 15:47:10.924000,417.0215937126373,15
2024-09-18 15:47:10.926000,417.0294535793074,98
2024-09-18 15:47:10.939000,417.0267109343604,97
2024-09-18 15:47:11.027000,417.08888344788056,104
2024-09-18 15:47:11.059000,417.0865361193004,103
2024-09-18 15:47:11.078000,417.05068443427183,1001
2024-09-18 15:47:11.088000,417.0308212014015,995
2024-09-18 15:47:11.135000,417.07793564232577,9
2024-09-18 15:47:11.153000,417.0883628981029,998
2024-09-18 15:47:11.217000,417.0157748312135,103
2024-09-18 15:47:11.293000,417.0786782832541,998
2024-09-18 15:47:11.380000,417.1268002751499,9
2024-09-18 15:47:11.455000,417.0535757163012,15
2024-09-18 15:47:11.476000,417.1290328537319,15
2024-09-18 15:47:11.521000,417.1044923407018,995
2024-09-18 15:47:11.534000,417.0881148142311,102
2024-09-18 15:47:11.567000,417.0178977880691,1000
2024-09-18 15:47:11.601000,417.0279336783436,1002
2024-09-18 15:47:11.603000,417.0948945576069,8
2024-09-18 15:47:11.696000,417.027866962429,13
2024-09-18 15:47:11.780000,417.0398323677284,14
2024-09-18 15:47:11.789000,417.0030154274296,97
2024-09-18 15:47:11.789000,417.0314158843867,97
2024-09-18 15:47:11.855000,417.00971286815104,1004
2024-09-18 15:47:11.886000,417.0950588607527,95
2024-09-18 15:47:11.891000,417.0263761201444,1005
2024-09-18 15:47:11.992000,417.0877808470044,105
2024-09-18 15:47:12.003000,417.1244069348992,97
2024-09-18 15:47:12.042000,417.1625487959152,98
2024-09-18 15:47:12.053000,417.1652325733173,104
2024-09-18 15:47:12.057000,417.1480183914293,99
2024-09-18 15:47:12.061000,417.1604339515992,15
2024-09-18 15:47:12.224000,417.16985745292095,97
2024-09-18 15:47:12.241000,417.1621782815827,1005
2024-09-18 15:47:12.247000,417.1441843672038,997
2024-09-18 15:47:12.343000,417.1826581800076,9
2024-09-18 15:47:12.434000,417.17937387989616,99
2024-09-18 15:47:12.451000,417.14980155677904,99
2024-09-18 15:47:12.456000,417.1488516254993,6
2024-09-18 15:47:12.470000,417.1626537964148,12
2024-09-18 15:47:12.476000,417.1531818581825,5
2024-09-18 15:47:12.508000,417.1790469175044,11
2024-09-18 15:47:12.577000,417.2004729456576,9
2024-09-18 15:47:12.595000,417.1651938303305,97
2024-09-18 15:47:12.631000,417.1569687437649,104
2024-09-18 15:47:12.645000,417.1335937014538,105
2024-09-18 15:47:12.654000,417.1630705547458,11
2024-09-18 15:47:12.676000,417.18437477798926,95
2024-09-18 15:47:12.729000,417.1883065172205,104
2024-09-18 15:47:12.740000,417.1732108156847,11
2024-09-18 15:47:12.747000,417.15854566132407,1000
2024-09-18 15:47:12.831000,417.18532592296015,1005
2024-09-18 15:47:12.848000,417.1866049172153,7
2024-09-18 15:47:12.854000,417.161136423621,13
2024-09-18 15:47:12.926000,417.1743018306855,999
2024-09-18 15:47:12.939000,417.1629532396756,13
2024-09-18 15:47:12.984000,417.15020789558986,100
2024-09-18 15:47:13.010000,417.176969698006,1004
2024-09-18 15:47:13.036000,417.1822128044384,9
2024-09-18 15:47:13.067000,417.1956551243199,1001
2024-09-18 15:47:13.100000,417.18668522258906,8
2024-09-18 15:47:13.119000,417.18278472708215,15
2024-09-18 15:47:13.227000,417.1673631177442,996
2024-09-18 15:47:13.247000,417.1840809416458,996
2024-09-18 15:47:13.312000,417.1880298475708,6
2024-09-18 15:47:13.324000,417.1865983699542,11
2024-09-18 15:47:13.344000,417.2057450631461,5
2024-09-18 15:47:13.352000,417.1774871810721,999
2024-09-18 15:47:13.416000,417.1878214790225,105
2024-09-18 15:47:13.422000,417.1856081538607,1001
2024-09-18 15:47:13.546000,417.1986613325605,101
2024-09-18 15:47:13.552000,417.1886592111677,104
2024-09-18 15:47:13.719000,417.1872212381438,13
2024-09-18 15:47:13.817000,417.2065176542076,1001
2024-09-18 15:47:13.830000,417.1951484123319,11
2024-09-18 15:47:13.931000,417.19854692926754,14
2024-09-18 15:47:13.952000,417.1577337958631,996
2024-09-18 15:47:13.958000,417.1777603529434,1004
2024-09-18 15:47:13.983000,417.1910963688121,998
2024-09-18 15:47:14.142000,417.2077670850624,105
2024-09-18 15:47:14.261000,417.2185343175391,105
2024-09-18 15:47:14.306000,417.1786971061535,96
2024-09-18 15:47:14.328000,417.20660060440514,1001
2024-09-18 15:47:14.503000,417.18251194938426,1001
2024-09-18 15:47:14.522000,413.2208335079901,99
2024-09-18 15:47:14.533000,417.2029864661919,98
2024-09-18 15:47:14.534000,417.1905751876811,103
2024-09-18 15:47:14.667000,417.2027673578352,104
2024-09-18 15:47:14.751000,417.1731237043404,97
2024-09-18 15:47:14.985000,417.2052415943611,1003
2024-09-18 15:47:15.012000,417.19692122467546,11
2024-09-18 15:47:15.066000,417.2074073589976,1001
2024-09-18 15:47:15.066000,417.2071187580028,1004
2024-09-18 15:47:15.138000,417.2131679032264,1003
2024-09-18 15:47:15.248000,417.2106906426529,12
2024-09-18 15:47:15.276000,417.2051563026978,7
2024-09-18 15:47:15.329000,417.2082536905239,9
2024-09-18 15:47:15.353000,417.2120388456711,998
2024-09-18 15:47:15.409000,417.1906384719128,9
2024-09-18 15:47:15.473000,417.18801479190375,999
2024-09-18 15:47:15.699000,417.1836636901039,96
2024-09-18 15:47:15.720000,417.1880903821908,13
2024-09-18 15:47:15.806000,417.2046839963944,98
2024-09-18 15:47:15.999000,417.2159580441369,11
2024-09-18 15:47:16.133000,417.1883340139073,96
2024-09-18 15:47:16.200000,417.238017977592,6
2024-09-18 15:47:16.253000,417.237201647489,12
2024-09-18 15:47:16.269000,417.20385202909273,1000
2024-09-18 15:47:16.277000,417.1931856704299,998
2024-09-18 15:47:16.303000,417.2761763476013,105
2024-09-18 15:47:16.312000,417.24720680420097,5
2024-09-18 15:47:16.353000,417.23563318778827,104
2024-09-18 15:47:16.402000,417.187294966795,11
2024-09-18 15:47:16.434000,417.2558832939453,996
2024-09-18 15:47:16.441000,417.2587827129887,102
2024-09-18 15:47:16.502000,417.2199252297648,998
2024-09-18 15:47:16.526000,417.2411682711673,15
2024-09-18 15:47:16.599000,417.1884128430028,997
2024-09-18 15:47:16.626000,417.2013448457077,1005
2024-09-18 15:47:16.638000,417.2109970338802,98
2024-09-18 15:47:16.642000,417.2321342417807,999
2024-09-18 15:47:16.663000,417.210378769191,99
2024-09-18 15:47:16.663000,417.2613186599049,998
2024-09-18 15:47:16.747000,417.2349717933028,102
2024-09-18 15:47:16.760000,417.2420286628839,1005
2024-09-18 15:47:16.857000,417.2341182083952,7
2024-09-18 15:47:16.898000,417.23505333072967,1000
2024-09-18 15:47:16.944000,417.26907975885047,104
2024-09-18 15:47:17.002000,417.15461762591474,7
2024-09-18 15:47:17.127000,417.1724136110102,12
2024-09-18 15:47:17.159000,417.1732823461567,996
2024-09-18 15:47:17.258000,417.1843744399455,13
2024-09-18 15:47:17.305000,417.181514066558,99
2024-09-18 15:47:17.354000,417.1711065504677,1000
2024-09-18 15:47:17.385000,417.2060172802169,7
2024-09-18 15:47:17.456000,417.1805152486135,8
2024-09-18 15:47:17.471000,417.1729131709274,999
2024-09-18 15:47:17.484000,417.2074293617288,97
2024-09-18 15:47:17.568000,417.1780302579796,101
2024-09-18 15:47:17.613000,417.19070369766456,1003
2024-09-18 15:47:17.620000,417.1620505665019,98
2024-09-18 15:47:17.721000,417.2128527212196,96
2024-09-18 15:47:17.737000,417.1656987094908,1000
2024-09-18 15:47:17.787000,417.1781865338282,1002
2024-09-18 15:47:17.872000,417.16370984236886,9
2024-09-18 15:47:17.877000,417.16038104598704,995
2024-09-18 15:47:17.933000,417.1789230757829,1000
2024-09-18 15:47:17.964000,417.2058499455654,96
2024-09-18 15:47:17.971000,417.20819497282014,997
2024-09-18 15:47:18.035000,417.1325362006663,105
2024-09-18 15:47:18.049000,417.1469447010428,6
2024-09-18 15:47:18.085000,417.1374138068196,11
2024-09-18 15:47:18.093000,417.1365645198706,5
2024-09-18 15:47:18.105000,417.1134971777512,104
2024-09-18 15:47:18.116000,417.1509487975455,14
2024-09-18 15:47:18.137000,417.13986123514695,11
2024-09-18 15:47:18.167000,417.1661909206096,1003
2024-09-18 15:47:18.206000,417.11049106820633,1005
2024-09-18 15:47:18.225000,417.1720046177989,14
2024-09-18 15:47:18.250000,417.1094602989148,996
2024-09-18 15:47:18.295000,417.1958443740865,13
2024-09-18 15:47:18.362000,417.1319441558245,9
2024-09-18 15:47:18.368000,417.1994726499517,7
2024-09-18 15:47:18.376000,417.2121934358818,97
2024-09-18 15:47:18.381000,417.1293153629756,14
2024-09-18 15:47:18.386000,417.21181538321736,103
2024-09-18 15:47:18.432000,417.14257842640376,102
2024-09-18 15:47:18.465000,417.18159287862574,1001
2024-09-18 15:47:18.589000,417.1886249176355,9
2024-09-18 15:47:18.595000,417.1691758584074,14
2024-09-18 15:47:18.799000,417.149488774734,7
2024-09-18 15:47:18.809000,417.1775457083882,96
2024-09-18 15:47:18.819000,417.150502089001,995
2024-09-18 15:47:18.820000,417.1835457833034,99
2024-09-18 15:47:18.833000,417.1445644834617,104
2024-09-18 15:47:18.840000,417.1636784346342,104
2024-09-18 15:47:18.870000,417.1554695072913,5
2024-09-18 15:47:18.926000,417.1580457530187,12
2024-09-18 15:47:19.180000,417.2194653093756,101
2024-09-18 15:47:19.243000,417.22033427307946,96
2024-09-18 15:47:19.263000,417.1694227227824,999
2024-09-18 15:47:19.271000,417.1751475941544,102
2024-09-18 15:47:19.320000,417.1710451806682,15
2024-09-18 15:47:19.334000,417.1671873614749,1003
2024-09-18 15:47:19.343000,417.2494138552731,996
2024-09-18 15:47:19.361000,417.2525453325647,95
2024-09-18 15:47:19.365000,417.2201575306967,997
2024-09-18 15:47:19.416000,417.2045069902805,1002
2024-09-18 15:47:19.466000,417.2050248975603,98
2024-09-18 15:47:19.517000,417.18966002427567,99
2024-09-18 15:47:19.541000,417.1789800912495,95
2024-09-18 15:47:19.566000,417.1840923239894,14
2024-09-18 15:47:19.605000,417.25746154478,1001
2024-09-18 15:47:19.621000,417.1764005423325,98
2024-09-18 15:47:19.638000,417.26303180060506,996
2024-09-18 15:47:19.690000,417.1759548389252,10
2024-09-18 15:47:19.696000,417.2576166309044,15
2024-09-18 15:47:19.797000,417.1795685862957,5
2024-09-18 15:47:19.819000,417.24099569222,999
2024-09-18 15:47:19.908000,417.2640803963852,6
2024-09-18 15:47:19.939000,417.16916443424833,99
2024-09-18 15:47:19.969000,417.2646078198744,99
2024-09-18 15:47:19.977000,417.2260213858919,12
2024-09-18 15:47:19.978000,417.170161905884,997
2024-09-18 15:47:20.026000,417.16500404598935,5
2024-09-18 15:47:20.033000,417.1754876932607,95
2024-09-18 15:47:20.103000,417.2019678947298,99
2024-09-18 15:47:20.108000,417.1771994575406,100
2024-09-18 15:47:20.167000,417.21040504460507,5
2024-09-18 15:47:20.177000,417.2157928547795,12
2024-09-18 15:47:20.223000,417.1718289428955,7
2024-09-18 15:47:20.241000,417.2271655731753,13
2024-09-18 15:47:20.242000,417.18354133673694,13
2024-09-18 15:47:20.255000,417.19106190196015,5
2024-09-18 15:47:20.267000,417.2302934748524,1005
2024-09-18 15:47:20.297000,417.19633482262816,997
2024-09-18 15:47:20.319000,417.2099075044242,104
2024-09-18 15:47:20.364000,417.2365788195135,9
2024-09-18 15:47:20.484000,417.2131427123163,99
2024-09-18 15:47:20.537000,417.2111767349347,102
2024-09-18 15:47:20.597000,417.2073997314548,14
2024-09-18 15:47:20.636000,417.1842887403781,996
2024-09-18 15:47:20.663000,417.1819933184247,1004
2024-09-18 15:47:20.726000,417.18908675073953,1002
2024-09-18 15:47:20.731000,417.187130677364,1001
2024-09-18 15:47:20.835000,417.21382699002754,14
2024-09-18 15:47:20.923000,417.1828768352091,100
2024-09-18 15:47:20.957000,417.1767532707618,1002
2024-09-18 15:47:20.977000,417.17011158956126,8
2024-09-18 15:47:21.214000,417.2228926347258,103
2024-09-18 15:47:21.316000,417.2174314962829,996
2024-09-18 15:47:21.447000,417.1934814931381,102
2024-09-18 15:47:21.547000,417.2098368274488,997
2024-09-18 15:47:21.574000,417.2197461641995,96
2024-09-18 15:47:21.695000,417.22593412248375,95
2024-09-18 15:47:21.818000,417.2035626258517,101
2024-09-18 15:47:21.881000,417.2485886440664,14
2024-09-18 15:47:21.971000,417.19993186916565,1003
2024-09-18 15:47:22.171000,417.1973809770125,5
2024-09-18 15:47:22.172000,417.1909125167516,11
2024-09-18 15:47:22.193000,417.19613180562834,1003
2024-09-18 15:47:22.281000,417.2193221249072,10
2024-09-18 15:47:22.336000,417.2130417684671,103
2024-09-18 15:47:22.414000,417.2084282594442,103
2024-09-18 15:47:22.516000,417.2020323386086,996
2024-09-18 15:47:22.516000,417.18616443184703,99
2024-09-18 15:47:22.555000,417.1762189471356,1000
2024-09-18 15:47:22.634000,417.21304739255226,9
2024-09-18 15:47:22.637000,417.1995066982474,998
2024-09-18 15:47:22.674000,413.1445281342844,11
2024-09-18 15:47:22.685000,417.2008151978142,104
2024-09-18 15:47:22.725000,417.2093473993061,13
2024-09-18 15:47:23.002000,417.2143021570516,101
2024-09-18 15:47:23.151000,417.1904871738181,999
2024-09-18 15:47:23.167000,417.2157122062068,1004
2024-09-18 15:47:23.201000,417.2043947679981,1005
2024-09-18 15:47:23.221000,417.2078991106846,15
2024-09-18 15:47:23.237000,417.2265017870757,96
2024-09-18 15:47:23.238000,417.203730605844,12
2024-09-18 15:47:23.271000,417.1972796937797,1001
2024-09-18 15:47:23.294000,417.198126241328,98
2024-09-18 15:47:23.316000,417.2078091682848,100
2024-09-18 15:47:23.330000,417.2202715038908,6
2024-09-18 15:47:23.366000,417.21810828367074,103
2024-09-18 15:47:23.378000,417.20040518641343,995
2024-09-18 15:47:23.404000,417.2079883344799,12
2024-09-18 15:47:23.423000,417.2139346546704,7
2024-09-18 15:47:23.436000,417.2200781038539,100
2024-09-18 15:47:23.581000,417.1973220660814,999
2024-09-18 15:47:23.637000,417.2125702707097,7
2024-09-18 15:47:23.683000,417.2154106786037,7
2024-09-18 15:47:23.742000,417.2083432213365,996
2024-09-18 15:47:23.774000,417.2035252836965,1000
2024-09-18 15:47:23.807000,417.2127262095488,100
2024-09-18 15:47:23.814000,417.212903956381,6
2024-09-18 15:47:23.826000,417.2045046670136,9
2024-09-18 15:47:23.835000,417.2063159265804,995
2024-09-18 15:47:24.070000,417.2400690966416,8
2024-09-18 15:47:24.073000,417.2071970352304,1003
2024-09-18 15:47:24.310000,417.19536573494304,97
2024-09-18 15:47:24.322000,417.2118788082592,1002
2024-09-18 15:47:24.340000,417.2406424587659,999
2024-09-18 15:47:24.399000,417.1847032972497,15
2024-09-18 15:47:24.404000,417.1900557438245,96
2024-09-18 15:47:24.462000,417.2194156566167,104
2024-09-18 15:47:24.487000,417.194160220104,98
2024-09-18 15:47:24.489000,417.2517780151462,95
2024-09-18 15:47:24.554000,417.2239674737941,999
2024-09-18 15:47:24.672000,417.2267205785497,1002
2024-09-18 15:47:24.765000,417.21451176604353,99
2024-09-18 15:47:24.795000,417.1918381073256,102
2024-09-18 15:47:24.828000,417.2177927128336,101
2024-09-18 15:47:24.980000,417.2324581023925,15
2024-09-18 15:47:25.057000,417.10201319730845,105
2024-09-18 15:47:25.093000,417.2162737142752,13
2024-09-18 15:47:25.158000,417.2040263080634,14
2024-09-18 15:47:25.161000,417.233319972041,1004
2024-09-18 15:47:25.286000,417.2117716064547,6
2024-09-18 15:47:25.299000,417.15502970456544,1004
2024-09-18 15:47:25.403000,417.1667443458271,13
2024-09-18 15:47:25.525000,417.21855194538045,1002
2024-09-18 15:47:25.673000,417.1562975187204,997
2024-09-18 15:47:25.733000,417.2381229542376,100
2024-09-18 15:47:25.764000,417.204117892621,11
2024-09-18 15:47:25.855000,417.2062039105696,100
2024-09-18 15:47:26.104000,417.1341167707331,100
2024-09-18 15:47:26.175000,417.1188678277606,8
2024-09-18 15:47:26.255000,417.0810182182372,12
2024-09-18 15:47:26.291000,417.12108532148727,1002
2024-09-18 15:47:26.371000,417.1351211104565,98
2024-09-18 15:47:26.451000,417.12260568747627,97
2024-09-18 15:47:26.455000,417.1100514768793,102
2024-09-18 15:47:26.496000,417.0947947433891,995
2024-09-18 15:47:26.596000,417.14241462482687,100
2024-09-18 15:47:26.663000,417.1481743132218,996
2024-09-18 15:47:26.667000,413.2878993477602,8
2024-09-18 15:47:26.707000,417.10770667315614,99
2024-09-18 15:47:26.715000,417.114529490813,105
2024-09-18 15:47:26.729000,417.102383875116,105
2024-09-18 15:47:26.752000,417.09813205275856,12
2024-09-18 15:47:26.765000,417.1257023717158,998
2024-09-18 15:47:26.872000,417.1193042609018,1005
2024-09-18 15:47:26.873000,417.0670804155128,1001
2024-09-18 15:47:26.922000,417.06557399558926,105
2024-09-18 15:47:26.927000,417.0818822751432,1002
2024-09-18 15:47:26.932000,417.1333493782354,1000
2024-09-18 15:47:26.991000,417.0884439342995,105
2024-09-18 15:47:27,417.0784778728933,5
2024-09-18 15:47:27.031000,413.26249698813103,5
2024-09-18 15:47:27.040000,417.0480855747472,100
2024-09-18 15:47:27.041000,417.03382150611145,8
2024-09-18 15:47:27.062000,417.0517985636809,7
2024-09-18 15:47:27.082000,417.0696298308081,996
2024-09-18 15:47:27.141000,417.0987658607893,15
2024-09-18 15:47:27.222000,417.058786576981,996
2024-09-18 15:47:27.273000,417.08924497827775,1002
2024-09-18 15:47:27.289000,417.0441667035188,102
2024-09-18 15:47:27.308000,417.0669368560409,97
2024-09-18 15:47:27.350000,417.0535643323493,1003
2024-09-18 15:47:27.394000,417.0513783724505,995
2024-09-18 15:47:27.415000,417.0439436162553,100
2024-09-18 15:47:27.430000,417.0337395851645,1001
2024-09-18 15:47:27.543000,417.08602165266007,103
2024-09-18 15:47:27.556000,417.0515236840994,97
2024-09-18 15:47:27.631000,417.0350848295366,97
2024-09-18 15:47:27.722000,417.0531707026439,103
2024-09-18 15:47:27.754000,417.048310949153,7
2024-09-18 15:47:27.789000,417.04624612966273,1003
2024-09-18 15:47:27.808000,417.0715057483201,101
2024-09-18 15:47:27.869000,417.072100534935,15
2024-09-18 15:47:27.895000,417.0679755893784,11
2024-09-18 15:47:27.942000,417.0927936660828,11
2024-09-18 15:47:28.135000,417.0300640724447,101
2024-09-18 15:47:28.142000,417.0091156005289,14
2024-09-18 15:47:28.209000,417.00346675065975,9
2024-09-18 15:47:28.218000,417.0378964053117,104
2024-09-18 15:47:28.230000,417.0208572371335,6
2024-09-18 15:47:28.397000,417.0132275062146,1000
2024-09-18 15:47:28.575000,417.0361892957643,15
2024-09-18 15:47:28.773000,416.99632784842544,99
2024-09-18 15:47:28.892000,417.028590275967,1002
2024-09-18 15:47:28.892000,417.01362669934446,996
2024-09-18 15:47:28.959000,416.988071323212,99
2024-09-18 15:47:29.085000,417.0363519298653,14
2024-09-18 15:47:29.436000,417.0316403109832,101
2024-09-18 15:47:29.748000,417.02919157823567,1005
2024-09-18 15:47:30.022000,417.0311777520511,105
2024-09-18 15:47:30.394000,417.0328644586434,12
2024-09-18 15:47:30.663000,417.0400585205721,10
2024-09-18 15:47:31.035000,416.9651525104043,1001
2024-09-18 15:47:31.135000,417.0438199322751,1001
2024-09-18 15:47:31.156000,417.03725421602434,15
2024-09-18 15:47:31.158000,417.05233604061846,10
2024-09-18 15:47:31.172000,416.9415005178895,12
2024-09-18 15:47:31.246000,416.9785842305189,7
2024-09-18 15:47:31.255000,417.04664447108365,995
2024-09-18 15:47:31.283000,417.0504826573509,6
2024-09-18 15:47:31.373000,416.9539731537884,997
2024-09-18 15:47:31.395000,416.9642215069642,103
2024-09-18 15:47:31.415000,416.9809588693081,1004
2024-09-18 15:47:31.493000,417.0200757149291,99
2024-09-18 15:47:31.512000,417.0471716313442,6
2024-09-18 15:47:31.544000,417.0348383110818,1005
2024-09-18 15:47:31.574000,417.0357085145332,7
2024-09-18 15:47:31.583000,416.9974973366106,1000
2024-09-18 15:47:31.763000,417.03530378896136,998
2024-09-18 15:47:31.770000,417.05335463647856,96
2024-09-18 15:47:31.814000,417.0515323303646,96
2024-09-18 15:47:31.818000,413.3616538356074,13
2024-09-18 15:47:31.827000,417.04414564575904,97
2024-09-18 15:47:32.012000,416.9059572346349,15
2024-09-18 15:47:32.114000,416.8712460600002,14
2024-09-18 15:47:32.127000,416.8788623223437,95
2024-09-18 15:47:32.163000,416.8906981025575,96
2024-09-18 15:47:32.187000,416.9169911212458,997
2024-09-18 15:47:32.211000,416.8967956689998,999
2024-09-18 15:47:32.400000,416.90768066196347,98
2024-09-18 15:47:32.508000,416.8996571255147,11
2024-09-18 15:47:32.557000,416.921303389861,1002
2024-09-18 15:47:32.620000,416.9430547096849,10
2024-09-18 15:47:32.642000,416.9182082252492,102
2024-09-18 15:47:32.679000,416.91754231849086,8
2024-09-18 15:47:32.754000,416.9381578039069,1005
2024-09-18 15:47:32.869000,416.894072937846,105
2024-09-18 15:47:32.940000,416.9046083436762,998
2024-09-18 15:47:33.102000,416.8712631427247,1002
2024-09-18 15:47:33.211000,416.8800370676608,11
2024-09-18 15:47:33.242000,416.88310931860974,104
2024-09-18 15:47:33.284000,416.8804274492896,1000
2024-09-18 15:47:33.296000,416.90215201384825,1003
2024-09-18 15:47:33.338000,416.8757992783357,998
2024-09-18 15:47:33.369000,416.8927159353757,102
2024-09-18 15:47:33.408000,416.82581490365385,1003
2024-09-18 15:47:33.422000,416.8765974531555,10
2024-09-18 15:47:33.729000,416.83680384526,1005
2024-09-18 15:47:33.756000,416.88283518712063,8
2024-09-18 15:47:33.913000,413.3718231905231,6
2024-09-18 15:47:33.940000,416.90606483482367,5
2024-09-18 15:47:33.965000,416.863516892238,105
2024-09-18 15:47:33.978000,416.8448015977418,10
2024-09-18 15:47:34.218000,416.8199057188103,98
2024-09-18 15:47:34.285000,416.8100911255496,99
2024-09-18 15:47:34.420000,416.8069953714691,1001
2024-09-18 15:47:34.452000,416.8122084262157,104
2024-09-18 15:47:34.522000,416.8310172766482,98
2024-09-18 15:47:34.544000,416.8082439356665,997
2024-09-18 15:47:34.797000,413.3773197244868,1000
2024-09-18 15:47:34.954000,416.80937575228944,1004
2024-09-18 15:47:35.001000,416.8643210002685,1001
2024-09-18 15:47:35.019000,413.3588564171943,6
2024-09-18 15:47:35.056000,416.8352198011596,96
2024-09-18 15:47:35.191000,416.8328426888212,97
2024-09-18 15:47:35.193000,416.8528924374762,1003
2024-09-18 15:47:35.252000,416.8808647167089,996
2024-09-18 15:47:35.311000,416.8192116349275,6
2024-09-18 15:47:35.365000,416.78350849115486,996
2024-09-18 15:47:35.475000,416.86060094353866,1002
2024-09-18 15:47:35.491000,416.8446376871156,998
2024-09-18 15:47:35.498000,416.815150146145,100
2024-09-18 15:47:35.671000,416.8497625491184,105
2024-09-18 15:47:35.698000,416.8013557373977,1004
2024-09-18 15:47:35.705000,416.8140048070896,8
2024-09-18 15:47:35.764000,416.79447342651423,11
2024-09-18 15:47:35.815000,416.8724686517585,5
2024-09-18 15:47:35.815000,416.7880176771906,95
2024-09-18 15:47:35.827000,416.7902001235002,1002
2024-09-18 15:47:35.853000,416.81554971554345,96
2024-09-18 15:47:35.853000,416.8170565168549,999
2024-09-18 15:47:35.869000,416.8485701352948,7
2024-09-18 15:47:35.893000,416.8474557674017,1004
2024-09-18 15:47:35.894000,416.7930207503861,15
2024-09-18 15:47:35.938000,416.8339197322144,1003
2024-09-18 15:47:35.972000,416.8252690522144,99
2024-09-18 15:47:36.141000,416.8174458735935,1004
2024-09-18 15:47:36.154000,416.81836786570045,7
2024-09-18 15:47:36.196000,416.81302737696274,11
2024-09-18 15:47:36.241000,416.82941157832624,100
2024-09-18 15:47:36.247000,416.8362229409475,15
2024-09-18 15:47:36.256000,416.8218950663186,103
2024-09-18 15:47:36.339000,416.8500771540139,101
2024-09-18 15:47:36.340000,416.82326749783175,1000
2024-09-18 15:47:36.345000,416.8438292909976,9
2024-09-18 15:47:36.407000,416.84333488534463,9
2024-09-18 15:47:36.420000,416.8117564236527,5
2024-09-18 15:47:36.424000,416.8059338150495,99
2024-09-18 15:47:36.562000,416.845350453449,100
2024-09-18 15:47:36.603000,416.8466549470717,105
2024-09-18 15:47:36.658000,416.81509114894334,6
2024-09-18 15:47:36.690000,416.8152594959292,105
2024-09-18 15:47:36.707000,416.81818394238746,11
2024-09-18 15:47:36.709000,416.8098456485222,996
2024-09-18 15:47:36.785000,416.8422562787213,96
2024-09-18 15:47:36.970000,416.83033807502034,998
2024-09-18 15:47:37.060000,416.8354552865438,1001
2024-09-18 15:47:37.142000,416.8373123764775,997
2024-09-18 15:47:37.154000,416.8399753342693,102
2024-09-18 15:47:37.178000,416.88240579849565,99
2024-09-18 15:47:37.239000,416.8344971425949,96
2024-09-18 15:47:37.270000,416.886616242282,97
2024-09-18 15:47:37.303000,416.8455127985992,1003
2024-09-18 15:47:37.327000,416.8158419502647,1002
2024-09-18 15:47:37.368000,416.8955187384021,104
2024-09-18 15:47:37.397000,416.8307638452538,103
2024-09-18 15:47:37.439000,416.83780290371215,1000
2024-09-18 15:47:37.440000,416.86392423498256,104
2024-09-18 15:47:37.452000,416.8275291192552,104
2024-09-18 15:47:37.490000,416.8266651314586,10
2024-09-18 15:47:37.522000,416.8333276332967,103
2024-09-18 15:47:37.635000,416.87298557862766,96
2024-09-18 15:47:37.657000,416.817744029533,12
2024-09-18 15:47:37.878000,416.8818549739647,1001
2024-09-18 15:47:37.988000,416.8244340206526,1000
2024-09-18 15:47:38.075000,416.84194938219855,9
2024-09-18 15:47:38.379000,416.8417666861597,104
2024-09-18 15:47:38.415000,416.8394704162844,104
2024-09-18 15:47:38.433000,416.84681514307374,97
2024-09-18 15:47:38.475000,416.8494389668751,101
2024-09-18 15:47:38.518000,416.8546866121877,1003
2024-09-18 15:47:38.975000,416.8521350823191,11
2024-09-18 15:47:39.171000,416.84219012801447,102
2024-09-18 15:47:39.227000,416.85395802156216,998
2024-09-18 15:47:39.248000,416.8368063218651,1004
2024-09-18 15:47:39.305000,416.8402816381891,102
2024-09-18 15:47:39.322000,416.8447936142873,1004
2024-09-18 15:47:39.472000,416.84032902405903,998
2024-09-18 15:47:39.691000,416.8209870048459,6
2024-09-18 15:47:39.786000,416.8414843474082,104
2024-09-18 15:47:40.010000,416.7826291001848,1001
2024-09-18 15:47:40.098000,416.8230559290793,12
2024-09-18 15:47:40.189000,416.7802610751106,1000
2024-09-18 15:47:40.273000,416.7815688908994,102
2024-09-18 15:47:40.299000,416.81121487376015,1003
2024-09-18 15:47:40.315000,416.7692608774944,1001
2024-09-18 15:47:40.520000,416.7679275100331,998
2024-09-18 15:47:40.528000,416.7859835022542,1000
2024-09-18 15:47:40.534000,416.79604506113407,5
2024-09-18 15:47:40.591000,416.7860525939722,998
2024-09-18 15:47:40.592000,416.8080397488194,1000
2024-09-18 15:47:40.631000,416.7756672133135,96
2024-09-18 15:47:40.669000,416.7905401505088,1004
2024-09-18 15:47:40.689000,416.81102922219526,999
2024-09-18 15:47:40.754000,416.8167365620852,11
2024-09-18 15:47:40.781000,416.8125342092207,103
2024-09-18 15:47:40.812000,416.8020928890961,1004
2024-09-18 15:47:40.894000,416.82909819401874,999
2024-09-18 15:47:40.971000,416.780705630499,6
2024-09-18 15:47:40.989000,416.8028112924318,102
2024-09-18 15:47:41.014000,416.7579952317071,99
2024-09-18 15:47:41.021000,416.77560050910233,1005
2024-09-18 15:47:41.031000,416.7796094059684,95
2024-09-18 15:47:41.227000,416.7756638165535,105
2024-09-18 15:47:41.315000,416.840052525406,13
2024-09-18 15:47:41.327000,416.76204029576417,1005
2024-09-18 15:47:41.350000,416.8452759214003,997
2024-09-18 15:47:41.352000,416.8378632672888,1002
2024-09-18 15:47:41.453000,416.7811610738013,100
2024-09-18 15:47:41.460000,416.7681107052448,15
2024-09-18 15:47:41.495000,416.776022198587,999
2024-09-18 15:47:41.524000,416.7946150588203,8
2024-09-18 15:47:41.531000,416.7722369528922,100
2024-09-18 15:47:41.552000,416.8339803812468,999
2024-09-18 15:47:41.562000,416.82418307437104,97
2024-09-18 15:47:41.691000,416.7715268420651,95
2024-09-18 15:47:41.730000,416.7672064532576,1002
2024-09-18 15:47:41.770000,416.83817471088815,1005
2024-09-18 15:47:41.820000,416.7878561591884,6
2024-09-18 15:47:41.844000,416.76340180280255,11
2024-09-18 15:47:41.924000,416.7680650721819,9
2024-09-18 15:47:41.953000,416.7812452503265,15
2024-09-18 15:47:41.979000,416.8016950969044,996
2024-09-18 15:47:42.006000,416.8479641632021,105
2024-09-18 15:47:42.060000,416.8331384058607,99
2024-09-18 15:47:42.110000,416.85451967770416,103
2024-09-18 15:47:42.122000,416.8171001645277,995
2024-09-18 15:47:42.128000,416.8680950758135,104
2024-09-18 15:47:42.324000,416.83185853648143,14
2024-09-18 15:47:42.361000,416.8403549168036,102
2024-09-18 15:47:42.409000,416.8547650483297,102
2024-09-18 15:47:42.431000,416.8196608585956,998
2024-09-18 15:47:42.434000,416.8249848154739,1002
2024-09-18 15:47:42.616000,416.8132270700667,6
2024-09-18 15:47:42.752000,416.8439831074151,1002
2024-09-18 15:47:42.777000,416.81545027846624,1004
2024-09-18 15:47:42.812000,416.86095877671806,998
2024-09-18 15:47:42.924000,416.8208790646901,998
2024-09-18 15:47:42.987000,416.8273034439813,104
2024-09-18 15:47:43.139000,413.1503035054235,97
2024-09-18 15:47:43.206000,416.8803464321751,998
2024-09-18 15:47:43.364000,416.86899276753775,10
2024-09-18 15:47:44.011000,416.873383796006,6
2024-09-18 15:47:44.314000,416.85061501042526,995
2024-09-18 15:47:44.681000,416.8621402227047,15
2024-09-18 15:47:44.744000,416.8428355736208,6
2024-09-18 15:47:44.915000,416.8732615069922,1000
2024-09-18 15:47:44.927000,416.8688320267436,103
2024-09-18 15:47:45.131000,416.8509755608688,100
2024-09-18 15:47:45.138000,416.8308600783204,1003
2024-09-18 15:47:45.203000,416.8602390710488,6
2024-09-18 15:47:45.237000,416.8211329477611,6
2024-09-18 15:47:45.239000,416.8510325260568,998
2024-09-18 15:47:45.439000,416.8466532441287,97
2024-09-18 15:47:45.469000,416.8321809449242,998
2024-09-18 15:47:45.584000,416.8464820975926,104
2024-09-18 15:47:45.832000,416.8508994734305,1000
2024-09-18 15:47:45.874000,416.8638231344965,997
2024-09-18 15:47:45.974000,416.835235902754,13
2024-09-18 15:47:47.074000,416.84565632292873,1005
2024-09-18 15:47:47.097000,416.8411621085965,1003
2024-09-18 15:47:47.111000,416.8393914633027,9
2024-09-18 15:47:47.153000,416.8460674488324,99
2024-09-18 15:47:47.460000,416.8236674632509,999
2024-09-18 15:47:47.515000,416.8084565943828,103
2024-09-18 15:47:47.588000,416.8113583507965,14
2024-09-18 15:47:47.644000,416.82036511371695,97
2024-09-18 15:47:47.945000,416.8413189889388,5
2024-09-18 15:47:47.992000,416.8513532084546,1005
2024-09-18 15:47:48.350000,416.84520015957423,103
2024-09-18 15:47:48.395000,416.8283186813131,1005
2024-09-18 15:47:48.555000,416.8414601096166,1004
2024-09-18 15:47:49.345000,416.8321097656906,11
2024-09-18 15:47:49.401000,416.830179476457,1005
2024-09-18 15:47:49.530000,416.8210843097764,100
2024-09-18 15:47:49.596000,416.8243325299231,101
2024-09-18 15:47:49.745000,416.8446310371996,95
2024-09-18 15:47:50.112000,416.7833218867619,101
2024-09-18 15:47:50.178000,416.8023506410409,1004
2024-09-18 15:47:50.253000,416.7652437003146,5
2024-09-18 15:47:50.281000,416.7869311601398,101
2024-09-18 15:47:50.322000,416.8222581605853,99
2024-09-18 15:47:50.561000,416.74603001888994,97
2024-09-18 15:47:50.638000,416.77984584732906,103
2024-09-18 15:47:50.783000,416.7826745660899,13
2024-09-18 15:47:50.872000,416.7704536324864,996
2024-09-18 15:47:50.905000,416.7700553959626,98
2024-09-18 15:47:50.937000,416.791246456515,10
2024-09-18 15:47:50.966000,416.775605906237,1001
2024-09-18 15:47:51.045000,416.756297470102,8
2024-09-18 15:47:51.074000,416.74604080388,1000
2024-09-18 15:47:51.087000,416.72550197374966,999
2024-09-18 15:47:51.238000,416.7528444513477,97
2024-09-18 15:47:51.265000,416.7337674308956,100
2024-09-18 15:47:51.294000,416.7776344890111,13
2024-09-18 15:47:51.408000,416.7667576787256,99
2024-09-18 15:47:51.413000,416.731952382988,102
2024-09-18 15:47:51.436000,416.7401093116525,1005
2024-09-18 15:47:51.475000,416.7743710605655,13
2024-09-18 15:47:51.482000,416.744875738503,100
2024-09-18 15:47:51.563000,416.7663759645352,9
2024-09-18 15:47:51.601000,416.75812824456233,13
2024-09-18 15:47:51.606000,416.71053940195605,999
2024-09-18 15:47:51.657000,416.7240211945498,5
2024-09-18 15:47:51.677000,413.1021430312942,11
2024-09-18 15:47:51.685000,416.724302419698,102
2024-09-18 15:47:51.745000,416.7657455283011,15
2024-09-18 15:47:51.777000,413.1140628254534,98
2024-09-18 15:47:51.790000,416.7358823689516,10
2024-09-18 15:47:51.795000,416.7737849125261,99
2024-09-18 15:47:51.814000,416.7429204790069,998
2024-09-18 15:47:51.816000,416.74909190297006,1004
2024-09-18 15:47:51.874000,416.7925850407341,1000
2024-09-18 15:47:51.886000,416.7775334213674,997
2024-09-18 15:47:51.959000,416.7693803841414,100
2024-09-18 15:47:51.959000,416.7552755359317,10
2024-09-18 15:47:51.961000,416.74845171390615,96
2024-09-18 15:47:52.044000,416.7644640234632,8
2024-09-18 15:47:52.160000,416.7984796612812,1002
2024-09-18 15:47:52.174000,416.77360445323006,9
2024-09-18 15:47:52.174000,416.8285466067223,14
2024-09-18 15:47:52.188000,416.7727262762741,11
2024-09-18 15:47:52.198000,416.8293815042711,101
2024-09-18 15:47:52.242000,416.8033940146362,96
2024-09-18 15:47:52.331000,416.8296367904508,998
2024-09-18 15:47:52.359000,416.8081659932896,5
2024-09-18 15:47:52.394000,416.7379658708124,11
2024-09-18 15:47:52.403000,416.82058843358686,103
2024-09-18 15:47:52.473000,416.79545924310406,1000
2024-09-18 15:47:52.512000,416.8024677494606,995
2024-09-18 15:47:52.517000,416.7938010829899,999
2024-09-18 15:47:52.524000,416.8123676318896,5
2024-09-18 15:47:52.530000,416.7603856622633,12
2024-09-18 15:47:52.560000,416.8433835120742,96
2024-09-18 15:47:52.624000,416.8290967721087,12
2024-09-18 15:47:52.641000,416.77336741467576,1001
2024-09-18 15:47:52.656000,416.8078222159463,995
2024-09-18 15:47:52.661000,416.751474124501,6
2024-09-18 15:47:52.720000,416.8095517945272,103
2024-09-18 15:47:52.754000,416.8185858593821,11
2024-09-18 15:47:52.818000,416.80051328619953,1000
2024-09-18 15:47:52.861000,416.74512618665455,998
2024-09-18 15:47:52.869000,416.8292438856009,8
2024-09-18 15:47:52.883000,416.74428270242765,11
2024-09-18 15:47:52.950000,416.8206565228102,97
2024-09-18 15:47:53.046000,416.7773383885914,996
2024-09-18 15:47:53.287000,416.7223901370346,97
2024-09-18 15:47:53.415000,416.7242642585332,97
2024-09-18 15:47:53.431000,416.6798557675494,10
2024-09-18 15:47:53.534000,416.7767416066621,5
2024-09-18 15:47:53.605000,416.74247962305816,105
2024-09-18 15:47:53.618000,416.7452063526061,104
2024-09-18 15:47:53.658000,416.7296481255705,1005
2024-09-18 15:47:53.661000,416.73465269694617,7
2024-09-18 15:47:53.741000,416.72535676023193,105
2024-09-18 15:47:53.833000,416.75809440491616,10
2024-09-18 15:47:53.858000,416.79137102439887,995
2024-09-18 15:47:53.864000,416.7746067523575,13
2024-09-18 15:47:53.938000,416.6935481372806,1002
2024-09-18 15:47:54.086000,416.6338607943411,1000
2024-09-18 15:47:54.224000,416.6471320228656,12
2024-09-18 15:47:54.275000,416.6431409378291,999
2024-09-18 15:47:54.343000,416.66919187065554,999
2024-09-18 15:47:54.348000,416.67934204656746,103
2024-09-18 15:47:54.419000,416.6367595020066,995
2024-09-18 15:47:54.465000,416.6433586963223,99
2024-09-18 15:47:54.506000,416.6538003686641,6
2024-09-18 15:47:54.575000,416.6340619072958,11
2024-09-18 15:47:54.591000,416.6234285507875,999
2024-09-18 15:47:54.637000,416.66780298941984,102
2024-09-18 15:47:54.671000,416.6415668735459,103
2024-09-18 15:47:54.671000,416.6635318870944,996
2024-09-18 15:47:54.701000,416.6731860293636,997
2024-09-18 15:47:54.708000,416.68070633422576,8
2024-09-18 15:47:54.810000,416.6825587061215,99
2024-09-18 15:47:54.865000,416.6159242535669,1002
2024-09-18 15:47:54.882000,416.66699577942217,7
2024-09-18 15:47:54.884000,416.6397086854007,105
2024-09-18 15:47:54.984000,416.6317873246497,1000
2024-09-18 15:47:54.985000,416.6404856995792,999
2024-09-18 15:47:54.985000,416.6140078839079,995
2024-09-18 15:47:55.102000,416.64738105650406,103
2024-09-18 15:47:55.132000,416.5370293816037,15
2024-09-18 15:47:55.181000,416.6334505033985,103
2024-09-18 15:47:55.186000,416.652173238073,15
2024-09-18 15:47:55.279000,416.6663560835577,8
2024-09-18 15:47:55.296000,416.65450273606575,12
2024-09-18 15:47:55.312000,416.5571461429576,998
2024-09-18 15:47:55.403000,416.6367375065006,6
2024-09-18 15:47:55.443000,416.6300377507934,10
2024-09-18 15:47:55.478000,416.6346025501151,105
2024-09-18 15:47:55.532000,416.620885884639,102
2024-09-18 15:47:55.550000,416.6236206632044,8
2024-09-18 15:47:55.551000,416.624465533259,1001
2024-09-18 15:47:55.612000,416.62433096726863,999
2024-09-18 15:47:55.617000,416.5609148641328,97
2024-09-18 15:47:55.631000,416.5909283476577,96
2024-09-18 15:47:55.713000,416.62733863306966,997
2024-09-18 15:47:55.859000,416.5805770902443,998
2024-09-18 15:47:55.903000,416.66577935568233,13
2024-09-18 15:47:55.929000,416.6513752451496,12
2024-09-18 15:47:55.943000,416.6671348113798,95
2024-09-18 15:47:55.970000,416.6364275417889,1001
2024-09-18 15:47:56.052000,416.5582600276405,1000
2024-09-18 15:47:56.153000,416.5372195208041,996
2024-09-18 15:47:56.201000,416.58677831473074,997
2024-09-18 15:47:56.269000,416.5769925032359,998
2024-09-18 15:47:56.314000,416.579575126468,998
2024-09-18 15:47:56.315000,416.55517921592127,997
2024-09-18 15:47:56.385000,416.5496491510509,1000
2024-09-18 15:47:56.392000,416.5878390131254,100
2024-09-18 15:47:56.408000,416.5515565183478,997
2024-09-18 15:47:56.480000,416.5530298190199,1003
2024-09-18 15:47:56.491000,416.5703567310433,1001
2024-09-18 15:47:56.499000,416.58959000340167,7
2024-09-18 15:47:56.541000,416.5803675125743,999
2024-09-18 15:47:56.619000,416.567534312454,100
2024-09-18 15:47:56.693000,416.5611036998825,99
2024-09-18 15:47:56.704000,416.5881512628772,95
2024-09-18 15:47:56.723000,416.5792222188608,102
2024-09-18 15:47:56.723000,416.5883937165048,997
2024-09-18 15:47:56.824000,416.5697890590493,1002
2024-09-18 15:47:56.892000,416.571403949074,98
2024-09-18 15:47:56.893000,416.55770317058114,9
2024-09-18 15:47:56.936000,416.5905835205745,102
2024-09-18 15:47:56.968000,416.5688079184434,10
2024-09-18 15:47:57.227000,416.5643620304128,997
2024-09-18 15:47:57.647000,416.5648392506604,101
2024-09-18 15:47:58.336000,416.5564978113694,6
2024-09-18 15:47:58.533000,416.5586662867823,102
2024-09-18 15:47:58.887000,416.5530493855963,1002
2024-09-18 15:47:59.015000,416.5560532021187,95
2024-09-18 15:47:59.074000,416.5902219851761,99
2024-09-18 15:47:59.097000,416.5863911425301,998
2024-09-18 15:47:59.123000,416.5559978885205,1000
2024-09-18 15:47:59.188000,416.5974312892816,6
2024-09-18 15:47:59.191000,416.5708182390635,105
2024-09-18 15:47:59.238000,416.5585020564606,15
2024-09-18 15:47:59.239000,416.5652995954252,104
2024-09-18 15:47:59.243000,416.5391945799734,995
2024-09-18 15:47:59.258000,416.5525699012677,96
2024-09-18 15:47:59.311000,416.5216311966194,1003
2024-09-18 15:47:59.388000,416.5612795531303,12
2024-09-18 15:47:59.423000,416.563680311135,102
2024-09-18 15:47:59.442000,416.48450949779686,100
2024-09-18 15:47:59.470000,416.57288541628094,97
2024-09-18 15:47:59.528000,416.57801109008494,15
2024-09-18 15:47:59.531000,416.5755884685323,102
2024-09-18 15:47:59.549000,416.5563407861063,105
2024-09-18 15:47:59.598000,416.5779766122364,97
2024-09-18 15:47:59.655000,412.85298048892247,1004
2024-09-18 15:47:59.672000,416.5524870821133,5
2024-09-18 15:47:59.712000,416.57223740483954,995
2024-09-18 15:47:59.771000,416.5670376862916,103
2024-09-18 15:47:59.784000,416.497062510128,1002
2024-09-18 15:47:59.805000,416.59851119164273,7
2024-09-18 15:47:59.899000,416.5967400121263,1003
2024-09-18 15:47:59.918000,416.5898627827103,996
2024-09-18 15:47:59.984000,416.5395271028878,1004
