Timestamp,Price,Size
2024-09-19 13:45:00.043000,421.9378375239054,9
2024-09-19 13:45:00.154000,421.9443975102896,7
2024-09-19 13:45:00.165000,421.9199170531768,1004
2024-09-19 13:45:00.180000,421.93498680443975,101
2024-09-19 13:45:00.223000,421.9717054496765,1000
2024-09-19 13:45:00.238000,422.0018027752723,103
2024-09-19 13:45:00.255000,421.9339339592698,1005
2024-09-19 13:45:00.295000,421.995066403135,99
2024-09-19 13:45:00.295000,421.9381202392005,95
2024-09-19 13:45:00.350000,421.9334784671733,11
2024-09-19 13:45:00.371000,421.9786057079056,6
2024-09-19 13:45:00.380000,421.9634396661135,101
2024-09-19 13:45:00.434000,421.9675946656709,6
2024-09-19 13:45:00.473000,421.97097361832994,1004
2024-09-19 13:45:00.491000,421.9350576551944,1004
2024-09-19 13:45:00.531000,421.9292929984793,10
2024-09-19 13:45:00.534000,421.9311750813813,1002
2024-09-19 13:45:00.547000,421.9365855206557,96
2024-09-19 13:45:00.550000,421.9580661954654,9
2024-09-19 13:45:00.590000,421.92630643316,7
2024-09-19 13:45:00.609000,421.9679007362653,1001
2024-09-19 13:45:00.630000,421.93893187423976,1003
2024-09-19 13:45:00.698000,421.97077999945947,1005
2024-09-19 13:45:00.720000,421.9648742903644,103
2024-09-19 13:45:00.763000,421.9342310542498,15
2024-09-19 13:45:00.818000,421.9369301895953,14
2024-09-19 13:45:00.857000,421.9303062613632,995
2024-09-19 13:45:00.961000,421.9255383849199,96
2024-09-19 13:45:00.997000,421.979038748712,102
2024-09-19 13:45:00.998000,421.9523483490117,95
2024-09-19 13:45:01.082000,421.9962680486587,15
2024-09-19 13:45:01.204000,421.9983834355812,100
2024-09-19 13:45:01.304000,422.010354349674,10
2024-09-19 13:45:01.310000,422.0224363365389,105
2024-09-19 13:45:01.367000,422.01599339306,97
2024-09-19 13:45:01.468000,421.9854630819752,6
2024-09-19 13:45:01.508000,421.9948649620579,995
2024-09-19 13:45:01.644000,422.0358108800714,1005
2024-09-19 13:45:01.662000,421.96800863051135,995
2024-09-19 13:45:01.887000,422.01749798869866,99
2024-09-19 13:45:01.897000,422.005277120567,9
2024-09-19 13:45:01.904000,421.97612095020185,1004
2024-09-19 13:45:01.993000,421.9974490913684,999
2024-09-19 13:45:02.022000,422.0142220517616,996
2024-09-19 13:45:02.054000,422.0078719851083,1001
2024-09-19 13:45:02.059000,422.0275716406724,102
2024-09-19 13:45:02.121000,421.92376630230575,15
2024-09-19 13:45:02.134000,421.92850804055314,6
2024-09-19 13:45:02.170000,422.0265902116995,995
2024-09-19 13:45:02.330000,421.9625845929395,15
2024-09-19 13:45:02.454000,421.9177707215858,997
2024-09-19 13:45:02.519000,422.0206088812361,5
2024-09-19 13:45:02.797000,421.938240334786,10
2024-09-19 13:45:02.870000,421.9214264119093,5
2024-09-19 13:45:02.955000,421.9250685085637,1003
2024-09-19 13:45:03.702000,421.92664127639705,1000
2024-09-19 13:45:04.232000,421.9062748307928,99
2024-09-19 13:45:05.116000,421.9206203276873,1000
2024-09-19 13:45:05.122000,421.9284333272328,1003
2024-09-19 13:45:05.139000,421.9125085899724,1004
2024-09-19 13:45:05.142000,421.90311215531904,95
2024-09-19 13:45:05.268000,421.9067333281917,995
2024-09-19 13:45:05.272000,421.9155345915596,11
2024-09-19 13:45:05.310000,421.92230053920673,97
2024-09-19 13:45:05.319000,421.929464393657,99
2024-09-19 13:45:05.413000,421.9178037208044,95
2024-09-19 13:45:05.463000,421.9216058030173,14
2024-09-19 13:45:05.598000,421.9141851806498,97
2024-09-19 13:45:05.630000,421.9164546630088,13
2024-09-19 13:45:05.778000,421.8992590231472,102
2024-09-19 13:45:05.852000,421.9029277940054,14
2024-09-19 13:45:05.894000,421.9095240084335,103
2024-09-19 13:45:05.928000,421.9108060125093,15
2024-09-19 13:45:06.028000,421.9254378985786,997
2024-09-19 13:45:06.045000,421.8749550715944,7
2024-09-19 13:45:06.094000,421.8656746837914,10
2024-09-19 13:45:06.110000,421.9295061394882,6
2024-09-19 13:45:06.169000,421.9080878188624,13
2024-09-19 13:45:06.170000,421.8298312841724,102
2024-09-19 13:45:06.213000,421.9134344572146,996
2024-09-19 13:45:06.233000,421.905002799126,999
2024-09-19 13:45:06.272000,421.9089539598153,7
2024-09-19 13:45:06.319000,421.89560332536513,995
2024-09-19 13:45:06.328000,421.85100716773366,104
2024-09-19 13:45:06.343000,421.8517039689658,13
2024-09-19 13:45:06.396000,421.85790541684577,1001
2024-09-19 13:45:06.398000,421.93613344190896,103
2024-09-19 13:45:06.402000,421.8534405211258,997
2024-09-19 13:45:06.405000,421.929216214608,104
2024-09-19 13:45:06.419000,421.8570096552746,14
2024-09-19 13:45:06.427000,421.9126550417645,997
2024-09-19 13:45:06.466000,421.9214966577954,8
2024-09-19 13:45:06.483000,421.8388326925608,5
2024-09-19 13:45:06.491000,421.8730778859498,97
2024-09-19 13:45:06.533000,421.8757653238538,995
2024-09-19 13:45:06.664000,421.89275013170766,14
2024-09-19 13:45:06.755000,421.8577406408282,5
2024-09-19 13:45:06.873000,421.902616953374,101
2024-09-19 13:45:06.958000,421.8975823325766,15
2024-09-19 13:45:06.975000,421.914428391725,6
2024-09-19 13:45:07.129000,421.86500900669415,104
2024-09-19 13:45:07.256000,421.8512697674024,101
2024-09-19 13:45:07.280000,421.8419980382816,1000
2024-09-19 13:45:07.717000,421.8529854842581,99
2024-09-19 13:45:07.843000,421.8376924144196,5
2024-09-19 13:45:08.074000,421.8218580792956,96
2024-09-19 13:45:08.097000,421.848249236251,98
2024-09-19 13:45:08.146000,421.873233146929,6
2024-09-19 13:45:08.270000,421.8360337317841,99
2024-09-19 13:45:08.343000,421.8534658020688,1005
2024-09-19 13:45:08.513000,421.8170486040104,1003
2024-09-19 13:45:08.558000,421.8561374624242,999
2024-09-19 13:45:08.654000,421.8458306837121,1004
2024-09-19 13:45:08.666000,421.8477129403008,7
2024-09-19 13:45:08.675000,421.85598399943245,103
2024-09-19 13:45:08.716000,421.8173576807907,8
2024-09-19 13:45:08.730000,421.8342455059475,100
2024-09-19 13:45:08.782000,421.8621251148368,12
2024-09-19 13:45:08.785000,421.8198349143969,102
2024-09-19 13:45:08.842000,421.8103516404237,1005
2024-09-19 13:45:08.854000,421.8506838875103,11
2024-09-19 13:45:08.859000,421.85666694368814,105
2024-09-19 13:45:08.970000,421.8166547179762,998
2024-09-19 13:45:09.124000,421.8270976169801,996
2024-09-19 13:45:09.336000,421.8249122929136,99
2024-09-19 13:45:09.344000,421.8284338574853,6
2024-09-19 13:45:09.558000,421.82654890186905,98
2024-09-19 13:45:09.579000,421.8335508031275,996
2024-09-19 13:45:09.646000,421.8171144384459,999
2024-09-19 13:45:09.798000,421.8333434763426,11
2024-09-19 13:45:09.828000,421.8326604458472,1000
2024-09-19 13:45:09.862000,421.8404277607372,100
2024-09-19 13:45:10.043000,421.88164555305866,1003
2024-09-19 13:45:10.077000,421.8132056600776,98
2024-09-19 13:45:10.137000,421.9233552544929,104
2024-09-19 13:45:10.193000,421.8357356464295,1003
2024-09-19 13:45:10.221000,421.8412296155515,11
2024-09-19 13:45:10.275000,421.8182115076863,102
2024-09-19 13:45:10.288000,421.8041756009833,1002
2024-09-19 13:45:10.415000,421.8284415056944,1003
2024-09-19 13:45:10.426000,421.8060376376004,10
2024-09-19 13:45:10.446000,421.8524486275222,14
2024-09-19 13:45:10.482000,421.8139976787211,999
2024-09-19 13:45:10.634000,421.8447434884181,8
2024-09-19 13:45:10.676000,421.8987851289132,1001
2024-09-19 13:45:10.703000,421.8581503155845,998
2024-09-19 13:45:10.722000,421.8371752522899,101
2024-09-19 13:45:10.770000,421.9190988874699,995
2024-09-19 13:45:10.784000,421.8074537033708,8
2024-09-19 13:45:10.787000,421.8379918940234,101
2024-09-19 13:45:10.820000,421.8239390272026,104
2024-09-19 13:45:10.980000,421.8035828587245,100
2024-09-19 13:45:11.043000,421.9669867694257,96
2024-09-19 13:45:11.233000,421.9605098538216,999
2024-09-19 13:45:11.278000,421.9808123658096,1003
2024-09-19 13:45:11.438000,421.9741270777399,5
2024-09-19 13:45:11.599000,421.9736939305652,103
2024-09-19 13:45:11.838000,421.9474671988322,105
2024-09-19 13:45:11.955000,421.9475733859022,999
2024-09-19 13:45:12.069000,421.9464634737465,7
2024-09-19 13:45:12.074000,421.961570491894,1000
2024-09-19 13:45:12.373000,421.9329445062969,14
2024-09-19 13:45:12.550000,421.9282060046829,9
2024-09-19 13:45:13.593000,421.9808117736434,8
2024-09-19 13:45:14.065000,421.9137481884103,102
2024-09-19 13:45:14.385000,421.9264703589632,10
2024-09-19 13:45:14.387000,421.9600181633549,6
2024-09-19 13:45:14.786000,421.93089794456864,1002
2024-09-19 13:45:14.822000,421.94986470944855,8
2024-09-19 13:45:15.077000,421.9229264380611,5
2024-09-19 13:45:15.090000,421.9406205657205,10
2024-09-19 13:45:15.097000,421.9402637872287,1002
2024-09-19 13:45:15.165000,421.858764478857,999
2024-09-19 13:45:15.257000,421.82249724667616,997
2024-09-19 13:45:15.414000,421.9433849144126,105
2024-09-19 13:45:15.430000,421.94783849535713,1002
2024-09-19 13:45:15.449000,421.83148528850745,1001
2024-09-19 13:45:15.610000,421.92143400004574,1004
2024-09-19 13:45:15.635000,421.9529412643466,999
2024-09-19 13:45:15.640000,421.93240480876784,1003
2024-09-19 13:45:15.647000,421.91779837068174,997
2024-09-19 13:45:15.816000,421.9475295433137,5
2024-09-19 13:45:15.909000,421.9316603112424,103
2024-09-19 13:45:15.920000,421.87949512283984,6
2024-09-19 13:45:15.935000,421.91547568641926,95
2024-09-19 13:45:15.986000,421.9289941621147,1004
2024-09-19 13:45:16,422.02359809303255,100
2024-09-19 13:45:16.008000,421.8514664056358,101
2024-09-19 13:45:16.016000,421.8898803815507,996
2024-09-19 13:45:16.093000,421.873428601013,997
2024-09-19 13:45:16.153000,421.8640886915104,95
2024-09-19 13:45:16.219000,421.869068782258,1005
2024-09-19 13:45:16.267000,421.8483514235418,999
2024-09-19 13:45:16.404000,421.9719990149901,996
2024-09-19 13:45:16.421000,421.8732435564475,6
2024-09-19 13:45:16.439000,421.908396868486,12
2024-09-19 13:45:16.440000,422.0267274596556,9
2024-09-19 13:45:16.452000,421.9437139498409,14
2024-09-19 13:45:16.466000,421.9480924919425,10
2024-09-19 13:45:16.478000,421.9604411603342,1004
2024-09-19 13:45:16.522000,421.9508589504919,996
2024-09-19 13:45:16.538000,421.9773958756752,1000
2024-09-19 13:45:16.542000,421.8750693582316,1004
2024-09-19 13:45:16.601000,421.9633738934587,13
2024-09-19 13:45:16.615000,421.8740998868712,101
2024-09-19 13:45:16.666000,421.8689558046664,99
2024-09-19 13:45:16.689000,421.86627837575713,1004
2024-09-19 13:45:16.731000,422.0192822721536,97
2024-09-19 13:45:16.746000,422.0063702783031,96
2024-09-19 13:45:16.852000,421.9617140290885,1003
2024-09-19 13:45:16.858000,421.9732012894873,105
2024-09-19 13:45:16.869000,421.9085917018167,99
2024-09-19 13:45:16.886000,421.929145710198,13
2024-09-19 13:45:16.936000,421.8716881164799,1005
2024-09-19 13:45:17.074000,421.9770831234554,8
2024-09-19 13:45:17.088000,421.94384119042667,102
2024-09-19 13:45:17.272000,421.9763442417674,14
2024-09-19 13:45:17.325000,422.0128330408637,997
2024-09-19 13:45:17.430000,421.9452732513393,8
2024-09-19 13:45:17.789000,421.91258284207066,8
2024-09-19 13:45:18.455000,421.91358529875737,1005
2024-09-19 13:45:19.116000,421.8910661114915,999
2024-09-19 13:45:19.167000,421.9482778960898,15
2024-09-19 13:45:19.168000,421.8851240050981,11
2024-09-19 13:45:19.175000,421.93476256496666,1003
2024-09-19 13:45:19.199000,421.88258794568856,99
2024-09-19 13:45:19.276000,421.9040631037561,1002
2024-09-19 13:45:19.309000,421.8804859413006,95
2024-09-19 13:45:19.328000,421.87443494472177,12
2024-09-19 13:45:19.418000,421.90042800371066,998
2024-09-19 13:45:19.466000,421.8992594212804,1002
2024-09-19 13:45:19.529000,421.88892940324826,999
2024-09-19 13:45:19.533000,421.8938024256587,101
2024-09-19 13:45:19.570000,421.8955921838166,11
2024-09-19 13:45:19.579000,421.91987498708266,998
2024-09-19 13:45:19.596000,421.8645175177632,13
2024-09-19 13:45:19.641000,421.864111510233,100
2024-09-19 13:45:19.667000,421.8854606926496,102
2024-09-19 13:45:19.694000,421.913297556931,1005
2024-09-19 13:45:19.735000,421.9149208694482,96
2024-09-19 13:45:19.789000,421.8918852296447,100
2024-09-19 13:45:19.926000,421.89051165332535,1004
2024-09-19 13:45:20.055000,421.8454737678738,1004
2024-09-19 13:45:20.068000,421.7777773617748,95
2024-09-19 13:45:20.086000,421.848802307193,96
2024-09-19 13:45:20.179000,421.8346708743263,6
2024-09-19 13:45:20.249000,421.8095332281428,95
2024-09-19 13:45:20.266000,421.7712786526527,103
2024-09-19 13:45:20.321000,421.84280575440073,1003
2024-09-19 13:45:20.335000,421.8745018597469,8
2024-09-19 13:45:20.358000,421.7672095720753,10
2024-09-19 13:45:20.383000,421.768625709374,1001
2024-09-19 13:45:20.402000,421.8380001737841,99
2024-09-19 13:45:20.411000,421.898037738941,997
2024-09-19 13:45:20.426000,421.8638060099272,6
2024-09-19 13:45:20.433000,421.8518595383181,1000
2024-09-19 13:45:20.440000,421.8909926758528,97
2024-09-19 13:45:20.620000,421.8779107148349,13
2024-09-19 13:45:20.641000,421.9281468979309,8
2024-09-19 13:45:20.758000,421.8650267333533,8
2024-09-19 13:45:20.809000,421.8974510924139,100
2024-09-19 13:45:20.824000,421.8901512370614,9
2024-09-19 13:45:20.834000,421.90045053174686,999
2024-09-19 13:45:20.846000,421.8378600180261,1005
2024-09-19 13:45:20.853000,421.8593666307044,96
2024-09-19 13:45:20.908000,421.7772109647304,1002
2024-09-19 13:45:20.918000,421.82018228272005,14
2024-09-19 13:45:20.934000,421.7924703559692,104
2024-09-19 13:45:20.964000,421.8983887012624,1005
2024-09-19 13:45:20.983000,421.8395702548867,1005
2024-09-19 13:45:20.996000,421.8538297159253,1005
2024-09-19 13:45:21.011000,421.81808771409646,103
2024-09-19 13:45:21.033000,421.8493649587865,99
2024-09-19 13:45:21.076000,421.8370048849024,95
2024-09-19 13:45:21.117000,421.8196726065058,9
2024-09-19 13:45:21.144000,421.8010814499796,99
2024-09-19 13:45:21.159000,421.843134707978,1000
2024-09-19 13:45:21.203000,421.826446772283,12
2024-09-19 13:45:21.224000,421.81370103982266,1001
2024-09-19 13:45:21.324000,421.8547809434058,998
2024-09-19 13:45:21.504000,421.8355529458438,101
2024-09-19 13:45:21.546000,421.8408457227136,7
2024-09-19 13:45:21.571000,421.8418900610499,15
2024-09-19 13:45:21.588000,421.82890803469263,997
2024-09-19 13:45:21.693000,421.8271652887864,1004
2024-09-19 13:45:21.703000,421.8496645107204,105
2024-09-19 13:45:21.854000,421.8529216290566,13
2024-09-19 13:45:21.859000,421.8195790120968,1001
2024-09-19 13:45:21.884000,421.8110047714215,98
2024-09-19 13:45:21.893000,421.8472603901337,1002
2024-09-19 13:45:22.172000,421.8540149694808,103
2024-09-19 13:45:22.484000,421.8494630577085,98
2024-09-19 13:45:22.800000,421.8695865662936,102
2024-09-19 13:45:23.008000,421.8283837828225,98
2024-09-19 13:45:23.066000,421.7735742802849,997
2024-09-19 13:45:23.118000,421.8137326018205,11
2024-09-19 13:45:23.225000,421.763021000473,996
2024-09-19 13:45:23.241000,421.7980356028868,104
2024-09-19 13:45:23.293000,421.783754992904,1002
2024-09-19 13:45:23.435000,421.7626293987515,5
2024-09-19 13:45:23.439000,421.8219940314952,5
2024-09-19 13:45:23.479000,421.8064395306526,98
2024-09-19 13:45:23.483000,421.8157383646727,95
2024-09-19 13:45:23.487000,421.772776203984,5
2024-09-19 13:45:23.648000,421.8153293878769,97
2024-09-19 13:45:23.716000,421.7863823784165,1004
2024-09-19 13:45:23.956000,421.7987467801423,998
2024-09-19 13:45:24.013000,421.69618995943057,1005
2024-09-19 13:45:24.071000,421.7490114332064,103
2024-09-19 13:45:24.138000,421.7442203659675,14
2024-09-19 13:45:24.232000,421.70068831815,14
2024-09-19 13:45:24.257000,421.7544232581766,6
2024-09-19 13:45:24.281000,421.7646777755566,5
2024-09-19 13:45:24.305000,421.7364347999427,99
2024-09-19 13:45:24.321000,421.7020897855062,1002
2024-09-19 13:45:24.322000,421.68116815613206,9
2024-09-19 13:45:24.324000,421.7153803982072,1003
2024-09-19 13:45:24.327000,421.69022722075925,100
2024-09-19 13:45:24.370000,421.71686689480566,1004
2024-09-19 13:45:24.370000,421.76771226505343,6
2024-09-19 13:45:24.489000,421.67836910763816,13
2024-09-19 13:45:24.649000,421.67610977821306,10
2024-09-19 13:45:24.652000,421.70871517148544,996
2024-09-19 13:45:24.689000,421.7025322524351,98
2024-09-19 13:45:24.749000,421.6963194102256,14
2024-09-19 13:45:24.749000,421.6920681192937,999
2024-09-19 13:45:24.804000,421.6717547963096,97
2024-09-19 13:45:24.856000,421.74179263594,1005
2024-09-19 13:45:24.905000,421.7347749961696,1001
2024-09-19 13:45:24.917000,421.6985101330563,13
2024-09-19 13:45:24.922000,421.7533539934505,11
2024-09-19 13:45:24.929000,421.70049726739904,104
2024-09-19 13:45:24.958000,421.7658958014856,1005
2024-09-19 13:45:24.968000,421.7140630489792,100
2024-09-19 13:45:24.986000,421.6556429861441,101
2024-09-19 13:45:25.016000,421.7080707624632,102
2024-09-19 13:45:25.017000,421.6839134718634,100
2024-09-19 13:45:25.056000,421.72613665046913,15
2024-09-19 13:45:25.064000,421.7391110466953,10
2024-09-19 13:45:25.195000,421.7216007935909,1002
2024-09-19 13:45:25.207000,421.6779653148498,98
2024-09-19 13:45:25.313000,421.6923207159819,96
2024-09-19 13:45:25.318000,421.71402602643576,13
2024-09-19 13:45:25.328000,421.6521485300451,13
2024-09-19 13:45:25.348000,421.7192499462115,12
2024-09-19 13:45:25.421000,421.6523750365103,1003
2024-09-19 13:45:25.444000,421.7155843824617,12
2024-09-19 13:45:25.490000,421.7366249793476,997
2024-09-19 13:45:25.502000,421.6806797054341,14
2024-09-19 13:45:25.536000,421.7210256336037,1001
2024-09-19 13:45:25.567000,421.700592763031,13
2024-09-19 13:45:25.606000,421.71370655047815,998
2024-09-19 13:45:25.644000,421.6396369637512,95
2024-09-19 13:45:25.669000,421.6585065153111,999
2024-09-19 13:45:25.819000,421.7132155637672,101
2024-09-19 13:45:25.854000,421.7005721550352,1001
2024-09-19 13:45:25.934000,421.709619574928,97
2024-09-19 13:45:25.946000,421.6676152031205,11
2024-09-19 13:45:26.049000,421.61329345879705,8
2024-09-19 13:45:26.064000,421.6099157601384,103
2024-09-19 13:45:26.116000,421.6081526009887,1004
2024-09-19 13:45:26.159000,421.61226312264944,98
2024-09-19 13:45:26.174000,421.60193633727374,97
2024-09-19 13:45:26.215000,421.6306559938853,7
2024-09-19 13:45:26.350000,421.6166809824657,104
2024-09-19 13:45:26.372000,421.6166984934182,104
2024-09-19 13:45:26.372000,421.6027311684146,1003
2024-09-19 13:45:26.471000,421.6246926762592,996
2024-09-19 13:45:26.531000,421.6033305945069,997
2024-09-19 13:45:26.621000,421.6480487126789,9
2024-09-19 13:45:26.714000,421.6024786466176,99
2024-09-19 13:45:26.760000,421.6216261177258,95
2024-09-19 13:45:26.789000,421.6445375718717,1005
2024-09-19 13:45:26.799000,421.60795338576906,97
2024-09-19 13:45:26.858000,421.6125870482339,998
2024-09-19 13:45:26.993000,421.6148473500543,96
2024-09-19 13:45:27.072000,421.5650078088318,1002
2024-09-19 13:45:27.072000,421.53651742764345,1005
2024-09-19 13:45:27.123000,421.5628378339951,101
2024-09-19 13:45:27.141000,421.5887546833641,11
2024-09-19 13:45:27.182000,421.5620867554285,99
2024-09-19 13:45:27.189000,421.5708988012559,96
2024-09-19 13:45:27.223000,421.5791591517804,97
2024-09-19 13:45:27.252000,421.5486913064019,1005
2024-09-19 13:45:27.278000,421.5845496965565,5
2024-09-19 13:45:27.301000,421.52811416142777,96
2024-09-19 13:45:27.323000,421.59589673332994,997
2024-09-19 13:45:27.352000,421.5562049859852,15
2024-09-19 13:45:27.542000,421.5575616216462,999
2024-09-19 13:45:27.610000,421.5564780954623,14
2024-09-19 13:45:27.620000,421.5855260927551,1004
2024-09-19 13:45:27.693000,421.5746234861738,97
2024-09-19 13:45:27.723000,421.5194036298356,1004
2024-09-19 13:45:27.811000,421.5891506461635,997
2024-09-19 13:45:27.944000,421.5839307090523,1002
2024-09-19 13:45:27.951000,421.5586385365313,1003
2024-09-19 13:45:27.979000,421.5321251410308,1001
2024-09-19 13:45:28.074000,421.5384319675618,999
2024-09-19 13:45:28.128000,421.5469566299859,1005
2024-09-19 13:45:28.175000,421.5611272273812,11
2024-09-19 13:45:28.263000,421.5670055828159,998
2024-09-19 13:45:28.403000,421.5418372738772,1004
2024-09-19 13:45:28.658000,421.55161963151016,1003
2024-09-19 13:45:28.710000,421.56738147154266,999
2024-09-19 13:45:28.912000,421.526449959706,105
2024-09-19 13:45:29.014000,421.51373202667975,96
2024-09-19 13:45:29.114000,421.5256147066738,96
2024-09-19 13:45:29.175000,421.5374510404757,98
2024-09-19 13:45:29.209000,421.5342606454521,1003
2024-09-19 13:45:29.230000,421.51264022308845,1000
2024-09-19 13:45:29.245000,421.5455981168077,1002
2024-09-19 13:45:29.250000,421.5202470785856,101
2024-09-19 13:45:29.284000,421.51035565931295,98
2024-09-19 13:45:29.344000,421.5457679395866,104
2024-09-19 13:45:29.356000,421.513132685086,100
2024-09-19 13:45:29.358000,421.5413126991678,1004
2024-09-19 13:45:29.419000,421.5271426356332,100
2024-09-19 13:45:29.488000,421.5132639164746,1003
2024-09-19 13:45:29.496000,421.5150782773249,1002
2024-09-19 13:45:29.510000,421.529277953089,6
2024-09-19 13:45:29.716000,421.51329812975246,6
2024-09-19 13:45:29.765000,421.491256429745,995
2024-09-19 13:45:29.834000,421.4992120060704,1002
2024-09-19 13:45:29.846000,421.5235373939364,1005
2024-09-19 13:45:29.874000,421.509837222943,100
2024-09-19 13:45:29.902000,421.52517031706384,12
2024-09-19 13:45:29.950000,421.5070770717143,5
2024-09-19 13:45:30.131000,421.64943631264566,14
2024-09-19 13:45:30.136000,421.59142408255553,14
2024-09-19 13:45:30.177000,421.6046837003688,14
2024-09-19 13:45:30.193000,421.6089396761287,1004
2024-09-19 13:45:30.317000,421.6498547170313,10
2024-09-19 13:45:30.376000,421.6278834274381,10
2024-09-19 13:45:30.392000,421.5422925762441,104
2024-09-19 13:45:30.397000,421.53610020456927,95
2024-09-19 13:45:30.424000,421.6147337811304,101
2024-09-19 13:45:30.446000,421.5799086807557,997
2024-09-19 13:45:30.483000,421.6356529380628,99
2024-09-19 13:45:30.666000,421.5281154694904,97
2024-09-19 13:45:30.700000,421.5686610450594,1002
2024-09-19 13:45:30.751000,421.6217392795815,1001
2024-09-19 13:45:30.761000,421.5404328740468,6
2024-09-19 13:45:30.816000,421.56274210799614,10
2024-09-19 13:45:30.856000,421.6314901115997,15
2024-09-19 13:45:30.864000,421.5405058902234,13
2024-09-19 13:45:30.885000,421.52349434915374,998
2024-09-19 13:45:31.049000,421.60884657137257,1000
2024-09-19 13:45:31.145000,421.6285351719926,104
2024-09-19 13:45:31.191000,421.628775707224,1000
2024-09-19 13:45:31.232000,421.62928894864126,96
2024-09-19 13:45:31.250000,421.6226089044169,99
2024-09-19 13:45:31.344000,421.63022608273656,9
2024-09-19 13:45:31.358000,421.6323741607952,1003
2024-09-19 13:45:31.360000,421.6098114105842,5
2024-09-19 13:45:31.365000,421.6129039773822,14
2024-09-19 13:45:31.461000,421.6526482470055,1003
2024-09-19 13:45:31.565000,421.6179568851496,995
2024-09-19 13:45:31.580000,421.651170190458,100
2024-09-19 13:45:31.667000,421.6284667490624,105
2024-09-19 13:45:31.716000,421.6250473938007,100
2024-09-19 13:45:31.731000,421.6268035997906,104
2024-09-19 13:45:31.905000,421.64405535400624,105
2024-09-19 13:45:31.940000,421.6336612761602,11
2024-09-19 13:45:31.960000,421.6224282198668,998
2024-09-19 13:45:31.977000,421.6275166423599,995
2024-09-19 13:45:31.982000,421.63838530168135,104
2024-09-19 13:45:32.451000,421.6352892485856,1004
2024-09-19 13:45:32.685000,421.65032922679774,1004
2024-09-19 13:45:32.701000,421.64696341674585,99
2024-09-19 13:45:32.856000,421.6474639006712,1003
2024-09-19 13:45:32.965000,421.6488043147125,11
2024-09-19 13:45:33.030000,421.6264577874502,1003
2024-09-19 13:45:33.049000,421.63118572681714,8
2024-09-19 13:45:33.070000,421.6311057854972,100
2024-09-19 13:45:33.095000,421.5963290075951,98
2024-09-19 13:45:33.127000,421.63526126039295,1000
2024-09-19 13:45:33.181000,421.5930123426151,997
2024-09-19 13:45:33.188000,421.6385418700078,100
2024-09-19 13:45:33.206000,421.6350077929391,15
2024-09-19 13:45:33.298000,421.5944853968098,105
2024-09-19 13:45:33.342000,421.58078541916205,99
2024-09-19 13:45:33.469000,421.6398076569748,13
2024-09-19 13:45:33.486000,421.6418153233676,96
2024-09-19 13:45:33.490000,421.6425021526819,996
2024-09-19 13:45:33.522000,421.6272264204188,96
2024-09-19 13:45:33.634000,421.61857510591216,12
2024-09-19 13:45:33.637000,421.6355994115462,105
2024-09-19 13:45:33.739000,421.6128966374044,97
2024-09-19 13:45:33.755000,421.6302062259009,97
2024-09-19 13:45:33.762000,421.6425866382547,5
2024-09-19 13:45:33.781000,421.5897568863652,97
2024-09-19 13:45:33.810000,421.63241486911977,7
2024-09-19 13:45:33.812000,421.6464438704448,1002
2024-09-19 13:45:33.815000,421.6185960943309,998
2024-09-19 13:45:33.816000,421.58380472840014,10
2024-09-19 13:45:33.834000,421.6237311879704,1004
2024-09-19 13:45:33.854000,421.6353617119535,12
2024-09-19 13:45:33.914000,421.6157834761621,98
2024-09-19 13:45:33.917000,421.63944184043766,1003
2024-09-19 13:45:33.939000,421.62354423073,9
2024-09-19 13:45:34.257000,421.6161447511389,96
2024-09-19 13:45:34.273000,421.6162542349226,995
2024-09-19 13:45:34.324000,421.60570735132654,996
2024-09-19 13:45:34.398000,421.6168265575962,101
2024-09-19 13:45:34.572000,421.6170378293634,5
2024-09-19 13:45:34.809000,421.6112909031752,101
2024-09-19 13:45:34.863000,421.6045058593403,96
2024-09-19 13:45:34.878000,421.6067745040649,12
2024-09-19 13:45:35.122000,421.5568359461808,8
2024-09-19 13:45:35.157000,421.5602333110101,1001
2024-09-19 13:45:35.170000,421.55541632287054,14
2024-09-19 13:45:35.278000,421.5733011573864,5
2024-09-19 13:45:35.292000,421.6169026766649,100
2024-09-19 13:45:35.472000,421.5597257816712,997
2024-09-19 13:45:35.589000,421.6227130566206,100
2024-09-19 13:45:35.618000,421.5850675975881,1005
2024-09-19 13:45:35.669000,421.6281992487644,104
2024-09-19 13:45:35.773000,421.6167884134858,6
2024-09-19 13:45:35.835000,421.5845252071944,6
2024-09-19 13:45:35.903000,421.55708738463903,8
2024-09-19 13:45:36.013000,421.5296257869904,8
2024-09-19 13:45:36.181000,421.544758877324,1004
2024-09-19 13:45:36.284000,421.5418942802476,104
2024-09-19 13:45:36.484000,421.50043025399583,1003
2024-09-19 13:45:37.064000,421.5745381199873,104
2024-09-19 13:45:37.089000,421.5657147415538,1000
2024-09-19 13:45:37.306000,421.5019355557845,8
2024-09-19 13:45:37.314000,421.53693629923134,1000
2024-09-19 13:45:37.315000,421.549841809224,12
2024-09-19 13:45:37.463000,421.49096412955873,7
2024-09-19 13:45:37.653000,421.4942223644432,10
2024-09-19 13:45:37.732000,421.4829202299742,12
2024-09-19 13:45:37.797000,421.5745400597747,99
2024-09-19 13:45:37.833000,421.530770128148,1001
2024-09-19 13:45:37.870000,421.5090788088632,995
2024-09-19 13:45:37.891000,421.4752017256249,8
2024-09-19 13:45:37.905000,421.5029232639248,1001
2024-09-19 13:45:38.072000,421.58070234910105,104
2024-09-19 13:45:38.186000,421.5741998061615,13
2024-09-19 13:45:38.279000,421.575285198069,15
2024-09-19 13:45:38.333000,421.5697085617329,5
2024-09-19 13:45:38.372000,421.5987325482782,103
2024-09-19 13:45:38.493000,421.5863036067148,12
2024-09-19 13:45:38.692000,421.5670157313878,998
2024-09-19 13:45:38.718000,421.5689275009875,11
2024-09-19 13:45:38.772000,421.57438369942247,10
2024-09-19 13:45:38.853000,421.5980569142829,998
2024-09-19 13:45:38.876000,421.60330223476063,1003
2024-09-19 13:45:38.926000,421.5804540812182,103
2024-09-19 13:45:38.947000,421.5676230761888,996
2024-09-19 13:45:39.076000,421.60212456906487,999
2024-09-19 13:45:39.087000,421.6188249306906,14
2024-09-19 13:45:39.099000,421.629122905847,1003
2024-09-19 13:45:39.196000,421.60469858525096,105
2024-09-19 13:45:39.204000,421.56574043287947,1002
2024-09-19 13:45:39.292000,421.5808076491141,1002
2024-09-19 13:45:39.293000,421.5619410161179,1005
2024-09-19 13:45:39.539000,421.5983637836038,5
2024-09-19 13:45:39.657000,421.6104649323118,996
2024-09-19 13:45:39.749000,421.6181109914685,102
2024-09-19 13:45:39.812000,421.57055155837486,8
2024-09-19 13:45:39.818000,421.6131046387349,96
2024-09-19 13:45:39.819000,421.6032380243743,5
2024-09-19 13:45:39.824000,421.6221317785913,997
2024-09-19 13:45:39.854000,421.6015352886599,999
2024-09-19 13:45:39.974000,421.6014037634068,1000
2024-09-19 13:45:39.994000,421.5916430501936,101
2024-09-19 13:45:40.314000,421.5604846073364,105
2024-09-19 13:45:40.379000,421.5660295738829,104
2024-09-19 13:45:40.641000,421.5467892153711,99
2024-09-19 13:45:40.680000,421.5712244114388,97
2024-09-19 13:45:40.889000,421.5683532122023,8
2024-09-19 13:45:40.973000,421.5437860886022,101
2024-09-19 13:45:41.472000,421.5356322922252,1001
2024-09-19 13:45:41.563000,421.5237234469684,997
2024-09-19 13:45:41.589000,421.5268359730611,6
2024-09-19 13:45:41.700000,421.4969521878492,104
2024-09-19 13:45:41.906000,421.52285029136806,995
2024-09-19 13:45:42.024000,421.4316884889385,103
2024-09-19 13:45:42.028000,421.4596053702729,5
2024-09-19 13:45:42.054000,421.4275968660017,999
2024-09-19 13:45:42.066000,421.4385222758432,1003
2024-09-19 13:45:42.143000,421.45125310397606,11
2024-09-19 13:45:42.178000,421.50335661457126,6
2024-09-19 13:45:42.190000,421.45828686246006,9
2024-09-19 13:45:42.254000,421.4986353041484,999
2024-09-19 13:45:42.267000,421.44294319033565,101
2024-09-19 13:45:42.267000,421.463181707642,96
2024-09-19 13:45:42.280000,421.4567873703724,8
2024-09-19 13:45:42.286000,421.45864928612895,1005
2024-09-19 13:45:42.344000,421.4498593941992,102
2024-09-19 13:45:42.512000,421.4221139088936,6
2024-09-19 13:45:42.647000,421.4333096097859,100
2024-09-19 13:45:42.665000,421.4249007562485,995
2024-09-19 13:45:42.723000,421.4317524745694,97
2024-09-19 13:45:42.729000,421.44475925861,14
2024-09-19 13:45:42.778000,421.442398372949,998
2024-09-19 13:45:42.790000,421.41429615054926,7
2024-09-19 13:45:42.827000,421.4270044537918,105
2024-09-19 13:45:42.843000,421.4482674635599,999
2024-09-19 13:45:42.855000,421.4475133609789,7
2024-09-19 13:45:42.871000,421.43151219235466,7
2024-09-19 13:45:43.034000,421.45319694078887,1005
2024-09-19 13:45:43.136000,421.4405398967354,1001
2024-09-19 13:45:43.331000,421.4540713595037,97
2024-09-19 13:45:43.356000,421.48083491869136,15
2024-09-19 13:45:43.432000,421.4375031582721,14
2024-09-19 13:45:43.544000,421.4770170024249,7
2024-09-19 13:45:43.624000,421.4342213212016,1002
2024-09-19 13:45:43.685000,421.4482303268321,96
2024-09-19 13:45:43.728000,421.46869157305673,5
2024-09-19 13:45:43.755000,421.4509277900021,7
2024-09-19 13:45:43.835000,421.4548306178488,997
2024-09-19 13:45:44.079000,421.4791769919987,995
2024-09-19 13:45:44.114000,421.4468477286162,15
2024-09-19 13:45:44.127000,421.44693115967743,14
2024-09-19 13:45:44.180000,421.4870631824477,95
2024-09-19 13:45:44.415000,421.44045000038784,96
2024-09-19 13:45:44.518000,421.4584788131837,105
2024-09-19 13:45:44.541000,421.48405341839367,15
2024-09-19 13:45:44.605000,421.46652217565656,999
2024-09-19 13:45:44.658000,421.4469439076115,102
2024-09-19 13:45:44.703000,421.4436804998096,6
2024-09-19 13:45:44.741000,421.4685092157072,95
2024-09-19 13:45:44.897000,421.4538130259892,6
2024-09-19 13:45:44.951000,421.4568554652825,14
2024-09-19 13:45:45.078000,421.4289558188839,104
2024-09-19 13:45:45.127000,421.4214715847821,1003
2024-09-19 13:45:45.166000,421.4411945302701,99
2024-09-19 13:45:45.215000,421.3842617534096,6
2024-09-19 13:45:45.255000,421.4454787300846,100
2024-09-19 13:45:45.300000,421.3965576180106,998
2024-09-19 13:45:45.335000,421.4363852765089,1001
2024-09-19 13:45:45.346000,421.4008007609221,15
2024-09-19 13:45:45.397000,421.4258668866092,101
2024-09-19 13:45:45.446000,421.4288942101524,1001
2024-09-19 13:45:45.508000,421.387599965706,95
2024-09-19 13:45:45.632000,421.4150970638035,1004
2024-09-19 13:45:45.708000,421.4268528171744,10
2024-09-19 13:45:45.720000,421.3883184733448,11
2024-09-19 13:45:45.767000,421.4092041820928,1005
2024-09-19 13:45:45.794000,421.3972252757897,13
2024-09-19 13:45:45.976000,421.4046552794919,95
2024-09-19 13:45:46.006000,421.36364898777407,96
2024-09-19 13:45:46.078000,421.4354502853281,1001
2024-09-19 13:45:46.104000,421.396999498989,105
2024-09-19 13:45:46.106000,421.4340717442572,9
2024-09-19 13:45:46.116000,421.3788901739471,8
2024-09-19 13:45:46.152000,421.3715579974348,996
2024-09-19 13:45:46.282000,421.3714786837891,102
2024-09-19 13:45:46.426000,421.3794618834753,998
2024-09-19 13:45:46.537000,421.3771966683436,13
2024-09-19 13:45:46.609000,421.4188098209155,11
2024-09-19 13:45:46.689000,421.4313259071177,1002
2024-09-19 13:45:46.695000,421.4265768086766,998
2024-09-19 13:45:46.695000,421.38094107860303,96
2024-09-19 13:45:46.862000,421.39806323194864,13
2024-09-19 13:45:46.865000,421.4289272528748,103
2024-09-19 13:45:47.029000,421.4141300157821,7
2024-09-19 13:45:47.075000,421.4272131354277,97
2024-09-19 13:45:47.080000,421.4153535687356,1000
2024-09-19 13:45:47.120000,421.4285503576345,95
2024-09-19 13:45:47.148000,421.4004450581776,996
2024-09-19 13:45:47.197000,421.4022160416887,5
2024-09-19 13:45:47.256000,421.41610421591537,1005
2024-09-19 13:45:47.302000,421.41304246774905,10
2024-09-19 13:45:47.328000,421.4186329079023,1003
2024-09-19 13:45:47.362000,421.3912979733324,996
2024-09-19 13:45:47.381000,421.3950293083725,1003
2024-09-19 13:45:47.508000,421.4332460299312,999
2024-09-19 13:45:47.509000,421.4139667363619,100
2024-09-19 13:45:47.590000,421.40434812295257,11
2024-09-19 13:45:47.660000,421.4085899766487,10
2024-09-19 13:45:47.675000,421.4075655424924,102
2024-09-19 13:45:47.706000,421.41535011530107,14
2024-09-19 13:45:47.848000,421.4158183005939,97
2024-09-19 13:45:47.874000,421.3973122917096,102
2024-09-19 13:45:47.892000,421.3912089744794,8
2024-09-19 13:45:47.927000,421.3924403248462,1003
2024-09-19 13:45:47.960000,421.424213385646,8
2024-09-19 13:45:48.020000,421.43191391837087,7
2024-09-19 13:45:48.054000,421.4180479044254,97
2024-09-19 13:45:48.087000,421.4187734799576,96
2024-09-19 13:45:48.119000,421.43604592644107,95
2024-09-19 13:45:48.146000,421.4076871523093,6
2024-09-19 13:45:48.204000,421.4092950429984,96
2024-09-19 13:45:48.321000,421.40500548245296,11
2024-09-19 13:45:48.322000,421.3927792090753,103
2024-09-19 13:45:48.346000,421.4058216856031,997
2024-09-19 13:45:48.462000,421.42375748297127,6
2024-09-19 13:45:48.468000,421.4119090165509,1005
2024-09-19 13:45:48.532000,421.4096710114197,6
2024-09-19 13:45:48.557000,421.40498873776727,6
2024-09-19 13:45:48.866000,421.4043617611059,101
2024-09-19 13:45:48.907000,421.4322143486092,105
2024-09-19 13:45:48.909000,421.4063284039186,997
2024-09-19 13:45:48.950000,421.4256775618816,13
2024-09-19 13:45:48.968000,421.40906044814136,5
2024-09-19 13:45:49.127000,421.4317517552049,100
2024-09-19 13:45:49.170000,421.42157849395306,5
2024-09-19 13:45:49.215000,421.4160202703253,1000
2024-09-19 13:45:49.311000,421.4263760088202,96
2024-09-19 13:45:49.365000,421.43647320022905,1002
2024-09-19 13:45:49.411000,421.4354851991692,998
2024-09-19 13:45:49.419000,421.4232370855819,995
2024-09-19 13:45:49.769000,421.44949109211205,98
2024-09-19 13:45:49.972000,421.41048233272426,13
2024-09-19 13:45:50.144000,421.45104741449154,12
2024-09-19 13:45:50.189000,421.4317220599152,104
2024-09-19 13:45:50.212000,421.4282694412522,12
2024-09-19 13:45:50.220000,421.4222557562422,7
2024-09-19 13:45:50.221000,421.44837852910047,995
2024-09-19 13:45:50.270000,421.43590837241686,102
2024-09-19 13:45:50.314000,421.4334648519585,999
2024-09-19 13:45:50.345000,421.4348604638982,10
2024-09-19 13:45:50.498000,421.4347701883044,7
2024-09-19 13:45:50.988000,421.4338633567687,1001
2024-09-19 13:45:51.311000,421.4290927185443,104
2024-09-19 13:45:51.521000,421.44392613038895,5
2024-09-19 13:45:52.022000,421.2975968622117,11
2024-09-19 13:45:52.029000,421.4403557678226,95
2024-09-19 13:45:52.058000,421.3608322504393,97
2024-09-19 13:45:52.103000,421.33860239625386,1004
2024-09-19 13:45:52.192000,421.3052704226896,11
2024-09-19 13:45:52.234000,421.3902214662763,1001
2024-09-19 13:45:52.278000,421.3246958673745,99
2024-09-19 13:45:52.324000,421.3318847923539,6
2024-09-19 13:45:52.401000,421.29278005637065,12
2024-09-19 13:45:52.428000,421.4254925586282,1004
2024-09-19 13:45:52.444000,421.404184168857,13
2024-09-19 13:45:52.448000,421.2968075795976,14
2024-09-19 13:45:52.496000,421.3249125626322,999
2024-09-19 13:45:52.536000,421.3003994569118,995
2024-09-19 13:45:52.677000,421.3880780504434,1003
2024-09-19 13:45:52.703000,421.3194501233523,15
2024-09-19 13:45:52.711000,421.3114697945894,996
2024-09-19 13:45:52.775000,421.43203876387656,100
2024-09-19 13:45:52.861000,421.3315377121642,103
2024-09-19 13:45:52.870000,421.31134652756754,96
2024-09-19 13:45:52.880000,421.3382728014204,997
2024-09-19 13:45:52.933000,421.4303193074036,999
2024-09-19 13:45:52.989000,421.4065007228506,1003
2024-09-19 13:45:52.990000,421.29394313126176,6
2024-09-19 13:45:53.131000,421.3263180544267,6
2024-09-19 13:45:53.144000,421.2936910330874,998
2024-09-19 13:45:53.198000,421.29768052627,8
2024-09-19 13:45:53.245000,421.28080990728535,5
2024-09-19 13:45:53.320000,421.29830645012606,998
2024-09-19 13:45:53.340000,421.3177718851932,13
2024-09-19 13:45:53.389000,421.31954743562994,15
2024-09-19 13:45:53.461000,421.28999103401634,12
2024-09-19 13:45:53.549000,421.3127241771928,98
2024-09-19 13:45:53.590000,421.2899773030341,100
2024-09-19 13:45:53.618000,421.2771716688669,995
2024-09-19 13:45:53.697000,421.294570022304,11
2024-09-19 13:45:53.700000,421.3030352513392,1003
2024-09-19 13:45:53.725000,421.3136292982995,996
2024-09-19 13:45:53.726000,421.2813224681975,13
2024-09-19 13:45:53.734000,421.2860364567005,103
2024-09-19 13:45:53.737000,421.2963297725553,15
2024-09-19 13:45:53.768000,421.30714464465,98
2024-09-19 13:45:53.825000,421.3121023797471,103
2024-09-19 13:45:53.837000,421.28504948062687,97
2024-09-19 13:45:53.842000,421.3183430735978,95
2024-09-19 13:45:53.857000,421.3071734813868,13
2024-09-19 13:45:53.858000,421.3099464010239,104
2024-09-19 13:45:53.870000,421.3251459507457,7
2024-09-19 13:45:53.877000,421.3358757475968,104
2024-09-19 13:45:53.930000,421.3097513146632,999
2024-09-19 13:45:53.989000,421.32034428561735,1003
2024-09-19 13:45:54.064000,421.316917917201,7
2024-09-19 13:45:54.085000,421.3138692043609,1003
2024-09-19 13:45:54.112000,421.3191650588777,100
2024-09-19 13:45:54.446000,421.3094492071847,1003
2024-09-19 13:45:54.520000,421.2996538662611,100
2024-09-19 13:45:54.548000,421.32566871694667,102
2024-09-19 13:45:54.568000,421.3156692403799,996
2024-09-19 13:45:54.584000,421.322368369638,105
2024-09-19 13:45:54.587000,421.3232286703399,5
2024-09-19 13:45:54.607000,421.2916074051765,14
2024-09-19 13:45:54.620000,421.3121545691299,103
2024-09-19 13:45:54.693000,421.2989618524627,95
2024-09-19 13:45:54.699000,421.323965015754,6
2024-09-19 13:45:54.780000,421.2992982748648,1005
2024-09-19 13:45:54.780000,421.2846011348056,12
2024-09-19 13:45:54.815000,421.30139014123546,999
2024-09-19 13:45:54.850000,421.29057492155647,9
2024-09-19 13:45:54.866000,421.31525690366254,13
2024-09-19 13:45:54.917000,421.30992542434376,105
2024-09-19 13:45:55.239000,421.3130460636723,99
2024-09-19 13:45:56.228000,421.34313231264383,14
2024-09-19 13:45:56.325000,421.3531008311722,14
2024-09-19 13:45:56.545000,421.3412280746056,998
2024-09-19 13:45:56.725000,421.3536523718154,96
2024-09-19 13:45:56.730000,421.33962788642646,12
2024-09-19 13:45:56.841000,421.3488454760398,6
2024-09-19 13:45:56.859000,421.33106252596593,1004
2024-09-19 13:45:56.983000,421.331051902292,5
2024-09-19 13:45:57.066000,421.3217968972076,96
2024-09-19 13:45:57.230000,421.2704708453029,95
2024-09-19 13:45:57.345000,421.31222791626334,105
2024-09-19 13:45:57.452000,421.2760526779836,103
2024-09-19 13:45:57.574000,421.2778225370437,999
2024-09-19 13:45:57.614000,421.29209798186616,7
2024-09-19 13:45:57.835000,421.3023295935236,998
2024-09-19 13:45:57.894000,421.3358260613404,96
2024-09-19 13:45:57.910000,421.2986683584128,99
2024-09-19 13:45:58.024000,421.22678765833086,15
2024-09-19 13:45:58.167000,421.2411940563592,103
2024-09-19 13:45:58.169000,421.2170150840512,5
2024-09-19 13:45:58.332000,421.2172115206168,105
2024-09-19 13:45:58.731000,421.21984221180566,103
2024-09-19 13:45:58.767000,421.26084285852846,98
2024-09-19 13:45:58.861000,421.24537696553153,15
2024-09-19 13:45:59.088000,421.2216205516242,996
2024-09-19 13:45:59.153000,421.2255662008608,101
2024-09-19 13:45:59.232000,421.2147846840939,1005
2024-09-19 13:45:59.244000,421.1917928238468,10
2024-09-19 13:45:59.272000,421.2226010225296,1004
2024-09-19 13:45:59.279000,421.21927922653134,105
2024-09-19 13:45:59.281000,421.2165857182088,995
2024-09-19 13:45:59.339000,421.2271426246894,12
2024-09-19 13:45:59.377000,421.2256485426651,5
2024-09-19 13:45:59.400000,421.2154433649183,9
2024-09-19 13:45:59.412000,421.2074677066107,998
2024-09-19 13:45:59.428000,421.21404428174105,98
2024-09-19 13:45:59.436000,421.2025466552576,97
2024-09-19 13:45:59.523000,421.2234876916305,996
2024-09-19 13:45:59.562000,421.2027547409851,97
2024-09-19 13:45:59.574000,421.2267838514099,98
2024-09-19 13:45:59.578000,421.218341026813,103
2024-09-19 13:45:59.595000,421.2215323301946,103
2024-09-19 13:45:59.595000,421.2066405815429,8
2024-09-19 13:45:59.619000,421.2187985406815,1005
2024-09-19 13:45:59.663000,421.2256242236018,95
2024-09-19 13:45:59.713000,421.22642113336485,998
2024-09-19 13:45:59.736000,421.2070933282373,1002
2024-09-19 13:45:59.757000,421.2304372360948,10
2024-09-19 13:45:59.795000,421.2073234674048,99
2024-09-19 13:45:59.813000,421.2001522101547,9
2024-09-19 13:45:59.835000,421.2294996451904,13
2024-09-19 13:45:59.977000,421.2009856913889,9
