Timestamp,Price,Size
2024-09-16 14:17:00.032000,415.01425302672703,9
2024-09-16 14:17:00.047000,415.0173149103715,14
2024-09-16 14:17:00.075000,414.983217008996,5
2024-09-16 14:17:00.205000,414.995097883395,13
2024-09-16 14:17:00.289000,414.9987418913144,1002
2024-09-16 14:17:00.289000,415.0051956282507,101
2024-09-16 14:17:00.351000,415.0216207520657,995
2024-09-16 14:17:00.375000,415.01574880192567,100
2024-09-16 14:17:00.382000,414.9979659690869,100
2024-09-16 14:17:00.456000,415.0118288609952,99
2024-09-16 14:17:00.501000,414.9965211005823,1001
2024-09-16 14:17:00.508000,414.9929352326743,5
2024-09-16 14:17:00.585000,414.9976492941112,997
2024-09-16 14:17:00.618000,415.0243362938381,14
2024-09-16 14:17:00.673000,414.9951653882585,101
2024-09-16 14:17:00.734000,415.0264119278227,104
2024-09-16 14:17:00.735000,415.028550626889,13
2024-09-16 14:17:00.742000,415.02665891668687,1004
2024-09-16 14:17:00.888000,415.0156230198757,1004
2024-09-16 14:17:00.930000,415.0294317594516,11
2024-09-16 14:17:01.065000,414.9877339133254,998
2024-09-16 14:17:01.472000,414.9788472097263,95
2024-09-16 14:17:01.724000,414.99013735855294,9
2024-09-16 14:17:01.954000,414.9857772008081,999
2024-09-16 14:17:02.367000,414.96878877268847,1004
2024-09-16 14:17:02.522000,414.98669788883205,105
2024-09-16 14:17:02.658000,414.9759213837671,1002
2024-09-16 14:17:02.825000,414.970732670425,996
2024-09-16 14:17:03.036000,414.9667009927461,996
2024-09-16 14:17:03.067000,414.9663314785108,997
2024-09-16 14:17:03.290000,414.92181165356425,1004
2024-09-16 14:17:03.364000,414.9509690185864,1003
2024-09-16 14:17:03.442000,414.9513683794759,999
2024-09-16 14:17:03.625000,414.9728396305937,15
2024-09-16 14:17:03.657000,414.98430401672425,15
2024-09-16 14:17:03.680000,414.9458333001695,95
2024-09-16 14:17:03.742000,414.9774891904982,10
2024-09-16 14:17:03.792000,414.9849327270411,105
2024-09-16 14:17:03.918000,414.9607981143166,95
2024-09-16 14:17:04.040000,414.95050360918,10
2024-09-16 14:17:04.125000,414.9211290103047,102
2024-09-16 14:17:04.141000,414.9567160705756,102
2024-09-16 14:17:04.144000,414.9014939829128,998
2024-09-16 14:17:04.144000,414.9784375440229,995
2024-09-16 14:17:04.212000,414.9534637830374,7
2024-09-16 14:17:04.215000,414.9446792767345,998
2024-09-16 14:17:04.253000,414.92068700791935,15
2024-09-16 14:17:04.269000,414.9422680505208,1001
2024-09-16 14:17:04.272000,414.9255131501217,104
2024-09-16 14:17:04.288000,414.9714526807667,104
2024-09-16 14:17:04.291000,414.8863510035067,5
2024-09-16 14:17:04.317000,414.9467713062149,8
2024-09-16 14:17:04.328000,414.9724492434314,997
2024-09-16 14:17:04.499000,414.90018287445,998
2024-09-16 14:17:04.587000,414.9470744835397,1001
2024-09-16 14:17:04.606000,414.9331311017884,12
2024-09-16 14:17:04.645000,414.8969736577119,14
2024-09-16 14:17:04.727000,414.974479318573,14
2024-09-16 14:17:04.744000,414.9726158926353,97
2024-09-16 14:17:04.781000,414.900754704898,1002
2024-09-16 14:17:04.817000,414.9830117201142,99
2024-09-16 14:17:04.871000,414.9523425151045,97
2024-09-16 14:17:04.889000,414.9321255807803,103
2024-09-16 14:17:05.106000,415.0098408703901,1001
2024-09-16 14:17:05.110000,415.01730728174334,104
2024-09-16 14:17:05.127000,415.0037437350293,103
2024-09-16 14:17:05.141000,414.9269035556826,1001
2024-09-16 14:17:05.192000,414.9898366493097,996
2024-09-16 14:17:05.260000,414.960288044934,103
2024-09-16 14:17:05.286000,414.9458518345232,11
2024-09-16 14:17:05.591000,414.95715845978697,96
2024-09-16 14:17:05.618000,414.9448915937284,13
2024-09-16 14:17:05.645000,414.972296490138,1005
2024-09-16 14:17:05.784000,414.9956321216167,5
2024-09-16 14:17:05.906000,414.9737690820933,104
2024-09-16 14:17:05.987000,415.0127214058437,14
2024-09-16 14:17:06.207000,415.0243382608287,103
2024-09-16 14:17:06.752000,415.015500552759,104
2024-09-16 14:17:06.898000,415.0264310130689,7
2024-09-16 14:17:07.006000,415.0232983876172,96
2024-09-16 14:17:07.029000,415.0623476083581,98
2024-09-16 14:17:07.043000,415.0432026584384,9
2024-09-16 14:17:07.060000,415.01137846538177,99
2024-09-16 14:17:07.068000,415.0268638985189,99
2024-09-16 14:17:07.121000,415.047874971938,9
2024-09-16 14:17:07.198000,415.054136530043,96
2024-09-16 14:17:07.262000,415.00369222394295,13
2024-09-16 14:17:07.307000,415.055848882777,100
2024-09-16 14:17:07.327000,415.029197785672,6
2024-09-16 14:17:07.335000,415.0405819906232,15
2024-09-16 14:17:07.366000,415.0169535319459,12
2024-09-16 14:17:07.512000,415.0569553979676,5
2024-09-16 14:17:07.514000,415.0177236891617,15
2024-09-16 14:17:07.541000,415.0288586545531,1001
2024-09-16 14:17:07.554000,415.0309824039403,6
2024-09-16 14:17:07.584000,415.01023589413614,996
2024-09-16 14:17:07.703000,415.0598713308588,98
2024-09-16 14:17:07.772000,415.0516860227149,999
2024-09-16 14:17:07.780000,415.0391652919311,995
2024-09-16 14:17:07.945000,415.03768953670686,105
2024-09-16 14:17:07.957000,415.0533348446342,95
2024-09-16 14:17:07.972000,415.024834658474,8
2024-09-16 14:17:08.284000,415.0363863179415,15
2024-09-16 14:17:08.388000,415.0290483099989,13
2024-09-16 14:17:08.889000,415.0224458375554,1001
2024-09-16 14:17:09.012000,415.033891793834,7
2024-09-16 14:17:09.060000,414.9913292884678,99
2024-09-16 14:17:09.092000,414.90742445060175,10
2024-09-16 14:17:09.154000,414.95675904245104,96
2024-09-16 14:17:09.174000,414.9558153483682,999
2024-09-16 14:17:09.224000,414.9440616085841,997
2024-09-16 14:17:09.274000,414.9071227137066,98
2024-09-16 14:17:09.302000,414.946968911047,1003
2024-09-16 14:17:09.319000,414.9083266614694,104
2024-09-16 14:17:09.321000,414.8928117935604,100
2024-09-16 14:17:09.353000,414.9507471971611,1003
2024-09-16 14:17:09.456000,414.950546255124,103
2024-09-16 14:17:09.521000,414.9776339838344,98
2024-09-16 14:17:09.538000,414.8961710765497,5
2024-09-16 14:17:09.550000,414.9071816628586,999
2024-09-16 14:17:09.576000,415.0106320833629,1004
2024-09-16 14:17:09.653000,414.9306902417277,1004
2024-09-16 14:17:09.665000,414.9766424669066,97
2024-09-16 14:17:09.766000,414.9525509468173,100
2024-09-16 14:17:09.771000,414.9040395929659,101
2024-09-16 14:17:09.786000,414.9967271077272,1005
2024-09-16 14:17:09.802000,414.9269406781123,998
2024-09-16 14:17:09.833000,414.9379652411306,104
2024-09-16 14:17:09.877000,414.98391622584217,9
2024-09-16 14:17:09.890000,414.9002738434137,11
2024-09-16 14:17:09.920000,414.8888385873176,1004
2024-09-16 14:17:09.920000,414.973035888068,95
2024-09-16 14:17:09.949000,414.92807162480153,1001
2024-09-16 14:17:09.984000,414.9471174195856,102
2024-09-16 14:17:10.473000,414.8940736563565,14
2024-09-16 14:17:11.014000,414.854465706014,7
2024-09-16 14:17:11.140000,414.8527110941668,995
2024-09-16 14:17:11.156000,414.8490038185163,6
2024-09-16 14:17:11.169000,414.8513476490867,100
2024-09-16 14:17:11.175000,414.8483097147201,11
2024-09-16 14:17:11.190000,414.8599916373322,13
2024-09-16 14:17:11.238000,414.88233844418767,15
2024-09-16 14:17:11.274000,414.8731549331332,103
2024-09-16 14:17:11.361000,414.8508914519486,96
2024-09-16 14:17:11.387000,414.8659847078499,999
2024-09-16 14:17:11.391000,414.855412557812,8
2024-09-16 14:17:11.397000,414.8869441604107,8
2024-09-16 14:17:11.550000,414.8613354117512,99
2024-09-16 14:17:11.586000,414.85681537644297,11
2024-09-16 14:17:11.605000,414.8769112785429,9
2024-09-16 14:17:11.638000,414.8679834865705,102
2024-09-16 14:17:11.666000,414.8867116547744,98
2024-09-16 14:17:11.727000,414.8627877328814,104
2024-09-16 14:17:11.729000,414.8467026338271,997
2024-09-16 14:17:11.748000,414.8856023596497,1005
2024-09-16 14:17:11.751000,414.8716718331372,8
2024-09-16 14:17:11.828000,414.8473347103253,6
2024-09-16 14:17:11.841000,414.84636977223215,104
2024-09-16 14:17:11.843000,414.8370338019839,98
2024-09-16 14:17:11.908000,414.8701403670084,105
2024-09-16 14:17:11.915000,414.87603272937497,10
2024-09-16 14:17:12.030000,414.8511720768226,14
2024-09-16 14:17:12.120000,414.85892530109874,7
2024-09-16 14:17:12.159000,414.8415862007221,13
2024-09-16 14:17:12.161000,414.8591563905996,104
2024-09-16 14:17:12.229000,414.8454251486208,999
2024-09-16 14:17:12.248000,414.86935514430166,99
2024-09-16 14:17:12.264000,414.8703738489127,97
2024-09-16 14:17:12.267000,414.8382001829564,10
2024-09-16 14:17:12.329000,414.8289763745453,1005
2024-09-16 14:17:12.369000,414.8504590688229,8
2024-09-16 14:17:12.391000,414.8487694331937,10
2024-09-16 14:17:12.400000,414.8650227639707,95
2024-09-16 14:17:12.460000,414.839922216131,14
2024-09-16 14:17:12.473000,414.844541212846,1004
2024-09-16 14:17:12.488000,414.8612234885046,5
2024-09-16 14:17:12.543000,414.8495400345903,12
2024-09-16 14:17:12.575000,414.8285423728805,12
2024-09-16 14:17:12.575000,414.82819940684766,996
2024-09-16 14:17:12.615000,414.825444300847,97
2024-09-16 14:17:12.646000,414.8366446833947,95
2024-09-16 14:17:12.664000,414.832119935238,14
2024-09-16 14:17:12.719000,414.83509702260096,11
2024-09-16 14:17:12.802000,414.8419390421606,1004
2024-09-16 14:17:12.822000,414.84868153247606,1002
2024-09-16 14:17:12.865000,414.8212582118058,103
2024-09-16 14:17:12.892000,414.8333539515936,14
2024-09-16 14:17:12.935000,414.84808817444,102
2024-09-16 14:17:12.954000,414.8240428899574,13
2024-09-16 14:17:12.955000,414.8517379126674,100
2024-09-16 14:17:13.015000,414.7496533019107,995
2024-09-16 14:17:13.017000,414.6896760643357,1003
2024-09-16 14:17:13.120000,414.72337191557466,102
2024-09-16 14:17:13.383000,414.8470617686594,97
2024-09-16 14:17:13.444000,414.78575236574846,5
2024-09-16 14:17:13.505000,414.8273635275394,10
2024-09-16 14:17:13.595000,414.7128228752385,1003
2024-09-16 14:17:13.655000,414.77591635184814,1001
2024-09-16 14:17:13.658000,414.70394540357626,996
2024-09-16 14:17:13.674000,414.7655476039232,103
2024-09-16 14:17:13.692000,414.7741661141029,1005
2024-09-16 14:17:13.699000,414.8298892803541,7
2024-09-16 14:17:13.712000,414.71139034637,6
2024-09-16 14:17:13.737000,414.7808153419657,12
2024-09-16 14:17:13.755000,414.72381915498966,13
2024-09-16 14:17:13.755000,414.7012574229877,5
2024-09-16 14:17:13.797000,414.7028924773045,999
2024-09-16 14:17:13.809000,414.8273251826124,6
2024-09-16 14:17:13.834000,414.7238371146837,103
2024-09-16 14:17:13.856000,414.7606613265935,99
2024-09-16 14:17:13.902000,414.805264416979,1005
2024-09-16 14:17:13.996000,414.7359996746056,96
2024-09-16 14:17:14.164000,414.7664604603698,8
2024-09-16 14:17:14.174000,414.7499714780553,1003
2024-09-16 14:17:14.211000,414.7891810973821,1001
2024-09-16 14:17:14.400000,414.7583170700965,12
2024-09-16 14:17:14.437000,414.7412185721326,99
2024-09-16 14:17:14.587000,414.7999193838421,997
2024-09-16 14:17:14.675000,414.7972705704229,97
2024-09-16 14:17:14.804000,414.79696201207577,12
2024-09-16 14:17:14.830000,414.77135263551656,12
2024-09-16 14:17:14.915000,414.7438102425194,1001
2024-09-16 14:17:14.988000,414.8105014649609,1004
2024-09-16 14:17:15.098000,414.79442192555234,999
2024-09-16 14:17:15.166000,414.7904019130641,97
2024-09-16 14:17:15.445000,414.7931296953985,99
2024-09-16 14:17:15.466000,414.8073157941332,104
2024-09-16 14:17:15.568000,414.7473808155332,102
2024-09-16 14:17:15.936000,414.76722920929046,1001
2024-09-16 14:17:16.001000,414.7549417288528,7
2024-09-16 14:17:16.011000,414.84392710038657,9
2024-09-16 14:17:16.072000,414.81384248749936,1000
2024-09-16 14:17:16.073000,414.82075742393926,998
2024-09-16 14:17:16.091000,414.818468351114,997
2024-09-16 14:17:16.223000,414.8158331145499,104
2024-09-16 14:17:16.363000,414.8174561385249,995
2024-09-16 14:17:16.401000,414.7627689394541,1005
2024-09-16 14:17:16.536000,414.8330546261886,105
2024-09-16 14:17:16.558000,414.8017968002342,103
2024-09-16 14:17:16.604000,414.7938916666132,15
2024-09-16 14:17:16.656000,414.842179950266,1003
2024-09-16 14:17:16.661000,414.81641935077,99
2024-09-16 14:17:16.741000,414.8279219983489,1004
2024-09-16 14:17:16.821000,414.8129983590624,995
2024-09-16 14:17:16.898000,414.8000106556752,1004
2024-09-16 14:17:16.915000,414.8193549318671,13
2024-09-16 14:17:16.947000,414.7824738533784,15
2024-09-16 14:17:16.985000,414.8319328467982,1002
2024-09-16 14:17:17.020000,414.8475022522408,99
2024-09-16 14:17:17.091000,414.8290640790939,13
2024-09-16 14:17:17.360000,414.8122428643244,103
2024-09-16 14:17:17.370000,414.8248437725359,996
2024-09-16 14:17:17.552000,414.8510467795999,10
2024-09-16 14:17:17.773000,414.84877792808464,99
2024-09-16 14:17:17.861000,414.7807715483438,13
2024-09-16 14:17:17.877000,414.8415431036029,98
2024-09-16 14:17:18.006000,414.7595010684402,11
2024-09-16 14:17:18.032000,414.7875587901973,105
2024-09-16 14:17:18.037000,414.8118186581932,12
2024-09-16 14:17:18.077000,414.7937746161148,997
2024-09-16 14:17:18.205000,414.78732429512354,98
2024-09-16 14:17:18.222000,414.7598395887156,998
2024-09-16 14:17:18.248000,414.7655339369801,12
2024-09-16 14:17:18.275000,414.73922370441625,100
2024-09-16 14:17:18.310000,414.7441960203632,15
2024-09-16 14:17:18.352000,414.7544931985464,995
2024-09-16 14:17:18.383000,414.7528360117206,5
2024-09-16 14:17:18.391000,414.7901266451372,999
2024-09-16 14:17:18.398000,414.80485029162895,11
2024-09-16 14:17:18.462000,414.746146612387,996
2024-09-16 14:17:18.480000,414.79664163061113,15
2024-09-16 14:17:18.513000,414.75759930300654,1000
2024-09-16 14:17:18.530000,414.7564478864678,5
2024-09-16 14:17:18.544000,414.73565905249166,1002
2024-09-16 14:17:18.560000,414.7144979189465,996
2024-09-16 14:17:18.679000,414.75708295054767,12
2024-09-16 14:17:18.683000,414.79513573803473,9
2024-09-16 14:17:18.686000,414.7926814462068,1003
2024-09-16 14:17:18.759000,414.75174893907536,995
2024-09-16 14:17:18.803000,414.7910804032677,101
2024-09-16 14:17:18.831000,414.7713407870136,104
2024-09-16 14:17:18.851000,414.7887129665208,97
2024-09-16 14:17:18.930000,414.77204461363584,100
2024-09-16 14:17:18.965000,414.76679735212434,13
2024-09-16 14:17:19.064000,414.8229227272731,1001
2024-09-16 14:17:19.234000,414.8032664112742,5
2024-09-16 14:17:19.402000,414.8079549088107,98
2024-09-16 14:17:19.445000,414.8054746343601,10
2024-09-16 14:17:19.474000,414.8055060053275,103
2024-09-16 14:17:19.731000,414.80844490021866,999
2024-09-16 14:17:19.924000,414.8078120321204,1003
2024-09-16 14:17:20.327000,414.7993711960752,102
2024-09-16 14:17:20.415000,414.82012720351327,102
2024-09-16 14:17:20.730000,414.8083169804781,1001
2024-09-16 14:17:20.833000,414.816362058731,1001
2024-09-16 14:17:20.897000,414.8124026632207,101
2024-09-16 14:17:20.963000,414.8319735710178,10
2024-09-16 14:17:20.975000,414.8169140288208,998
2024-09-16 14:17:21.047000,414.8490337129987,7
2024-09-16 14:17:21.074000,414.7778367301087,999
2024-09-16 14:17:21.164000,414.8088308947246,102
2024-09-16 14:17:21.307000,414.8212679597378,998
2024-09-16 14:17:21.519000,414.8301246001476,95
2024-09-16 14:17:21.526000,414.7927145032773,9
2024-09-16 14:17:21.538000,414.7941861890478,103
2024-09-16 14:17:21.597000,414.8246729295496,998
2024-09-16 14:17:21.703000,414.8423635127377,1000
2024-09-16 14:17:21.760000,414.8523422983132,995
2024-09-16 14:17:21.874000,414.8478974627759,1003
2024-09-16 14:17:21.896000,414.85795522672805,102
2024-09-16 14:17:21.902000,414.83295967598775,8
2024-09-16 14:17:23.055000,414.77696832331634,5
2024-09-16 14:17:23.124000,414.7985895035375,100
2024-09-16 14:17:23.129000,414.7960578486032,5
2024-09-16 14:17:23.250000,414.8012487297341,996
2024-09-16 14:17:23.284000,414.8351505897676,100
2024-09-16 14:17:23.332000,414.78704424469726,6
2024-09-16 14:17:23.337000,414.8236818362559,1002
2024-09-16 14:17:23.422000,414.80048700678657,997
2024-09-16 14:17:23.425000,414.8345405534664,12
2024-09-16 14:17:23.473000,414.8001911066913,101
2024-09-16 14:17:23.486000,414.7998341729535,97
2024-09-16 14:17:23.542000,414.81851996852816,999
2024-09-16 14:17:23.664000,414.800967312188,996
2024-09-16 14:17:23.673000,414.7734833225157,5
2024-09-16 14:17:23.695000,414.7748620723863,6
2024-09-16 14:17:23.737000,414.7998644540379,1000
2024-09-16 14:17:23.836000,414.8040189381564,102
2024-09-16 14:17:23.836000,414.7978401975261,95
2024-09-16 14:17:23.853000,414.81139488305234,5
2024-09-16 14:17:23.881000,414.8142771632389,15
2024-09-16 14:17:23.891000,414.8083055957528,999
2024-09-16 14:17:24.040000,414.80621844688255,105
2024-09-16 14:17:24.049000,414.83367967033934,998
2024-09-16 14:17:24.081000,414.81872902070427,103
2024-09-16 14:17:24.113000,414.8130199670628,12
2024-09-16 14:17:24.136000,414.7998431924254,14
2024-09-16 14:17:24.353000,414.8432503045926,100
2024-09-16 14:17:24.387000,414.79660016582494,9
2024-09-16 14:17:24.390000,414.8090635014364,999
2024-09-16 14:17:24.396000,414.8162395143096,998
2024-09-16 14:17:24.539000,414.8126799409631,11
2024-09-16 14:17:24.578000,414.831652562126,103
2024-09-16 14:17:24.642000,414.8266502382548,1001
2024-09-16 14:17:24.649000,414.80333068381645,995
2024-09-16 14:17:24.671000,414.8154218706447,102
2024-09-16 14:17:24.694000,414.8121798531792,15
2024-09-16 14:17:24.696000,414.8266473991212,103
2024-09-16 14:17:24.710000,414.8358657734456,98
2024-09-16 14:17:24.725000,414.8260810390256,1002
2024-09-16 14:17:24.741000,414.8019791896921,1005
2024-09-16 14:17:24.861000,414.7936521412664,997
2024-09-16 14:17:25.031000,414.8138482974323,1001
2024-09-16 14:17:25.042000,414.7732287165787,6
2024-09-16 14:17:25.059000,414.8361196325012,96
2024-09-16 14:17:25.126000,414.7962850899358,104
2024-09-16 14:17:25.149000,414.8382195381139,998
2024-09-16 14:17:25.165000,414.8428845205955,97
2024-09-16 14:17:25.274000,414.7919101404387,998
2024-09-16 14:17:25.290000,414.8232643124597,996
2024-09-16 14:17:25.372000,414.7877658416517,10
2024-09-16 14:17:25.409000,414.837071806265,1005
2024-09-16 14:17:25.430000,414.8595369026916,95
2024-09-16 14:17:25.495000,414.8365995676105,1000
2024-09-16 14:17:25.519000,414.8151902772196,6
2024-09-16 14:17:25.559000,414.8005227141381,6
2024-09-16 14:17:25.656000,414.834655479507,101
2024-09-16 14:17:25.798000,414.8385024244133,97
2024-09-16 14:17:25.907000,414.8418010819286,1005
2024-09-16 14:17:25.914000,414.84275487808696,13
2024-09-16 14:17:25.917000,414.8556045833501,5
2024-09-16 14:17:25.931000,414.8278323791188,1001
2024-09-16 14:17:25.940000,414.8394692101782,96
2024-09-16 14:17:26.171000,414.7629311411653,15
2024-09-16 14:17:26.280000,414.7356085724005,1000
2024-09-16 14:17:26.345000,414.79004881100127,8
2024-09-16 14:17:26.455000,414.7971382111468,95
2024-09-16 14:17:26.513000,414.7384978988906,95
2024-09-16 14:17:26.548000,414.74241393450274,97
2024-09-16 14:17:26.586000,414.755742695659,7
2024-09-16 14:17:26.710000,414.7516254210609,11
2024-09-16 14:17:26.781000,414.7460673351441,15
2024-09-16 14:17:26.788000,414.76949392972347,1005
2024-09-16 14:17:26.829000,414.7462553492277,999
2024-09-16 14:17:27.013000,414.7664232315124,8
2024-09-16 14:17:27.126000,414.737042261752,1004
2024-09-16 14:17:27.158000,414.7535788428467,1002
2024-09-16 14:17:27.158000,414.7626087040398,98
2024-09-16 14:17:27.224000,414.7527763664842,996
2024-09-16 14:17:27.304000,414.7479337220957,1000
2024-09-16 14:17:27.304000,414.74756907553046,15
2024-09-16 14:17:27.306000,414.75838563395706,10
2024-09-16 14:17:27.332000,414.7458401289993,14
2024-09-16 14:17:27.365000,414.7621184975231,998
2024-09-16 14:17:27.450000,414.7469204261657,6
2024-09-16 14:17:27.652000,414.7563932440282,101
2024-09-16 14:17:27.671000,414.73130133591405,1003
2024-09-16 14:17:27.731000,414.76058791330695,101
2024-09-16 14:17:27.734000,414.7479010692453,1004
2024-09-16 14:17:27.735000,414.7384068091188,100
2024-09-16 14:17:27.767000,414.7490923051123,96
2024-09-16 14:17:27.821000,414.7420681242375,6
2024-09-16 14:17:27.853000,414.7512412551337,12
2024-09-16 14:17:27.853000,414.74064793486406,1005
2024-09-16 14:17:27.879000,414.777639974108,14
2024-09-16 14:17:27.902000,414.73775074021887,1004
2024-09-16 14:17:27.910000,414.7362419148621,101
2024-09-16 14:17:27.988000,414.7429262595067,103
2024-09-16 14:17:28.012000,414.74456949003024,6
2024-09-16 14:17:29.005000,414.73127008486,1005
2024-09-16 14:17:29.164000,414.74638990575335,104
2024-09-16 14:17:29.273000,414.7674572943986,1003
2024-09-16 14:17:29.368000,414.7347523303603,13
2024-09-16 14:17:29.378000,414.7630518638596,7
2024-09-16 14:17:29.391000,414.7592876060698,7
2024-09-16 14:17:29.423000,414.7438704742698,105
2024-09-16 14:17:29.457000,414.7579276213364,15
2024-09-16 14:17:29.502000,414.7704836578425,102
2024-09-16 14:17:29.706000,414.7609887593763,10
2024-09-16 14:17:29.847000,414.7370972511392,12
2024-09-16 14:17:29.971000,414.7194907788961,996
2024-09-16 14:17:30.002000,414.66280045723886,101
2024-09-16 14:17:30.028000,414.6944743512298,12
2024-09-16 14:17:30.061000,414.70811869148815,995
2024-09-16 14:17:30.082000,414.6905985463385,14
2024-09-16 14:17:30.093000,414.7164821763467,103
2024-09-16 14:17:30.098000,414.655899848771,102
2024-09-16 14:17:30.100000,414.7039625573596,103
2024-09-16 14:17:30.173000,414.6757081511501,104
2024-09-16 14:17:30.218000,414.6846321690513,11
2024-09-16 14:17:30.243000,414.70945490173057,6
2024-09-16 14:17:30.328000,414.6927048593476,96
2024-09-16 14:17:30.371000,414.7204015944431,99
2024-09-16 14:17:30.387000,414.6417693034725,6
2024-09-16 14:17:30.390000,414.6845569623165,104
2024-09-16 14:17:30.392000,414.7107568518944,103
2024-09-16 14:17:30.493000,414.66521652030895,1000
2024-09-16 14:17:30.509000,414.6972803328994,99
2024-09-16 14:17:30.526000,414.6765616056047,1004
2024-09-16 14:17:30.586000,414.65935290696825,1001
2024-09-16 14:17:30.598000,414.63005117506464,103
2024-09-16 14:17:30.754000,414.6813905319376,1001
2024-09-16 14:17:30.756000,414.696042600747,9
2024-09-16 14:17:30.851000,414.67147887846215,101
2024-09-16 14:17:30.855000,414.7155475673436,98
2024-09-16 14:17:30.858000,414.67451175058295,99
2024-09-16 14:17:30.906000,414.6878289852421,99
2024-09-16 14:17:30.911000,414.6692592252289,1001
2024-09-16 14:17:31.046000,414.722331992859,102
2024-09-16 14:17:31.054000,414.6581161666701,14
2024-09-16 14:17:31.085000,414.6876075175264,1001
2024-09-16 14:17:31.092000,414.7056204727357,103
2024-09-16 14:17:31.102000,414.6569476272367,102
2024-09-16 14:17:31.111000,414.7213703195071,10
2024-09-16 14:17:31.117000,414.69344221064006,1003
2024-09-16 14:17:31.123000,414.7094649986082,14
2024-09-16 14:17:31.129000,414.6494467301181,996
2024-09-16 14:17:31.169000,414.68606194516144,12
2024-09-16 14:17:31.182000,414.70693296005,1004
2024-09-16 14:17:31.186000,414.6670872548078,5
2024-09-16 14:17:31.252000,414.6701910677455,998
2024-09-16 14:17:31.437000,414.6817677670427,101
2024-09-16 14:17:31.449000,414.6704973231392,995
2024-09-16 14:17:31.472000,414.67838059574575,99
2024-09-16 14:17:31.477000,414.7044861761647,995
2024-09-16 14:17:31.615000,414.6755852096881,102
2024-09-16 14:17:31.631000,414.6718980092224,1005
2024-09-16 14:17:31.695000,414.681147426037,11
2024-09-16 14:17:31.751000,414.6995229739479,10
2024-09-16 14:17:31.783000,414.6657354680303,98
2024-09-16 14:17:31.798000,414.65951959392265,95
2024-09-16 14:17:31.888000,414.67697215431394,9
2024-09-16 14:17:31.940000,414.7279069356003,996
2024-09-16 14:17:31.969000,414.71022432559937,99
2024-09-16 14:17:32.192000,414.71408809426106,104
2024-09-16 14:17:32.634000,414.7262332871464,995
2024-09-16 14:17:32.955000,414.71596062138434,1000
2024-09-16 14:17:33.009000,414.7191006641797,1002
2024-09-16 14:17:33.051000,414.76727746238345,11
2024-09-16 14:17:33.054000,414.71184073888793,1005
2024-09-16 14:17:33.118000,414.73320150056446,9
2024-09-16 14:17:33.131000,414.7153799675195,100
2024-09-16 14:17:33.319000,414.7413343017203,98
2024-09-16 14:17:33.359000,414.7462000230111,96
2024-09-16 14:17:33.363000,414.7170008672679,1004
2024-09-16 14:17:33.367000,414.7548372707898,13
2024-09-16 14:17:33.378000,414.7724940257439,7
2024-09-16 14:17:33.385000,414.7100117572102,13
2024-09-16 14:17:33.534000,414.699209916154,1005
2024-09-16 14:17:33.599000,414.7055377141114,12
2024-09-16 14:17:33.661000,414.72786838971535,6
2024-09-16 14:17:33.689000,414.75432562784414,98
2024-09-16 14:17:33.738000,414.7592770897253,12
2024-09-16 14:17:33.815000,414.7415496002257,15
2024-09-16 14:17:33.851000,414.7024179396187,100
2024-09-16 14:17:33.994000,414.7139113137672,5
2024-09-16 14:17:34.232000,414.72487359804046,9
2024-09-16 14:17:34.245000,414.765775728745,105
2024-09-16 14:17:34.247000,414.7456533699314,996
2024-09-16 14:17:34.252000,414.7101212253816,12
2024-09-16 14:17:34.282000,414.7440195754404,14
2024-09-16 14:17:34.308000,414.7062491968202,8
2024-09-16 14:17:34.359000,414.7460225445676,999
2024-09-16 14:17:34.443000,414.7281386040706,996
2024-09-16 14:17:34.534000,414.7449902176408,100
2024-09-16 14:17:34.657000,414.7002454489841,14
2024-09-16 14:17:34.752000,414.762371747753,9
2024-09-16 14:17:34.789000,414.73613549495263,1003
2024-09-16 14:17:34.792000,414.7393155515237,12
2024-09-16 14:17:34.796000,414.7335124070735,98
2024-09-16 14:17:34.926000,414.7292233353268,15
2024-09-16 14:17:34.953000,414.7156655828646,9
2024-09-16 14:17:34.998000,414.7345699000632,6
2024-09-16 14:17:35.076000,414.7135166928268,95
2024-09-16 14:17:35.079000,414.70874075819466,995
2024-09-16 14:17:35.116000,414.68764292453056,1004
2024-09-16 14:17:35.150000,414.7032567070656,1000
2024-09-16 14:17:35.250000,414.6631641113187,97
2024-09-16 14:17:35.295000,414.7063509395067,104
2024-09-16 14:17:35.328000,414.697592314792,102
2024-09-16 14:17:35.382000,414.71921662376,996
2024-09-16 14:17:35.758000,414.715014419508,103
2024-09-16 14:17:35.767000,414.692838326996,995
2024-09-16 14:17:35.806000,414.6909553157208,1001
2024-09-16 14:17:35.851000,414.71428639801263,95
2024-09-16 14:17:35.856000,414.7011477074834,11
2024-09-16 14:17:35.872000,414.7060580620373,1005
2024-09-16 14:17:35.919000,414.7090653832129,96
2024-09-16 14:17:35.938000,414.6914200711425,1005
2024-09-16 14:17:36.032000,414.7158653555104,995
2024-09-16 14:17:36.055000,414.7418336979495,1004
2024-09-16 14:17:36.057000,414.7275646994633,6
2024-09-16 14:17:36.095000,414.7125977452778,1001
2024-09-16 14:17:36.112000,414.7209552026377,6
2024-09-16 14:17:36.176000,414.7647221332719,10
2024-09-16 14:17:36.207000,414.7424038223022,999
2024-09-16 14:17:36.232000,414.7260087441916,14
2024-09-16 14:17:36.251000,414.7199472081805,100
2024-09-16 14:17:36.487000,414.743541240213,997
2024-09-16 14:17:36.502000,414.7052704861845,7
2024-09-16 14:17:36.681000,414.7299903658927,15
2024-09-16 14:17:36.751000,414.72209034140303,96
2024-09-16 14:17:36.848000,414.7771905578537,996
2024-09-16 14:17:37.075000,414.804374146379,9
2024-09-16 14:17:37.129000,414.7503253265145,7
2024-09-16 14:17:37.255000,414.8175778958514,98
2024-09-16 14:17:37.310000,414.7493442218792,1002
2024-09-16 14:17:37.406000,414.8213840916493,1003
2024-09-16 14:17:37.454000,414.7567150283477,96
2024-09-16 14:17:37.476000,414.78575236047305,1001
2024-09-16 14:17:37.482000,414.7446539865696,97
2024-09-16 14:17:37.566000,414.8058594972808,11
2024-09-16 14:17:37.646000,414.7479657745061,96
2024-09-16 14:17:37.686000,414.77270355069095,95
2024-09-16 14:17:37.704000,414.8146282278653,1005
2024-09-16 14:17:37.714000,414.7775129286589,998
2024-09-16 14:17:37.733000,414.7349494800346,8
2024-09-16 14:17:37.751000,414.7423743450739,1003
2024-09-16 14:17:37.770000,414.82454897877176,1005
2024-09-16 14:17:37.782000,414.7598168478274,7
2024-09-16 14:17:37.787000,414.75306680371045,105
2024-09-16 14:17:37.868000,414.795338417245,5
2024-09-16 14:17:37.895000,414.7520160239429,995
2024-09-16 14:17:37.913000,414.7633999557231,1005
2024-09-16 14:17:37.922000,414.7433968686411,995
2024-09-16 14:17:37.987000,414.8095702100737,9
2024-09-16 14:17:37.998000,414.78881902826623,1003
2024-09-16 14:17:38.073000,414.81303394367694,100
2024-09-16 14:17:38.140000,414.84379720084974,13
2024-09-16 14:17:38.186000,414.8294718191639,6
2024-09-16 14:17:38.419000,414.8167152053204,8
2024-09-16 14:17:38.450000,414.8313571986587,95
2024-09-16 14:17:38.498000,414.842276597184,1002
2024-09-16 14:17:38.563000,414.8326222479083,10
2024-09-16 14:17:38.609000,414.8108164982144,101
2024-09-16 14:17:38.632000,414.8110041922351,995
2024-09-16 14:17:38.642000,414.829164406803,9
2024-09-16 14:17:38.753000,414.8362310205594,1001
2024-09-16 14:17:38.911000,414.8313602585957,995
2024-09-16 14:17:39.082000,414.8225079333709,104
2024-09-16 14:17:39.104000,414.8478839433372,102
2024-09-16 14:17:39.199000,414.8097894564766,6
2024-09-16 14:17:39.249000,414.8510232821055,9
2024-09-16 14:17:39.284000,414.8229846149017,15
2024-09-16 14:17:39.300000,414.8351545867008,1000
2024-09-16 14:17:39.323000,414.8060518126538,997
2024-09-16 14:17:39.324000,414.8347503962737,997
2024-09-16 14:17:39.337000,414.81476119866255,100
2024-09-16 14:17:39.370000,414.8141891302861,99
2024-09-16 14:17:39.389000,414.82945875934456,8
2024-09-16 14:17:39.391000,414.82864886314377,1004
2024-09-16 14:17:39.442000,414.8384821194648,10
2024-09-16 14:17:39.443000,414.831365886588,13
2024-09-16 14:17:39.448000,414.8278309557525,7
2024-09-16 14:17:39.483000,414.8372815204148,14
2024-09-16 14:17:39.519000,414.802213844556,1000
2024-09-16 14:17:39.531000,414.8415942035441,1003
2024-09-16 14:17:39.561000,414.8100691992458,11
2024-09-16 14:17:39.599000,414.83235813707785,997
2024-09-16 14:17:39.610000,414.8042193910217,1002
2024-09-16 14:17:39.673000,414.8362366454226,10
2024-09-16 14:17:39.750000,414.7965579799721,7
2024-09-16 14:17:39.802000,414.849131341903,999
2024-09-16 14:17:39.820000,414.81563319417467,1002
2024-09-16 14:17:39.948000,414.8330090476471,5
2024-09-16 14:17:39.983000,414.79586620750587,997
2024-09-16 14:17:39.993000,414.8383108752174,7
2024-09-16 14:17:39.998000,414.8536226521293,98
2024-09-16 14:17:40.002000,414.81372610912,996
2024-09-16 14:17:40.079000,414.7789271649006,5
2024-09-16 14:17:40.110000,414.7937328524709,98
2024-09-16 14:17:40.175000,414.840412706821,98
2024-09-16 14:17:40.184000,414.77768336075405,996
2024-09-16 14:17:40.188000,414.8596134571261,1002
2024-09-16 14:17:40.221000,414.8256445336676,103
2024-09-16 14:17:40.275000,414.8010356239954,102
2024-09-16 14:17:40.301000,414.8093344866364,995
2024-09-16 14:17:40.302000,414.8500199469544,102
2024-09-16 14:17:40.380000,414.7800007303024,5
2024-09-16 14:17:40.399000,414.75656714584807,14
2024-09-16 14:17:40.475000,414.798458515448,998
2024-09-16 14:17:40.498000,414.8036484100122,97
2024-09-16 14:17:40.508000,414.8387359820837,996
2024-09-16 14:17:40.532000,414.8118005417908,8
2024-09-16 14:17:40.539000,414.85779980988025,10
2024-09-16 14:17:40.550000,414.81469005087376,105
2024-09-16 14:17:40.585000,414.82309173935823,100
2024-09-16 14:17:40.680000,414.8662833315453,10
2024-09-16 14:17:40.730000,414.7783201308896,9
2024-09-16 14:17:40.774000,414.8359559256058,999
2024-09-16 14:17:40.800000,414.8351222630381,996
2024-09-16 14:17:40.840000,414.8328624639457,10
2024-09-16 14:17:40.855000,414.777486375878,1000
2024-09-16 14:17:40.891000,414.7914006194944,95
2024-09-16 14:17:40.931000,414.8647776517499,11
2024-09-16 14:17:40.975000,414.8613973555911,1005
2024-09-16 14:17:41.212000,414.8272666707215,105
2024-09-16 14:17:41.331000,414.81742227035335,1004
2024-09-16 14:17:41.607000,414.8111399102552,996
2024-09-16 14:17:41.711000,414.8096831659769,6
2024-09-16 14:17:41.947000,414.82996922022943,105
2024-09-16 14:17:41.960000,414.8237891537037,13
2024-09-16 14:17:41.985000,414.8084495143082,96
2024-09-16 14:17:42.015000,414.7722865353377,1003
2024-09-16 14:17:42.158000,414.7798627958039,10
2024-09-16 14:17:42.166000,414.7880486617673,5
2024-09-16 14:17:42.190000,414.7800348109895,101
2024-09-16 14:17:42.427000,414.7809521317347,995
2024-09-16 14:17:42.476000,414.77051107501217,12
2024-09-16 14:17:42.479000,414.7859006583452,98
2024-09-16 14:17:42.655000,414.77586869865127,7
2024-09-16 14:17:42.690000,414.7814932884927,7
2024-09-16 14:17:42.762000,414.7670405570248,9
2024-09-16 14:17:42.941000,414.8017975912894,103
2024-09-16 14:17:43.390000,414.7368087092309,1003
2024-09-16 14:17:43.427000,414.7434154537893,15
2024-09-16 14:17:43.827000,414.763323307763,12
2024-09-16 14:17:43.877000,414.7663220869264,7
2024-09-16 14:17:43.925000,414.7703352248714,995
2024-09-16 14:17:43.953000,414.7925153885074,97
2024-09-16 14:17:43.971000,414.7610019846276,999
2024-09-16 14:17:43.975000,414.7721331851802,97
2024-09-16 14:17:44.133000,414.7699815838823,7
2024-09-16 14:17:44.175000,414.8318460764804,1002
2024-09-16 14:17:44.418000,414.8065977316838,997
2024-09-16 14:17:44.806000,414.7899631093425,995
2024-09-16 14:17:44.884000,414.780864231335,8
2024-09-16 14:17:45.054000,414.7559728947271,11
2024-09-16 14:17:45.091000,414.7980630075223,13
2024-09-16 14:17:45.092000,414.8498927115109,11
2024-09-16 14:17:45.120000,414.8282708033077,101
2024-09-16 14:17:45.130000,414.84087583615286,96
2024-09-16 14:17:45.222000,414.8141524257184,6
2024-09-16 14:17:45.349000,414.7630996388195,96
2024-09-16 14:17:45.351000,414.7938173699656,1001
2024-09-16 14:17:45.473000,414.7604801796778,997
2024-09-16 14:17:45.501000,414.7938668711062,95
2024-09-16 14:17:45.513000,414.7654545906982,13
2024-09-16 14:17:45.616000,414.7787975159633,1001
2024-09-16 14:17:45.679000,414.81021532974427,996
2024-09-16 14:17:45.709000,414.8304890329687,9
2024-09-16 14:17:45.710000,414.8058060244932,7
2024-09-16 14:17:45.764000,414.75446445110896,98
2024-09-16 14:17:45.866000,414.77155828940073,12
2024-09-16 14:17:45.881000,414.7560218795833,15
2024-09-16 14:17:45.910000,414.7675990632302,998
2024-09-16 14:17:45.911000,414.8136419528216,14
2024-09-16 14:17:45.914000,414.7344959798037,105
2024-09-16 14:17:45.927000,414.7647351690379,996
2024-09-16 14:17:45.935000,414.72814493113134,103
2024-09-16 14:17:45.999000,414.7367704376159,1001
2024-09-16 14:17:46.014000,414.7476700557276,998
2024-09-16 14:17:46.091000,414.7398549550746,1005
2024-09-16 14:17:46.110000,414.769199441192,105
2024-09-16 14:17:46.224000,414.7460263764219,13
2024-09-16 14:17:46.254000,414.7194801537244,998
2024-09-16 14:17:46.430000,414.7292633232178,5
2024-09-16 14:17:46.440000,414.7138152902485,1000
2024-09-16 14:17:46.487000,414.7479187630245,7
2024-09-16 14:17:46.613000,414.7419481489716,101
2024-09-16 14:17:46.623000,414.71368850819937,6
2024-09-16 14:17:46.674000,414.7174880614502,103
2024-09-16 14:17:46.745000,414.7589303331633,996
2024-09-16 14:17:46.748000,414.7326056204993,1005
2024-09-16 14:17:46.857000,414.714390312263,103
2024-09-16 14:17:46.869000,414.7231181750623,95
2024-09-16 14:17:46.948000,414.7267261100615,104
2024-09-16 14:17:46.980000,414.75387490671096,100
2024-09-16 14:17:47.228000,414.7310041650731,13
2024-09-16 14:17:48.033000,414.7202638386431,998
2024-09-16 14:17:48.155000,414.7486275388933,101
2024-09-16 14:17:48.161000,414.7522468640789,15
2024-09-16 14:17:48.168000,414.72140973063193,96
2024-09-16 14:17:48.192000,414.7514051242164,999
2024-09-16 14:17:48.201000,414.7318651139776,98
2024-09-16 14:17:48.293000,414.7555534579184,95
2024-09-16 14:17:48.311000,414.73715875778686,996
2024-09-16 14:17:48.348000,414.7266116383509,8
2024-09-16 14:17:48.402000,414.7254486162396,102
2024-09-16 14:17:48.508000,414.73976655906097,1001
2024-09-16 14:17:48.512000,414.721789100868,1001
2024-09-16 14:17:48.540000,414.7269205934436,6
2024-09-16 14:17:48.638000,414.7668126142536,7
2024-09-16 14:17:48.693000,414.724693079214,14
2024-09-16 14:17:48.798000,414.744350456392,1002
2024-09-16 14:17:48.821000,414.736660620848,7
2024-09-16 14:17:48.860000,414.7520756587507,5
2024-09-16 14:17:48.878000,414.7326970822652,1002
2024-09-16 14:17:48.919000,414.7629549467951,14
2024-09-16 14:17:48.976000,414.7279314692188,9
2024-09-16 14:17:49.129000,414.8248492928389,1003
2024-09-16 14:17:49.284000,414.8061191594811,996
2024-09-16 14:17:49.447000,414.7715238979657,1003
2024-09-16 14:17:49.618000,414.7755043810221,996
2024-09-16 14:17:49.623000,414.7499944675443,1005
2024-09-16 14:17:49.681000,414.74156486052567,996
2024-09-16 14:17:49.911000,414.7726501160439,104
2024-09-16 14:17:50.027000,414.79778629853166,995
2024-09-16 14:17:50.047000,414.8314339571355,97
2024-09-16 14:17:50.166000,414.8264691924329,5
2024-09-16 14:17:50.166000,414.8256738162209,6
2024-09-16 14:17:50.242000,414.8334498501491,6
2024-09-16 14:17:50.278000,414.7980794728555,98
2024-09-16 14:17:50.314000,414.8228462276722,1005
2024-09-16 14:17:50.325000,414.8069128791713,1003
2024-09-16 14:17:50.330000,414.830535523275,10
2024-09-16 14:17:50.439000,414.7902678975304,995
2024-09-16 14:17:50.552000,414.798403547132,104
2024-09-16 14:17:50.564000,414.82622076713545,9
2024-09-16 14:17:50.601000,414.8301592468342,11
2024-09-16 14:17:50.614000,414.82564685992185,1002
2024-09-16 14:17:50.640000,414.8365836352978,997
2024-09-16 14:17:50.694000,414.8235697125247,9
2024-09-16 14:17:50.777000,414.8004306032509,103
2024-09-16 14:17:50.887000,414.8201619167115,8
2024-09-16 14:17:50.910000,414.8171561202165,95
2024-09-16 14:17:50.962000,414.8288677443004,95
2024-09-16 14:17:50.964000,414.8134741087397,11
2024-09-16 14:17:50.986000,414.8259340713678,1005
2024-09-16 14:17:51.022000,414.8675567057065,13
2024-09-16 14:17:51.207000,414.8272808745973,98
2024-09-16 14:17:51.213000,414.80360155788594,102
2024-09-16 14:17:51.277000,414.8555519371001,104
2024-09-16 14:17:51.295000,414.8212238195652,996
2024-09-16 14:17:51.347000,414.8112467968634,8
2024-09-16 14:17:51.352000,414.8640530956284,100
2024-09-16 14:17:51.396000,414.8582100371074,103
2024-09-16 14:17:51.419000,414.8234174374703,5
2024-09-16 14:17:51.430000,414.8336590562099,12
2024-09-16 14:17:51.443000,414.81908795349466,1002
2024-09-16 14:17:51.613000,414.81122717145627,997
2024-09-16 14:17:51.703000,414.8183367833535,1000
2024-09-16 14:17:52.198000,414.85459924262335,1001
2024-09-16 14:17:52.372000,414.8577157212568,15
2024-09-16 14:17:52.472000,414.8715292377869,102
2024-09-16 14:17:52.554000,414.8790040651091,1005
2024-09-16 14:17:52.580000,414.8852217958753,15
2024-09-16 14:17:53.019000,414.9120429949264,102
2024-09-16 14:17:53.124000,414.8846813914933,997
2024-09-16 14:17:53.358000,414.908293958893,998
2024-09-16 14:17:53.446000,414.9025112071339,105
2024-09-16 14:17:53.463000,414.90181021777374,5
2024-09-16 14:17:53.618000,414.89771970954325,101
2024-09-16 14:17:53.875000,414.905684980901,997
2024-09-16 14:17:53.955000,414.8920451144025,101
2024-09-16 14:17:53.982000,414.87619124313073,8
2024-09-16 14:17:54.243000,414.863279297427,997
2024-09-16 14:17:54.295000,414.8597361755851,1005
2024-09-16 14:17:54.374000,414.83578920421775,10
2024-09-16 14:17:54.419000,414.8775406703822,996
2024-09-16 14:17:54.551000,414.8573852671137,14
2024-09-16 14:17:54.583000,414.88397002869215,102
2024-09-16 14:17:54.782000,414.8537122133044,1003
2024-09-16 14:17:55.034000,414.85389353173656,995
2024-09-16 14:17:55.050000,414.8609300928912,1002
2024-09-16 14:17:55.110000,414.87851479638965,998
2024-09-16 14:17:55.115000,414.8969078548582,997
2024-09-16 14:17:55.125000,414.8569310536257,9
2024-09-16 14:17:55.126000,414.89746727688566,105
2024-09-16 14:17:55.202000,414.86463285237824,1004
2024-09-16 14:17:55.213000,414.86718675435526,1003
2024-09-16 14:17:55.242000,414.8673849642458,1002
2024-09-16 14:17:55.265000,414.9015206889579,1002
2024-09-16 14:17:55.396000,414.8570131502112,1003
2024-09-16 14:17:55.403000,414.8548759592603,97
2024-09-16 14:17:55.420000,414.8668591664645,95
2024-09-16 14:17:55.480000,414.8793683550488,1004
2024-09-16 14:17:55.488000,414.8421045600533,101
2024-09-16 14:17:55.492000,414.8707331504008,999
2024-09-16 14:17:55.547000,414.8714272753634,1003
2024-09-16 14:17:55.582000,414.87014617428537,998
2024-09-16 14:17:55.617000,414.847750346732,999
2024-09-16 14:17:55.711000,414.8414025865551,5
2024-09-16 14:17:55.726000,414.8468453678104,100
2024-09-16 14:17:55.763000,414.8364259372695,5
2024-09-16 14:17:55.867000,414.83780872506327,10
2024-09-16 14:17:55.886000,414.85939023003033,11
2024-09-16 14:17:55.887000,414.84992613444,1000
2024-09-16 14:17:55.938000,414.8706873535119,99
2024-09-16 14:17:55.941000,414.8551478953134,12
2024-09-16 14:17:55.956000,414.85315998703567,98
2024-09-16 14:17:55.974000,414.8407317236746,999
2024-09-16 14:17:56.018000,414.8660564125299,5
2024-09-16 14:17:56.129000,414.9012999268133,99
2024-09-16 14:17:56.140000,414.8762281771232,996
2024-09-16 14:17:56.189000,414.9112966322394,103
2024-09-16 14:17:56.196000,414.8858980718927,1003
2024-09-16 14:17:56.199000,414.8751085132573,11
2024-09-16 14:17:56.216000,414.8949759328364,97
2024-09-16 14:17:56.237000,414.8981474660162,95
2024-09-16 14:17:56.249000,414.8794430672656,104
2024-09-16 14:17:56.268000,414.8762295732204,105
2024-09-16 14:17:56.372000,414.89717932892745,14
2024-09-16 14:17:56.373000,414.8959909152975,1001
2024-09-16 14:17:56.378000,414.88169241675774,99
2024-09-16 14:17:56.418000,414.89673565222745,14
2024-09-16 14:17:56.430000,414.8898231435665,104
2024-09-16 14:17:56.439000,414.8747464879437,8
2024-09-16 14:17:56.485000,414.8585589134768,1000
2024-09-16 14:17:56.512000,414.87736698795214,1000
2024-09-16 14:17:56.522000,414.8847266007614,9
2024-09-16 14:17:56.577000,414.9011360608776,100
2024-09-16 14:17:56.714000,414.8665590241691,999
2024-09-16 14:17:56.735000,414.91555933317176,12
2024-09-16 14:17:56.803000,414.8932212087667,10
2024-09-16 14:17:56.827000,414.8921043428722,995
2024-09-16 14:17:56.839000,414.874197582504,998
2024-09-16 14:17:56.909000,414.90398001104,998
2024-09-16 14:17:56.915000,414.880127287582,99
2024-09-16 14:17:56.935000,414.8798408478011,105
2024-09-16 14:17:56.937000,414.87175360042767,996
2024-09-16 14:17:56.969000,414.9070258153016,1004
2024-09-16 14:17:57.130000,414.9335140020233,1002
2024-09-16 14:17:57.144000,414.9577358332229,14
2024-09-16 14:17:57.145000,414.92864681197983,1003
2024-09-16 14:17:57.259000,414.95076099632064,10
2024-09-16 14:17:57.268000,414.96613972834575,95
2024-09-16 14:17:57.327000,414.96837614416927,101
2024-09-16 14:17:57.333000,414.9684148387068,10
2024-09-16 14:17:57.354000,414.96680147314527,998
2024-09-16 14:17:57.435000,414.93279541819726,5
2024-09-16 14:17:57.444000,414.90815506209447,102
2024-09-16 14:17:57.674000,414.9166249454297,99
2024-09-16 14:17:57.753000,414.9072058162423,1005
2024-09-16 14:17:57.780000,414.9141802348423,1000
2024-09-16 14:17:57.842000,414.96394596672616,99
2024-09-16 14:17:57.874000,414.9112180602759,15
2024-09-16 14:17:57.924000,414.9570169384613,1004
2024-09-16 14:17:58,414.9937178853333,98
2024-09-16 14:17:58.036000,415.01459280568207,101
2024-09-16 14:17:58.151000,415.0004900304564,100
2024-09-16 14:17:58.155000,414.9983802651739,1001
2024-09-16 14:17:58.167000,414.9741713825935,95
2024-09-16 14:17:58.172000,415.00391398850815,5
2024-09-16 14:17:58.199000,415.0104616756346,95
2024-09-16 14:17:58.205000,414.9785770570894,1004
2024-09-16 14:17:58.212000,414.9690049605642,13
2024-09-16 14:17:58.212000,414.99047017729407,1000
2024-09-16 14:17:58.331000,414.9950239338792,7
2024-09-16 14:17:58.373000,414.9807725044113,1002
2024-09-16 14:17:58.534000,415.0066671719855,8
2024-09-16 14:17:58.547000,414.9763127957597,995
2024-09-16 14:17:58.560000,414.9919975885796,11
2024-09-16 14:17:58.566000,414.9972002807189,105
2024-09-16 14:17:58.612000,415.0116915740663,99
2024-09-16 14:17:58.614000,415.0129997966316,95
2024-09-16 14:17:58.622000,415.0129735878713,1004
2024-09-16 14:17:58.648000,414.9885245284058,14
2024-09-16 14:17:58.655000,414.9782842073527,1000
2024-09-16 14:17:58.696000,415.003155671326,10
2024-09-16 14:17:58.867000,414.9821202340797,99
2024-09-16 14:17:58.984000,415.00769987993743,100
2024-09-16 14:17:59.051000,415.0010781113684,100
2024-09-16 14:17:59.089000,414.9964720199303,999
2024-09-16 14:17:59.090000,415.05531503923737,14
2024-09-16 14:17:59.106000,414.9632580886408,1001
2024-09-16 14:17:59.162000,414.9748574733262,995
2024-09-16 14:17:59.162000,415.0597106600908,104
2024-09-16 14:17:59.187000,414.93529292526495,997
2024-09-16 14:17:59.208000,414.9614503054207,97
2024-09-16 14:17:59.285000,414.9976869845409,5
2024-09-16 14:17:59.290000,414.9793969683507,98
2024-09-16 14:17:59.350000,414.986107155278,11
2024-09-16 14:17:59.386000,415.0610222435496,101
2024-09-16 14:17:59.416000,414.97545290752873,1002
2024-09-16 14:17:59.507000,415.00780200095113,95
2024-09-16 14:17:59.654000,414.997146711056,7
2024-09-16 14:17:59.657000,414.9922125650844,12
2024-09-16 14:17:59.667000,414.9510568328084,997
2024-09-16 14:17:59.734000,415.0652083479848,98
2024-09-16 14:17:59.749000,414.9937109524824,5
2024-09-16 14:17:59.814000,414.9806768119876,6
2024-09-16 14:17:59.845000,415.03747735265074,102
2024-09-16 14:17:59.845000,414.9565852630725,103
2024-09-16 14:17:59.875000,415.0100116566704,13
2024-09-16 14:17:59.908000,414.9926314425112,100
2024-09-16 14:17:59.934000,415.0455962777685,97
2024-09-16 14:17:59.950000,414.9930714961547,15
2024-09-16 14:17:59.996000,414.95246872285895,97
