Timestamp,Price,Size
2024-09-20 15:08:00.142000,431.1811316143547,1005
2024-09-20 15:08:00.320000,431.2095398068239,998
2024-09-20 15:08:00.332000,431.1984897651174,1005
2024-09-20 15:08:00.357000,431.18937739907904,1002
2024-09-20 15:08:00.396000,431.1797182350215,1004
2024-09-20 15:08:00.420000,431.2157326735472,14
2024-09-20 15:08:00.567000,431.18552573212105,1002
2024-09-20 15:08:00.577000,431.1912383915768,1004
2024-09-20 15:08:00.652000,431.17783184244166,1000
2024-09-20 15:08:00.677000,431.201943853067,103
2024-09-20 15:08:00.693000,431.21620611981393,101
2024-09-20 15:08:00.778000,431.2178742746445,998
2024-09-20 15:08:00.786000,431.2208059952482,1003
2024-09-20 15:08:00.796000,431.2013697290708,13
2024-09-20 15:08:00.871000,431.1879407986985,14
2024-09-20 15:08:00.887000,431.180341793837,11
2024-09-20 15:08:00.963000,431.17999914719167,101
2024-09-20 15:08:00.966000,431.2057822454583,999
2024-09-20 15:08:01.030000,431.2955980501857,1005
2024-09-20 15:08:01.323000,431.2872735881414,9
2024-09-20 15:08:01.388000,431.2944179567192,96
2024-09-20 15:08:01.481000,431.24094793760105,104
2024-09-20 15:08:01.596000,431.2005499580872,1004
2024-09-20 15:08:01.696000,431.19717248219285,13
2024-09-20 15:08:01.776000,431.2796647529185,5
2024-09-20 15:08:01.826000,431.3008702011328,103
2024-09-20 15:08:01.911000,431.2927976268474,100
2024-09-20 15:08:01.926000,431.266432606884,105
2024-09-20 15:08:02.172000,431.285365823153,100
2024-09-20 15:08:02.201000,431.26246949089386,14
2024-09-20 15:08:02.205000,431.26264669637214,9
2024-09-20 15:08:02.284000,431.2680082764636,15
2024-09-20 15:08:02.300000,431.24424287778095,102
2024-09-20 15:08:02.330000,431.22346263344014,95
2024-09-20 15:08:02.337000,431.23681657916137,7
2024-09-20 15:08:02.419000,431.3009429313872,9
2024-09-20 15:08:02.429000,431.2588205456095,104
2024-09-20 15:08:02.430000,431.2814712814307,13
2024-09-20 15:08:02.556000,431.23628859979146,998
2024-09-20 15:08:02.627000,431.25139540260415,8
2024-09-20 15:08:02.675000,431.2604809242277,997
2024-09-20 15:08:02.686000,431.2660069201176,11
2024-09-20 15:08:02.764000,431.26262881703593,102
2024-09-20 15:08:02.775000,431.25258147216965,997
2024-09-20 15:08:02.816000,431.2738160478509,98
2024-09-20 15:08:02.860000,431.2444917216591,999
2024-09-20 15:08:02.886000,431.26905978617344,105
2024-09-20 15:08:02.923000,431.2678273567479,10
2024-09-20 15:08:02.980000,431.24065658333865,97
2024-09-20 15:08:03.579000,431.2559565328589,102
2024-09-20 15:08:04.023000,431.2574110455024,102
2024-09-20 15:08:04.042000,431.23978198759215,96
2024-09-20 15:08:04.066000,431.2625512697247,100
2024-09-20 15:08:04.137000,431.2539950163948,95
2024-09-20 15:08:04.152000,431.2753982987147,1003
2024-09-20 15:08:04.191000,431.2359731341455,995
2024-09-20 15:08:04.214000,431.2615562346584,998
2024-09-20 15:08:04.235000,431.25032210283024,998
2024-09-20 15:08:04.306000,431.2747043941006,997
2024-09-20 15:08:04.356000,431.2394141343906,14
2024-09-20 15:08:04.399000,431.2684112454496,1004
2024-09-20 15:08:04.401000,431.25852569316254,1001
2024-09-20 15:08:04.546000,431.27735775547177,101
2024-09-20 15:08:04.559000,431.2363944307764,9
2024-09-20 15:08:04.583000,431.2329183494672,15
2024-09-20 15:08:04.587000,431.2562704402644,99
2024-09-20 15:08:04.716000,431.2714117201365,103
2024-09-20 15:08:04.807000,431.26332556551375,13
2024-09-20 15:08:04.839000,431.2603874878399,15
2024-09-20 15:08:04.908000,431.2378179687525,1000
2024-09-20 15:08:04.934000,431.2512624836541,5
2024-09-20 15:08:04.972000,431.2525904505025,96
2024-09-20 15:08:04.974000,431.2670438778164,104
2024-09-20 15:08:04.974000,431.25621804162,999
2024-09-20 15:08:04.976000,431.2568050413713,998
2024-09-20 15:08:04.978000,431.2469553325624,105
2024-09-20 15:08:04.993000,431.2407435078242,6
2024-09-20 15:08:05.017000,431.2142864342678,998
2024-09-20 15:08:05.697000,431.2007462176403,1004
2024-09-20 15:08:06.501000,431.207657858844,997
2024-09-20 15:08:07.032000,431.12126086483534,96
2024-09-20 15:08:07.047000,431.11672262853847,13
2024-09-20 15:08:07.134000,431.19986469363886,997
2024-09-20 15:08:07.239000,431.1708968825481,6
2024-09-20 15:08:07.504000,431.1254031787518,99
2024-09-20 15:08:07.655000,431.1386105517955,1000
2024-09-20 15:08:07.712000,431.1215042659365,7
2024-09-20 15:08:07.727000,431.1864099511455,12
2024-09-20 15:08:07.838000,431.1466682038291,10
2024-09-20 15:08:07.885000,431.15586364687135,1005
2024-09-20 15:08:07.899000,431.1559413104146,104
2024-09-20 15:08:07.928000,431.2034070857071,1003
2024-09-20 15:08:08.407000,431.1370953118914,102
2024-09-20 15:08:08.483000,431.1186513845662,997
2024-09-20 15:08:08.489000,431.1173632873672,13
2024-09-20 15:08:08.585000,431.1286962965848,96
2024-09-20 15:08:08.593000,431.12309260591417,14
2024-09-20 15:08:08.629000,431.1576619277464,1005
2024-09-20 15:08:08.707000,431.1067877875556,102
2024-09-20 15:08:08.771000,431.1060406848004,1001
2024-09-20 15:08:08.839000,431.1100271978604,997
2024-09-20 15:08:09.006000,431.0711029385751,100
2024-09-20 15:08:09.058000,431.1185817418882,12
2024-09-20 15:08:09.136000,431.0464359560976,13
2024-09-20 15:08:09.175000,431.0775568969958,6
2024-09-20 15:08:09.204000,431.044381119179,1002
2024-09-20 15:08:09.207000,431.1189032126245,1004
2024-09-20 15:08:09.226000,431.0748435021597,100
2024-09-20 15:08:09.427000,431.04016296279775,5
2024-09-20 15:08:09.479000,431.0531407423362,7
2024-09-20 15:08:09.496000,431.07634544424303,96
2024-09-20 15:08:09.501000,431.0401646043459,1003
2024-09-20 15:08:09.518000,431.0756576139877,9
2024-09-20 15:08:09.604000,431.0802711051384,5
2024-09-20 15:08:09.628000,431.1026565940401,10
2024-09-20 15:08:09.696000,431.0766082568873,1005
2024-09-20 15:08:09.706000,431.0502960925325,105
2024-09-20 15:08:09.718000,431.086423393467,14
2024-09-20 15:08:09.758000,431.0602114408669,1004
2024-09-20 15:08:09.771000,431.10376939111256,996
2024-09-20 15:08:09.784000,431.0756955643907,11
2024-09-20 15:08:09.918000,431.07653200205607,5
2024-09-20 15:08:09.980000,431.0629507420883,96
2024-09-20 15:08:10.006000,431.10002822622414,98
2024-09-20 15:08:10.014000,431.14703056992136,1005
2024-09-20 15:08:10.262000,431.0787145734164,5
2024-09-20 15:08:10.334000,431.0917569732564,10
2024-09-20 15:08:10.339000,431.1398362881199,96
2024-09-20 15:08:10.360000,431.1025441461524,1005
2024-09-20 15:08:10.529000,431.0981789704084,1004
2024-09-20 15:08:10.685000,431.1236177469236,101
2024-09-20 15:08:10.982000,431.1287217015542,103
2024-09-20 15:08:11.063000,431.1051839771186,13
2024-09-20 15:08:11.152000,431.1145764664509,14
2024-09-20 15:08:11.161000,431.0981587753636,98
2024-09-20 15:08:11.181000,431.1222445507453,996
2024-09-20 15:08:11.213000,431.140387581352,7
2024-09-20 15:08:11.236000,431.12217980443927,996
2024-09-20 15:08:11.239000,431.1206039266316,100
2024-09-20 15:08:11.248000,431.0931547849905,12
2024-09-20 15:08:11.254000,431.124472462904,9
2024-09-20 15:08:11.368000,431.1253683890897,7
2024-09-20 15:08:11.386000,431.1324215254179,99
2024-09-20 15:08:11.421000,431.1306188353888,1001
2024-09-20 15:08:11.432000,431.1255358943969,1005
2024-09-20 15:08:11.524000,431.0911142176051,96
2024-09-20 15:08:11.569000,431.1048843627417,995
2024-09-20 15:08:11.591000,431.1300143230032,1000
2024-09-20 15:08:11.695000,431.1399464531259,105
2024-09-20 15:08:11.696000,431.1163097207311,101
2024-09-20 15:08:11.732000,431.10026019105374,95
2024-09-20 15:08:11.742000,431.1273129565269,100
2024-09-20 15:08:11.795000,431.1294738684996,14
2024-09-20 15:08:11.797000,431.1193268786336,102
2024-09-20 15:08:11.819000,431.1414858181362,8
2024-09-20 15:08:11.830000,431.14320987529743,7
2024-09-20 15:08:11.837000,431.095780146195,104
2024-09-20 15:08:11.840000,431.1184361738844,9
2024-09-20 15:08:11.841000,431.10811908049976,998
2024-09-20 15:08:11.896000,431.1419405279512,998
2024-09-20 15:08:11.998000,431.1294536179647,10
2024-09-20 15:08:12.417000,431.1026391890964,104
2024-09-20 15:08:12.464000,431.069533840375,1001
2024-09-20 15:08:12.483000,431.0947273094134,10
2024-09-20 15:08:12.485000,431.0877513562151,1003
2024-09-20 15:08:12.515000,424.1080115552081,102
2024-09-20 15:08:12.544000,431.0680052080876,998
2024-09-20 15:08:12.590000,431.109084298895,1002
2024-09-20 15:08:12.694000,431.1134110586659,103
2024-09-20 15:08:12.706000,431.1067809014327,1005
2024-09-20 15:08:12.719000,431.0860084618684,12
2024-09-20 15:08:12.758000,431.095296736198,15
2024-09-20 15:08:12.865000,431.09693941844085,9
2024-09-20 15:08:12.993000,431.0980807495292,8
2024-09-20 15:08:13.003000,431.2120642054441,9
2024-09-20 15:08:13.008000,431.1049605739759,13
2024-09-20 15:08:13.008000,431.1365274173276,14
2024-09-20 15:08:13.010000,431.1947397665169,95
2024-09-20 15:08:13.010000,431.15628719055866,100
2024-09-20 15:08:13.103000,431.18204764479606,101
2024-09-20 15:08:13.134000,431.1988712782408,5
2024-09-20 15:08:13.160000,431.1599805619044,998
2024-09-20 15:08:13.172000,431.2180683667765,14
2024-09-20 15:08:13.219000,431.1994837378098,1005
2024-09-20 15:08:13.224000,431.1370709230939,1003
2024-09-20 15:08:13.231000,431.1967843597745,1004
2024-09-20 15:08:13.237000,431.21220549957786,102
2024-09-20 15:08:13.250000,431.15277307005886,96
2024-09-20 15:08:13.309000,431.1165797756003,1004
2024-09-20 15:08:13.338000,431.1950290743804,1005
2024-09-20 15:08:13.340000,431.17087177881183,100
2024-09-20 15:08:13.345000,431.1938972734168,101
2024-09-20 15:08:13.485000,431.1823455076273,103
2024-09-20 15:08:13.513000,431.2045001868668,995
2024-09-20 15:08:13.539000,431.2068139381181,1003
2024-09-20 15:08:13.607000,431.2173636125034,1005
2024-09-20 15:08:13.617000,431.1203599936255,13
2024-09-20 15:08:13.645000,431.21604532954336,98
2024-09-20 15:08:13.686000,431.13307318248513,1004
2024-09-20 15:08:13.694000,431.19965196636366,1002
2024-09-20 15:08:13.838000,431.1984195121398,1003
2024-09-20 15:08:14.015000,431.15428858949065,998
2024-09-20 15:08:14.117000,431.1417414288539,95
2024-09-20 15:08:14.162000,431.1380477354367,99
2024-09-20 15:08:14.205000,431.1665766966833,96
2024-09-20 15:08:14.257000,431.130836918029,104
2024-09-20 15:08:14.351000,431.1473637670462,10
2024-09-20 15:08:14.421000,431.16581972796126,1001
2024-09-20 15:08:14.431000,431.14855317896,1005
2024-09-20 15:08:14.458000,431.1423350258852,100
2024-09-20 15:08:14.475000,431.13678510964553,1002
2024-09-20 15:08:14.534000,431.1723865055997,7
2024-09-20 15:08:14.605000,431.15681019017705,1001
2024-09-20 15:08:14.622000,431.1490995761411,13
2024-09-20 15:08:14.697000,431.1510734290122,8
2024-09-20 15:08:14.698000,431.16498673865766,15
2024-09-20 15:08:14.802000,431.1581773581308,103
2024-09-20 15:08:14.907000,431.1302546622058,104
2024-09-20 15:08:15.007000,431.12590538364265,8
2024-09-20 15:08:15.015000,431.15766340304793,104
2024-09-20 15:08:15.029000,431.2097712004041,105
2024-09-20 15:08:15.105000,431.16307471190754,1004
2024-09-20 15:08:15.115000,431.2122337465902,13
2024-09-20 15:08:15.122000,431.14527599631634,1005
2024-09-20 15:08:15.146000,431.1322082319117,10
2024-09-20 15:08:15.172000,431.1622853553213,15
2024-09-20 15:08:15.239000,431.1693597173879,995
2024-09-20 15:08:15.255000,431.15739830233696,999
2024-09-20 15:08:15.308000,431.1602595656291,15
2024-09-20 15:08:15.330000,431.1932988805405,999
2024-09-20 15:08:15.423000,431.1461234269082,997
2024-09-20 15:08:15.512000,431.165049845158,5
2024-09-20 15:08:15.606000,431.2042091027809,98
2024-09-20 15:08:15.611000,431.2061615309999,5
2024-09-20 15:08:15.647000,431.1951525757826,103
2024-09-20 15:08:15.727000,431.1977731629958,998
2024-09-20 15:08:15.791000,431.1601309653064,997
2024-09-20 15:08:15.823000,431.1549318304315,995
2024-09-20 15:08:15.890000,431.206060384866,15
2024-09-20 15:08:15.921000,431.1736644572768,101
2024-09-20 15:08:15.986000,431.15041833102566,5
2024-09-20 15:08:16.014000,431.1148427339888,1001
2024-09-20 15:08:16.021000,431.1516469786037,1001
2024-09-20 15:08:16.062000,431.16309130175966,15
2024-09-20 15:08:16.108000,431.0831821272444,105
2024-09-20 15:08:16.183000,431.16400112836936,11
2024-09-20 15:08:16.349000,431.067243311789,8
2024-09-20 15:08:16.377000,431.1457180915226,6
2024-09-20 15:08:16.390000,431.11838672499766,103
2024-09-20 15:08:16.408000,431.1331564298224,11
2024-09-20 15:08:16.420000,431.1384797348149,998
2024-09-20 15:08:16.440000,431.13011630876304,10
2024-09-20 15:08:16.456000,431.1513206149945,997
2024-09-20 15:08:16.480000,431.157381969269,7
2024-09-20 15:08:16.540000,431.05708389275947,6
2024-09-20 15:08:16.717000,431.1541393334656,103
2024-09-20 15:08:16.738000,431.162776657077,6
2024-09-20 15:08:16.804000,431.1567279818114,95
2024-09-20 15:08:16.822000,431.0954904438904,12
2024-09-20 15:08:16.865000,431.1309843717931,11
2024-09-20 15:08:16.922000,431.1030650606925,998
2024-09-20 15:08:16.975000,431.0993674226149,1002
2024-09-20 15:08:17.091000,431.0068622376344,105
2024-09-20 15:08:17.187000,424.037042457797,15
2024-09-20 15:08:17.293000,431.0066689896443,995
2024-09-20 15:08:17.395000,431.021726398567,11
2024-09-20 15:08:17.451000,431.0290601984072,10
2024-09-20 15:08:17.496000,431.0220246339632,999
2024-09-20 15:08:17.510000,431.0154642182216,13
2024-09-20 15:08:17.657000,431.01992299380464,5
2024-09-20 15:08:17.691000,431.0336946501229,98
2024-09-20 15:08:17.696000,431.03407134536747,997
2024-09-20 15:08:17.737000,431.0236683676085,105
2024-09-20 15:08:17.878000,431.006970985422,995
2024-09-20 15:08:17.879000,431.0267142660868,996
2024-09-20 15:08:19,430.9951904327437,99
2024-09-20 15:08:19.047000,431.0023611633132,96
2024-09-20 15:08:19.071000,430.9274496468052,7
2024-09-20 15:08:19.079000,430.9423895213406,12
2024-09-20 15:08:19.119000,431.0008346544785,1005
2024-09-20 15:08:19.124000,430.9909497330258,1000
2024-09-20 15:08:19.140000,430.97702888844685,95
2024-09-20 15:08:19.189000,430.9748978783827,1002
2024-09-20 15:08:19.208000,430.9852676801269,100
2024-09-20 15:08:19.228000,430.92728850361294,11
2024-09-20 15:08:19.229000,430.9479714405035,102
2024-09-20 15:08:19.235000,430.9372695862368,99
2024-09-20 15:08:19.292000,430.9734947679211,100
2024-09-20 15:08:19.295000,430.99734525738745,995
2024-09-20 15:08:19.309000,430.96336353788666,100
2024-09-20 15:08:19.373000,430.9732289009479,100
2024-09-20 15:08:19.390000,430.93249261150834,5
2024-09-20 15:08:19.418000,430.9757626102567,105
2024-09-20 15:08:19.448000,430.94167707524383,998
2024-09-20 15:08:19.475000,431.0062864224043,1004
2024-09-20 15:08:19.552000,430.94158640752414,1000
2024-09-20 15:08:19.641000,430.9670565576538,10
2024-09-20 15:08:19.744000,430.9277793026875,7
2024-09-20 15:08:19.748000,431.0048143201558,7
2024-09-20 15:08:19.917000,430.9412251401584,95
2024-09-20 15:08:19.929000,430.9450016188582,103
2024-09-20 15:08:20.069000,430.92039356482,98
2024-09-20 15:08:20.188000,430.9403287209221,96
2024-09-20 15:08:20.229000,430.92986321588415,1002
2024-09-20 15:08:20.252000,430.9239932514489,14
2024-09-20 15:08:20.256000,430.9371598062769,998
2024-09-20 15:08:20.414000,430.9267723328981,1004
2024-09-20 15:08:20.495000,430.9213587227701,1005
2024-09-20 15:08:20.568000,430.9180827799528,11
2024-09-20 15:08:20.634000,430.9553377235565,6
2024-09-20 15:08:20.938000,430.93491861857774,8
2024-09-20 15:08:20.955000,430.9426947885236,9
2024-09-20 15:08:21.021000,430.9777924764791,100
2024-09-20 15:08:21.076000,430.9756788537676,101
2024-09-20 15:08:21.079000,430.954184297216,13
2024-09-20 15:08:21.183000,430.928704725354,15
2024-09-20 15:08:21.214000,430.9619895917085,996
2024-09-20 15:08:21.216000,430.9732238254888,103
2024-09-20 15:08:21.301000,430.9417966976304,8
2024-09-20 15:08:21.311000,431.00668176000926,99
2024-09-20 15:08:21.321000,430.99758147027023,100
2024-09-20 15:08:21.352000,430.9884842305335,105
2024-09-20 15:08:21.366000,430.9843847677006,11
2024-09-20 15:08:21.370000,430.97994040097456,1004
2024-09-20 15:08:21.377000,431.0008524032596,995
2024-09-20 15:08:21.415000,430.9858972612335,15
2024-09-20 15:08:21.440000,430.9791738268564,96
2024-09-20 15:08:21.479000,430.9204718195006,104
2024-09-20 15:08:21.564000,430.97781257692816,11
2024-09-20 15:08:21.575000,430.94302755150727,996
2024-09-20 15:08:21.577000,431.0146864775113,11
2024-09-20 15:08:21.619000,430.95933930686624,13
2024-09-20 15:08:21.675000,430.9287591130124,102
2024-09-20 15:08:21.675000,430.9690345757063,98
2024-09-20 15:08:21.701000,430.9568499288132,1004
2024-09-20 15:08:21.717000,430.951275999688,1003
2024-09-20 15:08:21.720000,430.96508236903736,11
2024-09-20 15:08:21.876000,431.00306881588807,7
2024-09-20 15:08:21.877000,430.930442760141,9
2024-09-20 15:08:21.893000,431.0078795966033,1002
2024-09-20 15:08:21.938000,431.0001251794873,998
2024-09-20 15:08:22.247000,430.9706441888384,103
2024-09-20 15:08:22.331000,430.96684717291646,104
2024-09-20 15:08:22.455000,430.9602238969703,996
2024-09-20 15:08:22.672000,430.9559765245404,104
2024-09-20 15:08:22.782000,430.9788950283941,999
2024-09-20 15:08:23.087000,430.98595319139486,97
2024-09-20 15:08:23.752000,430.9759619076804,13
2024-09-20 15:08:23.836000,430.9694698946042,97
2024-09-20 15:08:23.840000,430.9509697675725,996
2024-09-20 15:08:23.844000,430.9818205401107,100
2024-09-20 15:08:23.952000,430.9628970868501,11
2024-09-20 15:08:24.024000,430.9418343221578,5
2024-09-20 15:08:24.030000,430.95557688971775,95
2024-09-20 15:08:24.046000,430.9374747464066,102
2024-09-20 15:08:24.065000,430.9771362437277,13
2024-09-20 15:08:24.068000,430.9286085287537,14
2024-09-20 15:08:24.151000,430.96579651286754,99
2024-09-20 15:08:24.178000,430.9615548647876,97
2024-09-20 15:08:24.194000,430.9616002869607,7
2024-09-20 15:08:24.203000,430.9436022742258,105
2024-09-20 15:08:24.299000,430.9713687481614,11
2024-09-20 15:08:24.310000,430.93539272284784,99
2024-09-20 15:08:24.342000,430.97988420095743,1005
2024-09-20 15:08:24.402000,430.95097821974224,13
2024-09-20 15:08:24.407000,430.94586909569495,1001
2024-09-20 15:08:24.456000,430.91647218937226,15
2024-09-20 15:08:24.561000,430.9430816901576,98
2024-09-20 15:08:24.572000,430.95343683298256,104
2024-09-20 15:08:24.636000,430.9539009735383,9
2024-09-20 15:08:24.770000,430.9516044795483,105
2024-09-20 15:08:24.774000,430.9465557080915,13
2024-09-20 15:08:24.856000,430.9599759918747,104
2024-09-20 15:08:24.859000,430.9148043829296,96
2024-09-20 15:08:24.900000,430.97610779573154,9
2024-09-20 15:08:24.985000,430.9514804001521,1001
2024-09-20 15:08:24.986000,430.9876259271337,997
2024-09-20 15:08:25.024000,430.99043894197735,104
2024-09-20 15:08:25.066000,430.96966743376856,1001
2024-09-20 15:08:25.288000,430.9888322918466,14
2024-09-20 15:08:25.296000,430.9409673239264,13
2024-09-20 15:08:25.387000,430.9743303266629,14
2024-09-20 15:08:25.411000,430.9814773845551,998
2024-09-20 15:08:25.413000,430.9696385596154,999
2024-09-20 15:08:25.429000,430.8710554276199,999
2024-09-20 15:08:25.453000,430.8878595890678,95
2024-09-20 15:08:25.463000,430.9652887663458,99
2024-09-20 15:08:25.469000,430.9697694753817,14
2024-09-20 15:08:25.552000,430.9393873662535,99
2024-09-20 15:08:25.555000,430.98014168384697,104
2024-09-20 15:08:25.563000,430.96270177771726,997
2024-09-20 15:08:25.579000,430.9746019060436,8
2024-09-20 15:08:25.585000,430.9839479245495,10
2024-09-20 15:08:25.589000,430.9677285125126,1003
2024-09-20 15:08:25.611000,430.9179321338538,95
2024-09-20 15:08:25.663000,430.91360343865534,5
2024-09-20 15:08:25.672000,430.97116626993534,98
2024-09-20 15:08:25.753000,430.8985975882108,102
2024-09-20 15:08:25.761000,430.96228026695707,102
2024-09-20 15:08:25.769000,430.97746888975246,1004
2024-09-20 15:08:25.771000,430.9717356476753,9
2024-09-20 15:08:25.836000,430.96430400163536,104
2024-09-20 15:08:25.860000,430.9203315033776,101
2024-09-20 15:08:25.950000,430.9595964972577,1001
2024-09-20 15:08:25.994000,430.95727069503545,1001
2024-09-20 15:08:26.044000,430.87437425955466,997
2024-09-20 15:08:26.197000,430.8663321687072,998
2024-09-20 15:08:26.202000,430.8403277315379,97
2024-09-20 15:08:26.229000,430.8687915760456,98
2024-09-20 15:08:26.345000,430.86724791211947,1003
2024-09-20 15:08:26.382000,430.87144773311326,95
2024-09-20 15:08:26.385000,430.86349531416886,11
2024-09-20 15:08:26.392000,430.87547649641806,102
2024-09-20 15:08:26.401000,430.8632640051999,101
2024-09-20 15:08:26.422000,430.8923628888173,12
2024-09-20 15:08:26.453000,430.8956373698249,13
2024-09-20 15:08:26.593000,430.8889589733913,996
2024-09-20 15:08:26.624000,430.8576609207566,105
2024-09-20 15:08:26.717000,430.8779659982311,99
2024-09-20 15:08:26.781000,430.888742466398,1002
2024-09-20 15:08:26.785000,430.8910923220823,10
2024-09-20 15:08:26.949000,430.8693027039607,995
2024-09-20 15:08:26.998000,430.8724557193698,96
2024-09-20 15:08:27.011000,430.9589585836864,1002
2024-09-20 15:08:27.040000,430.8861834856356,101
2024-09-20 15:08:27.043000,430.8600083223959,99
2024-09-20 15:08:27.055000,430.9025354679311,8
2024-09-20 15:08:27.105000,430.9587938082127,7
2024-09-20 15:08:27.174000,430.93203030165546,995
2024-09-20 15:08:27.176000,430.9282723183752,15
2024-09-20 15:08:27.199000,430.9030428532984,7
2024-09-20 15:08:27.258000,430.95119763183175,95
2024-09-20 15:08:27.297000,430.9339846684844,999
2024-09-20 15:08:27.319000,430.93991348847993,9
2024-09-20 15:08:27.325000,430.9458051054422,103
2024-09-20 15:08:27.385000,430.9475629590549,102
2024-09-20 15:08:27.412000,430.8627461686168,95
2024-09-20 15:08:27.453000,430.8614626612248,10
2024-09-20 15:08:27.471000,430.9573318406518,104
2024-09-20 15:08:27.515000,430.85446814493145,99
2024-09-20 15:08:27.525000,430.9146872736543,104
2024-09-20 15:08:27.544000,430.9473624363069,1001
2024-09-20 15:08:27.565000,430.88798286012775,1005
2024-09-20 15:08:27.615000,430.9090957800085,998
2024-09-20 15:08:27.630000,430.93254523048046,6
2024-09-20 15:08:27.642000,430.90259804217135,101
2024-09-20 15:08:27.657000,430.9046711056615,15
2024-09-20 15:08:27.694000,430.8746254310697,103
2024-09-20 15:08:27.724000,430.8653457597723,14
2024-09-20 15:08:27.773000,430.9573249114233,9
2024-09-20 15:08:27.833000,430.95208790149337,13
2024-09-20 15:08:28.046000,430.85764583707584,1002
2024-09-20 15:08:28.057000,430.8867421751152,1005
2024-09-20 15:08:28.072000,430.8866165593845,996
2024-09-20 15:08:28.088000,430.8534399106426,98
2024-09-20 15:08:28.093000,430.8718673729628,99
2024-09-20 15:08:28.145000,430.8843650716087,102
2024-09-20 15:08:28.146000,430.87945272203655,13
2024-09-20 15:08:28.149000,430.8410906484893,5
2024-09-20 15:08:28.219000,430.8669634382328,97
2024-09-20 15:08:28.313000,430.861105038138,13
2024-09-20 15:08:28.321000,430.8505295626969,5
2024-09-20 15:08:28.383000,430.83941658651713,97
2024-09-20 15:08:28.407000,430.871621697488,102
2024-09-20 15:08:28.414000,430.8620162464147,97
2024-09-20 15:08:28.454000,430.8665370716949,12
2024-09-20 15:08:28.539000,430.866478576069,1003
2024-09-20 15:08:28.683000,430.86329757725576,102
2024-09-20 15:08:28.687000,430.8495656405296,6
2024-09-20 15:08:28.689000,430.8704958456668,998
2024-09-20 15:08:28.791000,430.8625829578791,105
2024-09-20 15:08:28.855000,430.88271144684205,1000
2024-09-20 15:08:28.980000,430.8519812057886,1003
2024-09-20 15:08:29.041000,430.8500796182158,6
2024-09-20 15:08:29.051000,430.85340635606144,15
2024-09-20 15:08:29.203000,430.84715675965504,8
2024-09-20 15:08:29.256000,430.8410199854,100
2024-09-20 15:08:29.292000,430.83890398817823,99
2024-09-20 15:08:29.387000,430.8427127920737,100
2024-09-20 15:08:29.574000,430.8457892167176,1002
2024-09-20 15:08:29.793000,430.8442263249256,1001
2024-09-20 15:08:29.864000,430.8440533728282,996
2024-09-20 15:08:29.881000,430.8592588823893,999
2024-09-20 15:08:29.941000,430.8520755824908,97
2024-09-20 15:08:29.965000,430.8515587711029,995
2024-09-20 15:08:30.291000,430.864356449187,9
2024-09-20 15:08:30.455000,430.8393085967624,100
2024-09-20 15:08:30.620000,430.8438881544578,100
2024-09-20 15:08:30.982000,430.8479641756021,99
2024-09-20 15:08:30.986000,430.8404369911424,98
2024-09-20 15:08:31.009000,430.8547627465941,15
2024-09-20 15:08:31.184000,430.9113092130072,999
2024-09-20 15:08:31.257000,430.9255035488695,996
2024-09-20 15:08:31.278000,430.9345245871778,11
2024-09-20 15:08:31.357000,430.8897368983573,104
2024-09-20 15:08:31.404000,430.8866419630843,8
2024-09-20 15:08:31.439000,430.8860678682026,1002
2024-09-20 15:08:31.474000,430.9169462281869,98
2024-09-20 15:08:31.515000,430.9091348209938,102
2024-09-20 15:08:31.524000,430.9022357876751,996
2024-09-20 15:08:31.560000,430.87723318185976,995
2024-09-20 15:08:31.560000,430.886352666659,1005
2024-09-20 15:08:31.584000,430.9019195611306,99
2024-09-20 15:08:31.626000,430.88954069178567,12
2024-09-20 15:08:31.675000,430.8899630674053,999
2024-09-20 15:08:31.687000,430.8966927031932,102
2024-09-20 15:08:32.238000,424.11088704716406,8
2024-09-20 15:08:32.757000,430.93676191891655,100
2024-09-20 15:08:33.025000,430.9590762677864,996
2024-09-20 15:08:33.083000,430.9655006124563,998
2024-09-20 15:08:33.109000,430.9694229394639,1001
2024-09-20 15:08:33.162000,430.9204910064915,5
2024-09-20 15:08:33.241000,430.954240891648,1001
2024-09-20 15:08:33.259000,430.9308695532415,100
2024-09-20 15:08:33.472000,430.9220216464138,7
2024-09-20 15:08:33.533000,430.9380720106107,96
2024-09-20 15:08:33.610000,430.9475136102032,996
2024-09-20 15:08:33.676000,430.9416268076798,97
2024-09-20 15:08:33.813000,430.97127485697456,10
2024-09-20 15:08:33.841000,430.9318758908891,105
2024-09-20 15:08:33.887000,430.9519808929407,996
2024-09-20 15:08:33.939000,430.9672096405222,13
2024-09-20 15:08:33.940000,430.92227331555017,9
2024-09-20 15:08:34.024000,430.918509562845,100
2024-09-20 15:08:34.032000,430.90549326449656,101
2024-09-20 15:08:34.039000,430.9042991358075,100
2024-09-20 15:08:34.067000,430.8689637714757,996
2024-09-20 15:08:34.110000,430.9472191532626,14
2024-09-20 15:08:34.140000,430.8621897345065,104
2024-09-20 15:08:34.190000,430.9188765368129,101
2024-09-20 15:08:34.201000,430.9006786885173,98
2024-09-20 15:08:34.209000,430.922796939713,998
2024-09-20 15:08:34.231000,430.9078529316124,6
2024-09-20 15:08:34.262000,430.87707698130026,96
2024-09-20 15:08:34.303000,430.8792326119095,1004
2024-09-20 15:08:34.324000,430.90646985663136,96
2024-09-20 15:08:34.338000,430.918502151386,101
2024-09-20 15:08:34.342000,430.8884754182839,98
2024-09-20 15:08:34.348000,430.88738247749535,996
2024-09-20 15:08:34.429000,430.89760016513065,105
2024-09-20 15:08:34.436000,430.9333200412839,7
2024-09-20 15:08:34.490000,424.15241855402434,14
2024-09-20 15:08:34.523000,430.8898665950516,97
2024-09-20 15:08:34.538000,430.9199037270446,10
2024-09-20 15:08:34.564000,430.9275136073385,98
2024-09-20 15:08:34.566000,430.9060885428834,1002
2024-09-20 15:08:34.580000,430.8751372553876,15
2024-09-20 15:08:34.626000,430.9155298629752,11
2024-09-20 15:08:34.653000,430.86809107477467,12
2024-09-20 15:08:34.696000,430.8639336974245,14
2024-09-20 15:08:34.701000,430.9364943424747,10
2024-09-20 15:08:34.774000,430.92527025627874,1002
2024-09-20 15:08:34.926000,430.9152349639528,998
2024-09-20 15:08:35.034000,430.8384590024148,5
2024-09-20 15:08:35.114000,430.91559629838304,13
2024-09-20 15:08:35.143000,430.8524196902375,8
2024-09-20 15:08:35.179000,430.885140272428,105
2024-09-20 15:08:35.202000,430.81319239543393,11
2024-09-20 15:08:35.204000,430.82864409023193,99
2024-09-20 15:08:35.236000,430.8535229718544,98
2024-09-20 15:08:35.237000,430.8498329149586,12
2024-09-20 15:08:35.312000,430.8619819927416,1004
2024-09-20 15:08:35.347000,430.8573541801379,11
2024-09-20 15:08:35.526000,430.85008450624406,14
2024-09-20 15:08:35.532000,430.8504293481408,99
2024-09-20 15:08:35.608000,430.84211561298974,995
2024-09-20 15:08:35.611000,430.85322123688826,1003
2024-09-20 15:08:35.631000,430.8529513782525,102
2024-09-20 15:08:35.674000,430.8217950474144,1001
2024-09-20 15:08:35.736000,430.8252366217056,995
2024-09-20 15:08:35.743000,430.8355397477454,11
2024-09-20 15:08:35.748000,430.8455047640591,15
2024-09-20 15:08:35.804000,430.8396064372243,1005
2024-09-20 15:08:35.824000,430.8620779212094,95
2024-09-20 15:08:35.846000,430.865702090484,98
2024-09-20 15:08:35.912000,430.85653851290937,12
2024-09-20 15:08:35.962000,430.83932404220064,99
2024-09-20 15:08:35.976000,430.8548121428007,96
2024-09-20 15:08:36.081000,430.90905073332567,102
2024-09-20 15:08:36.168000,430.91573688139454,9
2024-09-20 15:08:36.199000,430.90931091818766,99
2024-09-20 15:08:36.312000,430.9180631475723,10
2024-09-20 15:08:37.039000,430.8957813794024,104
2024-09-20 15:08:37.082000,430.92104897879983,98
2024-09-20 15:08:37.271000,430.9245035510974,103
2024-09-20 15:08:37.277000,430.8878099530998,15
2024-09-20 15:08:37.353000,430.9372678527093,102
2024-09-20 15:08:37.436000,430.8997499464365,6
2024-09-20 15:08:37.438000,430.9491470635281,997
2024-09-20 15:08:37.450000,430.9266283682059,11
2024-09-20 15:08:37.513000,430.9175840041936,14
2024-09-20 15:08:37.563000,430.921657077682,6
2024-09-20 15:08:37.600000,430.90561995780814,999
2024-09-20 15:08:37.610000,430.9289733770429,96
2024-09-20 15:08:37.628000,430.9225850860172,1002
2024-09-20 15:08:37.654000,430.9192946971956,1000
2024-09-20 15:08:37.657000,430.9327617179212,999
2024-09-20 15:08:37.789000,430.91033417896665,105
2024-09-20 15:08:37.862000,430.9117713106365,6
2024-09-20 15:08:37.892000,430.9128266851377,1000
2024-09-20 15:08:37.964000,430.92730010712427,13
2024-09-20 15:08:37.969000,430.9057395443602,97
2024-09-20 15:08:38.023000,430.9248349097376,1003
2024-09-20 15:08:38.092000,430.9408674107031,997
2024-09-20 15:08:38.125000,430.9543845745534,96
2024-09-20 15:08:38.156000,430.91486390671673,11
2024-09-20 15:08:38.165000,430.9575566537395,98
2024-09-20 15:08:38.202000,430.9537948493175,1004
2024-09-20 15:08:38.217000,430.9207074317299,99
2024-09-20 15:08:38.226000,430.938500629483,995
2024-09-20 15:08:38.263000,430.9320281264786,15
2024-09-20 15:08:38.397000,430.9123801536785,1005
2024-09-20 15:08:38.421000,430.9238317009231,998
2024-09-20 15:08:38.430000,430.9143313350866,103
2024-09-20 15:08:38.461000,430.96847809058136,14
2024-09-20 15:08:38.493000,430.9527900526172,104
2024-09-20 15:08:38.501000,430.96823561184505,13
2024-09-20 15:08:38.723000,430.9210584696575,6
2024-09-20 15:08:38.787000,430.95801603690177,998
2024-09-20 15:08:38.813000,430.9444958989829,998
2024-09-20 15:08:38.883000,430.9380487445464,996
2024-09-20 15:08:39.002000,430.8906612932821,998
2024-09-20 15:08:39.041000,430.9291400529249,13
2024-09-20 15:08:39.444000,430.92600902359067,15
2024-09-20 15:08:39.839000,430.90715802815714,105
2024-09-20 15:08:39.974000,430.9290255933522,9
2024-09-20 15:08:40.589000,430.909421246128,99
2024-09-20 15:08:41.184000,430.89980415287056,95
2024-09-20 15:08:41.474000,430.87840799502817,1000
2024-09-20 15:08:41.675000,430.879572447452,9
2024-09-20 15:08:41.982000,430.88815830593614,1002
2024-09-20 15:08:42.014000,430.8802762622215,995
2024-09-20 15:08:42.197000,430.8357697600456,1005
2024-09-20 15:08:42.452000,430.8300001816376,997
2024-09-20 15:08:42.513000,430.8760329073969,6
2024-09-20 15:08:42.630000,430.9016952961955,1002
2024-09-20 15:08:42.647000,430.8234987076487,1000
2024-09-20 15:08:42.778000,430.85981952216434,995
2024-09-20 15:08:42.813000,430.8800615625714,6
2024-09-20 15:08:42.901000,430.8541403494863,95
2024-09-20 15:08:43.084000,430.8048229534116,14
2024-09-20 15:08:43.124000,430.77442224390967,996
2024-09-20 15:08:43.162000,430.71769408367095,101
2024-09-20 15:08:43.164000,430.72703950443287,9
2024-09-20 15:08:43.254000,430.71796401940105,1004
2024-09-20 15:08:43.328000,430.7284338917685,5
2024-09-20 15:08:43.334000,430.8085519611581,99
2024-09-20 15:08:43.335000,430.7807894439239,105
2024-09-20 15:08:43.356000,430.8035965639417,8
2024-09-20 15:08:43.375000,430.8022654006467,14
2024-09-20 15:08:43.415000,430.7363557130191,6
2024-09-20 15:08:43.470000,430.8156647442685,1001
2024-09-20 15:08:43.532000,430.7318373431265,1001
2024-09-20 15:08:43.610000,430.7415810455095,105
2024-09-20 15:08:43.686000,430.7071080022572,97
2024-09-20 15:08:43.695000,430.7823743859188,997
2024-09-20 15:08:43.752000,430.7210921042625,999
2024-09-20 15:08:43.796000,430.7091070572638,998
2024-09-20 15:08:43.810000,430.77406447989694,11
2024-09-20 15:08:43.817000,430.8254820604872,995
2024-09-20 15:08:43.842000,430.8320658895156,101
2024-09-20 15:08:43.864000,430.72278651949017,1002
2024-09-20 15:08:43.867000,430.7271859855558,98
2024-09-20 15:08:43.964000,430.7204010313213,1003
2024-09-20 15:08:43.966000,430.7253535722668,98
2024-09-20 15:08:43.973000,430.7137338412288,13
2024-09-20 15:08:43.989000,430.7889631294529,1005
2024-09-20 15:08:43.996000,430.70317199087407,1001
2024-09-20 15:08:44.030000,430.70240467031465,6
2024-09-20 15:08:44.067000,430.6918010665039,1001
2024-09-20 15:08:44.070000,430.71105615454405,95
2024-09-20 15:08:44.118000,430.6940002832704,102
2024-09-20 15:08:44.156000,430.663639637013,12
2024-09-20 15:08:44.163000,430.6819491381764,6
2024-09-20 15:08:44.241000,430.7001061059112,15
2024-09-20 15:08:44.349000,430.69883698718047,996
2024-09-20 15:08:44.372000,430.7144754235674,12
2024-09-20 15:08:44.385000,430.6939322106231,999
2024-09-20 15:08:44.530000,430.6929686260778,1004
2024-09-20 15:08:44.542000,430.6908552052272,98
2024-09-20 15:08:44.693000,430.7122123457224,99
2024-09-20 15:08:44.804000,430.6856735073633,103
2024-09-20 15:08:44.843000,430.7000419066038,104
2024-09-20 15:08:44.868000,430.6872084477301,1003
2024-09-20 15:08:44.971000,430.6964098981236,14
2024-09-20 15:08:46.121000,430.7216045065669,7
2024-09-20 15:08:46.248000,430.7264178459593,8
2024-09-20 15:08:46.699000,430.7094103519432,1003
2024-09-20 15:08:46.857000,430.7124578016752,10
2024-09-20 15:08:46.873000,430.7350669721396,96
2024-09-20 15:08:47.010000,430.7398499354326,101
2024-09-20 15:08:47.031000,430.7707232943228,105
2024-09-20 15:08:47.078000,430.79184460461096,996
2024-09-20 15:08:47.080000,430.7418206654125,6
2024-09-20 15:08:47.136000,430.7554661493414,1000
2024-09-20 15:08:47.192000,430.7126917397574,997
2024-09-20 15:08:47.193000,430.7877025618914,9
2024-09-20 15:08:47.278000,430.7461599014783,104
2024-09-20 15:08:47.367000,430.7358622705282,7
2024-09-20 15:08:47.374000,430.7980850903709,6
2024-09-20 15:08:47.395000,430.73365841531887,98
2024-09-20 15:08:47.417000,430.7870882967311,1002
2024-09-20 15:08:47.430000,430.7200530358184,996
2024-09-20 15:08:47.472000,430.7748144295677,998
2024-09-20 15:08:47.498000,430.783460711462,8
2024-09-20 15:08:47.499000,430.7260339471208,103
2024-09-20 15:08:47.513000,430.7749353234202,101
2024-09-20 15:08:47.586000,430.774725864875,1002
2024-09-20 15:08:47.624000,430.76689169700495,6
2024-09-20 15:08:47.701000,430.76421115625055,996
2024-09-20 15:08:47.813000,430.75293341496456,997
2024-09-20 15:08:47.817000,430.78608020003577,96
2024-09-20 15:08:47.998000,430.7923485025004,999
2024-09-20 15:08:48.037000,430.777057564122,98
2024-09-20 15:08:48.064000,430.7555468886426,5
2024-09-20 15:08:48.273000,430.7604064843945,105
2024-09-20 15:08:48.449000,430.77366416680303,5
2024-09-20 15:08:48.465000,430.79422227130266,998
2024-09-20 15:08:48.480000,430.7836775295031,12
2024-09-20 15:08:48.585000,430.7714494577475,8
2024-09-20 15:08:48.710000,430.7816367621904,104
2024-09-20 15:08:48.754000,430.7594908540143,9
2024-09-20 15:08:48.802000,430.79550622585606,999
2024-09-20 15:08:48.821000,430.7855048623869,104
2024-09-20 15:08:48.840000,430.76655725002894,1002
2024-09-20 15:08:48.851000,430.7697226712114,1002
2024-09-20 15:08:48.874000,430.7546129424577,10
2024-09-20 15:08:48.953000,430.7745908723461,99
2024-09-20 15:08:49.012000,430.7992433612986,95
2024-09-20 15:08:49.104000,430.8184286195925,14
2024-09-20 15:08:49.105000,430.80700133377786,101
2024-09-20 15:08:49.117000,430.7569810605159,7
2024-09-20 15:08:49.125000,430.8465165115367,101
2024-09-20 15:08:49.155000,430.7809957665146,14
2024-09-20 15:08:49.161000,430.7852376986152,6
2024-09-20 15:08:49.190000,430.7905019299373,8
2024-09-20 15:08:49.286000,430.76618997670016,999
2024-09-20 15:08:49.363000,430.8136858561078,103
2024-09-20 15:08:49.509000,430.7751334033276,103
2024-09-20 15:08:49.546000,430.7659101763801,98
2024-09-20 15:08:49.598000,430.83282169770825,6
2024-09-20 15:08:49.601000,430.77790757243525,998
2024-09-20 15:08:49.643000,430.7717747197644,104
2024-09-20 15:08:49.704000,430.7802951276299,998
2024-09-20 15:08:49.706000,430.76479148438347,95
2024-09-20 15:08:49.755000,430.776853740572,1001
2024-09-20 15:08:49.778000,430.8233879511686,13
2024-09-20 15:08:49.799000,430.8035060809874,999
2024-09-20 15:08:49.838000,430.816123742981,95
2024-09-20 15:08:49.848000,430.8285803951738,996
2024-09-20 15:08:49.849000,430.7858215908737,101
2024-09-20 15:08:49.882000,430.80656634666286,1000
2024-09-20 15:08:49.901000,430.8295863480861,8
2024-09-20 15:08:49.946000,430.8039950105067,1005
2024-09-20 15:08:49.956000,430.83697060992455,12
2024-09-20 15:08:49.979000,430.7761929811941,8
2024-09-20 15:08:50.037000,430.7547930142828,9
2024-09-20 15:08:50.186000,430.752763789072,97
2024-09-20 15:08:50.199000,430.75203211732327,98
2024-09-20 15:08:50.205000,430.759442528615,1000
2024-09-20 15:08:50.222000,430.7254846872942,7
2024-09-20 15:08:50.249000,430.7757559398456,1003
2024-09-20 15:08:50.292000,430.7333848798608,7
2024-09-20 15:08:50.320000,430.8152490182441,103
2024-09-20 15:08:50.325000,430.7572593148743,13
2024-09-20 15:08:50.357000,430.7479121203005,1003
2024-09-20 15:08:50.440000,430.76276670409294,15
2024-09-20 15:08:50.485000,430.7767226632539,14
2024-09-20 15:08:50.536000,430.74922561531736,1000
2024-09-20 15:08:50.541000,430.816190550286,96
2024-09-20 15:08:50.578000,430.7227668985208,103
2024-09-20 15:08:50.580000,430.72673722788295,14
2024-09-20 15:08:50.616000,430.739917893409,996
2024-09-20 15:08:50.621000,430.7336291259527,99
2024-09-20 15:08:50.624000,430.7919936442213,12
2024-09-20 15:08:50.625000,430.79177322242646,997
2024-09-20 15:08:50.648000,430.7390491302875,1003
2024-09-20 15:08:50.695000,430.7760685799722,1004
2024-09-20 15:08:50.720000,430.7879940248648,1004
2024-09-20 15:08:50.734000,430.7874564747888,1002
2024-09-20 15:08:50.740000,430.8154644952294,996
2024-09-20 15:08:50.837000,430.8130045027783,98
2024-09-20 15:08:50.882000,430.7758619227212,6
2024-09-20 15:08:50.884000,430.7640025126613,97
2024-09-20 15:08:50.936000,430.741933546432,104
2024-09-20 15:08:51.154000,430.7643688648964,96
2024-09-20 15:08:51.217000,430.7685337619609,12
2024-09-20 15:08:51.420000,430.7665171465407,999
2024-09-20 15:08:51.633000,430.7595441392258,1001
2024-09-20 15:08:51.875000,430.74784410999,98
2024-09-20 15:08:51.936000,430.75602865055146,99
2024-09-20 15:08:51.960000,430.7579556226496,1001
2024-09-20 15:08:51.982000,430.7422466890313,1001
2024-09-20 15:08:51.993000,430.7474177149155,1004
2024-09-20 15:08:52.064000,430.71698048488,102
2024-09-20 15:08:52.141000,430.7493729751981,100
2024-09-20 15:08:52.345000,430.745439590157,5
2024-09-20 15:08:52.690000,430.7462651562683,1003
2024-09-20 15:08:52.735000,430.7464761926211,101
2024-09-20 15:08:52.811000,430.7353629450048,97
2024-09-20 15:08:52.899000,430.7286380438845,11
2024-09-20 15:08:53.039000,430.79610055633617,7
2024-09-20 15:08:53.191000,430.7673261064176,14
2024-09-20 15:08:53.245000,430.7368409034439,1003
2024-09-20 15:08:53.300000,430.7897983081994,99
2024-09-20 15:08:53.374000,430.767756855262,996
2024-09-20 15:08:53.395000,430.8105890699864,105
2024-09-20 15:08:53.410000,430.7635140854006,103
2024-09-20 15:08:53.521000,430.80524878984994,1005
2024-09-20 15:08:53.551000,430.80496397405415,96
2024-09-20 15:08:53.634000,430.7433568293789,6
2024-09-20 15:08:53.695000,430.7867528608394,8
2024-09-20 15:08:53.709000,430.7655205763299,98
2024-09-20 15:08:53.746000,430.7858188339831,104
2024-09-20 15:08:53.800000,430.8031183833066,100
2024-09-20 15:08:53.817000,430.80016623784906,104
2024-09-20 15:08:53.838000,430.7778019226165,5
2024-09-20 15:08:53.916000,430.7539527568959,95
2024-09-20 15:08:53.965000,430.8128614449689,96
2024-09-20 15:08:54.034000,430.7401119569967,996
2024-09-20 15:08:54.104000,430.7298021204967,997
2024-09-20 15:08:54.125000,430.7186622730025,5
2024-09-20 15:08:54.167000,430.7479413149125,98
2024-09-20 15:08:54.192000,430.7111384890673,99
2024-09-20 15:08:54.200000,430.75185915477687,99
2024-09-20 15:08:54.251000,430.7569963602232,1004
2024-09-20 15:08:54.258000,430.7821701135322,12
2024-09-20 15:08:54.292000,430.75128823451377,1004
2024-09-20 15:08:54.339000,430.75439980305765,5
2024-09-20 15:08:54.339000,430.7823721243861,999
2024-09-20 15:08:54.353000,430.78587072680295,105
2024-09-20 15:08:54.380000,430.73192052424497,99
2024-09-20 15:08:54.415000,430.7286277433359,1000
2024-09-20 15:08:54.475000,430.6944090325848,11
2024-09-20 15:08:54.495000,430.6925318722991,1003
2024-09-20 15:08:54.613000,430.7326367569629,1003
2024-09-20 15:08:54.620000,430.75633378373294,95
2024-09-20 15:08:54.761000,430.7847475686319,104
2024-09-20 15:08:54.771000,430.7751469724772,12
2024-09-20 15:08:54.890000,430.7388972996082,9
2024-09-20 15:08:54.896000,430.7191987257112,15
2024-09-20 15:08:54.923000,430.7614920791817,104
2024-09-20 15:08:55.009000,430.6167751871438,13
2024-09-20 15:08:55.049000,430.6750617275511,996
2024-09-20 15:08:55.065000,430.6360909722283,999
2024-09-20 15:08:55.102000,430.60573023586505,8
2024-09-20 15:08:55.132000,430.6593642166396,6
2024-09-20 15:08:55.223000,430.6117064112656,9
2024-09-20 15:08:55.225000,430.6313851776023,1002
2024-09-20 15:08:55.238000,430.6383476851453,6
2024-09-20 15:08:55.275000,430.65527829665024,9
2024-09-20 15:08:55.297000,430.6194776107783,100
2024-09-20 15:08:55.298000,430.66661291154605,1003
2024-09-20 15:08:55.327000,430.6482628955808,15
2024-09-20 15:08:55.432000,430.6315776153044,104
2024-09-20 15:08:55.444000,430.6526302667309,99
2024-09-20 15:08:55.445000,430.6235098623153,9
2024-09-20 15:08:55.448000,430.6319455612534,12
2024-09-20 15:08:55.564000,430.667147882681,999
2024-09-20 15:08:55.564000,430.6409612306038,103
2024-09-20 15:08:55.572000,430.6389831536908,14
2024-09-20 15:08:55.716000,430.673619201114,99
2024-09-20 15:08:55.730000,430.6806359680748,98
2024-09-20 15:08:55.762000,430.6299178627066,6
2024-09-20 15:08:55.776000,430.6292373434254,13
2024-09-20 15:08:55.821000,430.6443455382136,102
2024-09-20 15:08:55.857000,430.64624657795576,995
2024-09-20 15:08:56.042000,430.635627983528,10
2024-09-20 15:08:56.052000,430.6453296811848,13
2024-09-20 15:08:56.053000,430.6548398752231,100
2024-09-20 15:08:56.062000,430.6500717146101,7
2024-09-20 15:08:56.092000,430.67581382186086,95
2024-09-20 15:08:56.096000,430.6745164791498,11
2024-09-20 15:08:56.145000,430.69989124900246,103
2024-09-20 15:08:56.159000,430.65895918074034,96
2024-09-20 15:08:56.251000,430.6668349847868,1002
2024-09-20 15:08:56.273000,430.6643253728113,1001
2024-09-20 15:08:56.355000,430.648996888067,104
2024-09-20 15:08:56.510000,430.67481211442754,999
2024-09-20 15:08:56.543000,430.66319554471113,14
2024-09-20 15:08:56.657000,430.6650510353711,104
2024-09-20 15:08:56.785000,430.6464007998783,11
2024-09-20 15:08:56.785000,430.6371065963048,5
2024-09-20 15:08:56.834000,430.6389255790591,996
2024-09-20 15:08:56.918000,430.6763298637754,101
2024-09-20 15:08:56.973000,430.6520597097882,999
2024-09-20 15:08:57.037000,430.7148298144272,1001
2024-09-20 15:08:57.053000,430.7250676943233,7
2024-09-20 15:08:57.114000,430.72033581385983,998
2024-09-20 15:08:57.125000,430.73308358451146,1002
2024-09-20 15:08:57.145000,430.72828281966304,996
2024-09-20 15:08:57.197000,430.7110963946933,997
2024-09-20 15:08:57.240000,430.7219396873782,996
2024-09-20 15:08:57.274000,430.7102644598732,97
2024-09-20 15:08:57.313000,430.72631537955687,999
2024-09-20 15:08:57.335000,430.73049003556656,999
2024-09-20 15:08:57.376000,430.7284553364979,15
2024-09-20 15:08:57.392000,430.69760618478233,998
2024-09-20 15:08:57.465000,430.7247417213521,997
2024-09-20 15:08:57.750000,430.7231370504522,7
2024-09-20 15:08:57.881000,430.7341727063663,14
2024-09-20 15:08:57.967000,430.7190291538147,1002
2024-09-20 15:08:58.033000,430.7584037730546,1003
2024-09-20 15:08:58.070000,430.7907827761902,12
2024-09-20 15:08:58.079000,430.7935312519228,95
2024-09-20 15:08:58.080000,430.75267889844224,11
2024-09-20 15:08:58.086000,430.7857701136468,10
2024-09-20 15:08:58.124000,430.76185312362935,101
2024-09-20 15:08:58.207000,430.7970263040507,104
2024-09-20 15:08:58.215000,430.7944712446701,997
2024-09-20 15:08:58.249000,430.8003153046446,9
2024-09-20 15:08:58.293000,430.781065367786,13
2024-09-20 15:08:58.411000,430.7716024939757,99
2024-09-20 15:08:58.524000,430.80521381157456,9
2024-09-20 15:08:58.529000,430.7832065572683,1003
2024-09-20 15:08:58.587000,430.8049506286069,1003
2024-09-20 15:08:58.654000,430.78317937171335,15
2024-09-20 15:08:58.709000,430.7669324402568,9
2024-09-20 15:08:58.938000,430.7413584110281,999
2024-09-20 15:08:58.951000,430.7721921360238,999
2024-09-20 15:08:58.974000,430.7799745563064,10
2024-09-20 15:08:59.499000,430.7973591381604,1000
2024-09-20 15:08:59.535000,430.7863186964856,1003
2024-09-20 15:08:59.732000,430.79949457850097,1004
2024-09-20 15:08:59.795000,430.8016906804132,10
2024-09-20 15:08:59.867000,430.7911691461098,998
2024-09-20 15:08:59.956000,430.804845171726,102
