Timestamp,Price,Size
2024-09-19 15:50:00.014000,419.3858684942433,8
2024-09-19 15:50:00.110000,419.4539053804586,9
2024-09-19 15:50:00.175000,419.4424712253867,14
2024-09-19 15:50:00.192000,419.4776663090183,995
2024-09-19 15:50:00.227000,419.3729000377306,9
2024-09-19 15:50:00.255000,419.4967819200862,15
2024-09-19 15:50:00.255000,419.37715492463616,103
2024-09-19 15:50:00.314000,419.45204771819954,1004
2024-09-19 15:50:00.347000,419.4467221866006,999
2024-09-19 15:50:00.362000,419.4359456174712,12
2024-09-19 15:50:00.367000,419.4241653011785,97
2024-09-19 15:50:00.384000,419.4477752902588,7
2024-09-19 15:50:00.438000,419.3743016657068,97
2024-09-19 15:50:00.445000,419.4040203160153,99
2024-09-19 15:50:00.525000,419.46845940010496,6
2024-09-19 15:50:00.686000,419.4522397250681,103
2024-09-19 15:50:00.688000,419.4050368224397,6
2024-09-19 15:50:00.802000,419.4499606263445,997
2024-09-19 15:50:00.873000,419.4496222636207,10
2024-09-19 15:50:00.887000,419.4528237458293,15
2024-09-19 15:50:00.898000,419.4062234103882,1001
2024-09-19 15:50:00.921000,419.4186974545967,1002
2024-09-19 15:50:00.944000,419.4382391119017,105
2024-09-19 15:50:00.969000,419.399222255144,105
2024-09-19 15:50:01.035000,419.3851316912355,13
2024-09-19 15:50:01.148000,419.35931577065736,96
2024-09-19 15:50:01.366000,419.3874897922917,104
2024-09-19 15:50:01.516000,419.3729329255449,8
2024-09-19 15:50:01.531000,419.3815205739225,98
2024-09-19 15:50:01.608000,419.4018010248139,1000
2024-09-19 15:50:01.658000,419.3692876431101,105
2024-09-19 15:50:01.753000,419.3579645701437,100
2024-09-19 15:50:01.845000,419.3648882085729,1005
2024-09-19 15:50:01.861000,419.3803116005538,996
2024-09-19 15:50:01.863000,419.4063841125288,12
2024-09-19 15:50:01.997000,419.40540405338265,104
2024-09-19 15:50:02,419.41092016813104,998
2024-09-19 15:50:02.044000,419.42819220533926,10
2024-09-19 15:50:02.077000,419.4238483137402,98
2024-09-19 15:50:02.161000,419.4213097656432,96
2024-09-19 15:50:02.298000,419.42926309059766,1002
2024-09-19 15:50:02.455000,419.43355980470346,15
2024-09-19 15:50:02.508000,419.3849207317485,105
2024-09-19 15:50:02.898000,419.41184324620417,999
2024-09-19 15:50:03.068000,419.5030817247922,104
2024-09-19 15:50:03.079000,419.5105791268826,103
2024-09-19 15:50:03.138000,419.49726759928046,8
2024-09-19 15:50:03.191000,419.4785868527002,105
2024-09-19 15:50:03.238000,419.50227945941975,102
2024-09-19 15:50:03.244000,419.5052436626859,1005
2024-09-19 15:50:03.261000,419.5144553330956,6
2024-09-19 15:50:03.287000,419.4876749229741,95
2024-09-19 15:50:03.315000,419.5380745210484,97
2024-09-19 15:50:03.337000,419.5071700099201,12
2024-09-19 15:50:03.337000,419.47274228621166,999
2024-09-19 15:50:03.345000,419.4677225997796,1002
2024-09-19 15:50:03.354000,419.5709059113707,1000
2024-09-19 15:50:03.385000,419.495979235636,1005
2024-09-19 15:50:03.394000,419.496701593741,997
2024-09-19 15:50:03.558000,419.5268967986361,6
2024-09-19 15:50:03.627000,419.494974037426,1005
2024-09-19 15:50:03.711000,419.47325484147393,6
2024-09-19 15:50:03.756000,419.49092990492784,10
2024-09-19 15:50:03.768000,419.5352146240196,997
2024-09-19 15:50:03.883000,419.5590718032514,9
2024-09-19 15:50:03.886000,419.5222758089542,5
2024-09-19 15:50:03.905000,419.46890982000417,1005
2024-09-19 15:50:03.980000,419.46861443677614,10
2024-09-19 15:50:03.984000,419.5679993869495,102
2024-09-19 15:50:03.988000,419.5070775774502,996
2024-09-19 15:50:04.045000,419.46331079076265,102
2024-09-19 15:50:04.175000,419.4670815503936,97
2024-09-19 15:50:04.214000,419.458875326176,6
2024-09-19 15:50:04.298000,419.4887680137752,997
2024-09-19 15:50:04.575000,419.4816898718944,104
2024-09-19 15:50:05.005000,419.5630538869249,104
2024-09-19 15:50:05.010000,419.5545479154417,96
2024-09-19 15:50:05.012000,419.53891386610354,998
2024-09-19 15:50:05.128000,419.5054792845583,995
2024-09-19 15:50:05.161000,419.4589994509086,14
2024-09-19 15:50:05.189000,419.539360794668,12
2024-09-19 15:50:05.189000,419.4710799589417,95
2024-09-19 15:50:05.242000,419.54229460082576,8
2024-09-19 15:50:05.264000,419.57015973518816,15
2024-09-19 15:50:05.304000,419.5040272061595,997
2024-09-19 15:50:05.362000,419.5412717953149,14
2024-09-19 15:50:05.371000,419.5054543434258,8
2024-09-19 15:50:05.418000,419.5355890125175,996
2024-09-19 15:50:05.436000,419.54638599258016,101
2024-09-19 15:50:05.579000,419.5329109786073,997
2024-09-19 15:50:05.625000,419.5579021948816,7
2024-09-19 15:50:05.639000,419.54332236062936,13
2024-09-19 15:50:05.666000,419.4945627555463,100
2024-09-19 15:50:05.696000,419.50340492159097,6
2024-09-19 15:50:05.750000,419.540907554663,996
2024-09-19 15:50:05.799000,419.5477899847706,13
2024-09-19 15:50:05.818000,419.535956193614,1003
2024-09-19 15:50:05.988000,419.545593422118,105
2024-09-19 15:50:05.998000,419.54445603237735,1000
2024-09-19 15:50:06.007000,419.424460711283,104
2024-09-19 15:50:06.051000,419.3269922823692,15
2024-09-19 15:50:06.084000,419.43359911398494,9
2024-09-19 15:50:06.245000,419.3166712235148,997
2024-09-19 15:50:06.248000,419.542438710518,1001
2024-09-19 15:50:06.296000,419.3426309673305,100
2024-09-19 15:50:06.306000,419.4758463338741,1004
2024-09-19 15:50:06.327000,419.3414154809908,5
2024-09-19 15:50:06.372000,419.4758813768743,8
2024-09-19 15:50:06.389000,419.518179615293,6
2024-09-19 15:50:06.393000,419.3341322529482,1002
2024-09-19 15:50:06.414000,419.4396155275399,1002
2024-09-19 15:50:06.440000,419.5008530898202,98
2024-09-19 15:50:06.446000,419.3318300112325,7
2024-09-19 15:50:06.453000,419.3168297064669,96
2024-09-19 15:50:06.527000,419.4376149641609,104
2024-09-19 15:50:06.590000,419.40235484407975,103
2024-09-19 15:50:06.594000,419.5047991467845,10
2024-09-19 15:50:06.629000,419.4890170286798,1001
2024-09-19 15:50:06.639000,419.5045459332498,999
2024-09-19 15:50:06.665000,419.3725308634452,103
2024-09-19 15:50:06.670000,419.4561141308021,97
2024-09-19 15:50:06.682000,419.50016490327016,998
2024-09-19 15:50:06.719000,419.4947500192151,104
2024-09-19 15:50:06.749000,419.4504795857311,998
2024-09-19 15:50:06.820000,419.4568669027684,98
2024-09-19 15:50:06.869000,419.4407308161428,1005
2024-09-19 15:50:06.928000,419.324175439175,1001
2024-09-19 15:50:06.988000,419.5287149383578,995
2024-09-19 15:50:07.022000,419.3673725094958,15
2024-09-19 15:50:07.037000,419.3333902263362,105
2024-09-19 15:50:07.073000,419.33706169034383,8
2024-09-19 15:50:07.152000,419.3653710544479,96
2024-09-19 15:50:07.185000,419.36906402838304,97
2024-09-19 15:50:07.190000,419.3768413603102,6
2024-09-19 15:50:07.211000,419.35675293819776,13
2024-09-19 15:50:07.220000,419.36428111775245,1003
2024-09-19 15:50:07.297000,419.3613336010496,14
2024-09-19 15:50:07.313000,419.34720845844953,1004
2024-09-19 15:50:07.663000,419.3578706356532,105
2024-09-19 15:50:07.690000,419.34012785640175,101
2024-09-19 15:50:07.701000,419.3742327265471,6
2024-09-19 15:50:07.741000,419.3602351456864,1002
2024-09-19 15:50:07.859000,419.3693393769093,995
2024-09-19 15:50:07.860000,419.3367678678453,1002
2024-09-19 15:50:07.863000,419.3677160482114,9
2024-09-19 15:50:07.879000,419.3763397127976,998
2024-09-19 15:50:07.881000,419.3622569134589,1000
2024-09-19 15:50:07.882000,419.3460000400351,7
2024-09-19 15:50:07.948000,419.3216254204248,9
2024-09-19 15:50:07.984000,419.3400538253446,15
2024-09-19 15:50:08.036000,419.33629357729706,104
2024-09-19 15:50:08.185000,419.3524229019511,7
2024-09-19 15:50:08.248000,419.3491806062552,104
2024-09-19 15:50:08.280000,419.326342728495,98
2024-09-19 15:50:08.321000,419.3460610404411,998
2024-09-19 15:50:08.330000,419.3790562360765,7
2024-09-19 15:50:08.352000,419.3587505184285,1004
2024-09-19 15:50:08.359000,419.3363449905202,96
2024-09-19 15:50:08.361000,419.3858800523284,1005
2024-09-19 15:50:08.370000,419.3469600360652,10
2024-09-19 15:50:08.375000,419.3459695276268,11
2024-09-19 15:50:08.528000,419.386048252771,996
2024-09-19 15:50:08.537000,419.36725486349553,15
2024-09-19 15:50:08.612000,419.366129539324,7
2024-09-19 15:50:08.639000,419.34391609223314,1004
2024-09-19 15:50:08.702000,419.3465853054027,104
2024-09-19 15:50:08.856000,419.3278990735096,10
2024-09-19 15:50:09.047000,419.2630425840008,999
2024-09-19 15:50:09.077000,419.36571683315407,999
2024-09-19 15:50:09.105000,419.2627745671816,102
2024-09-19 15:50:09.168000,419.2792363098141,102
2024-09-19 15:50:09.176000,419.34939428051615,11
2024-09-19 15:50:09.177000,419.253504868184,8
2024-09-19 15:50:09.183000,419.3226504042573,100
2024-09-19 15:50:09.230000,419.2629192023231,96
2024-09-19 15:50:09.289000,419.2600548075173,996
2024-09-19 15:50:09.390000,419.3078941453392,996
2024-09-19 15:50:09.463000,419.2929662678233,96
2024-09-19 15:50:09.503000,419.3466775096963,1004
2024-09-19 15:50:09.529000,419.37982050937865,99
2024-09-19 15:50:09.547000,419.2978855325397,1005
2024-09-19 15:50:09.562000,419.3254563388128,6
2024-09-19 15:50:09.599000,419.25021277231735,1004
2024-09-19 15:50:09.682000,419.2701162337751,13
2024-09-19 15:50:09.703000,419.27880104003975,105
2024-09-19 15:50:09.765000,419.3345447212248,11
2024-09-19 15:50:09.784000,419.28852120225145,10
2024-09-19 15:50:09.791000,419.2892963749411,995
2024-09-19 15:50:09.818000,419.2957226494549,1002
2024-09-19 15:50:09.904000,419.3673419731202,8
2024-09-19 15:50:09.907000,419.2840198451231,1003
2024-09-19 15:50:09.937000,419.3612092200362,12
2024-09-19 15:50:09.968000,419.3643835272287,10
2024-09-19 15:50:10.009000,419.230524492905,999
2024-09-19 15:50:10.022000,419.2310870975269,1005
2024-09-19 15:50:10.052000,419.232454397257,12
2024-09-19 15:50:10.162000,419.2286708618127,997
2024-09-19 15:50:10.269000,419.2869396635731,98
2024-09-19 15:50:10.331000,419.282073045374,103
2024-09-19 15:50:10.341000,419.2893888692711,105
2024-09-19 15:50:10.363000,419.2863769458008,996
2024-09-19 15:50:10.396000,419.2492811866945,10
2024-09-19 15:50:10.526000,419.2779934919046,1001
2024-09-19 15:50:10.590000,419.2373483662585,995
2024-09-19 15:50:10.606000,419.2302895347004,1004
2024-09-19 15:50:10.617000,419.2452063858041,13
2024-09-19 15:50:10.639000,419.2216993846788,97
2024-09-19 15:50:10.832000,419.2776310699642,997
2024-09-19 15:50:10.903000,419.2631755555272,97
2024-09-19 15:50:10.905000,419.2686293993585,103
2024-09-19 15:50:10.971000,419.2135474342732,104
2024-09-19 15:50:10.982000,419.289720056865,996
2024-09-19 15:50:11.048000,419.1715510011941,997
2024-09-19 15:50:11.095000,419.1687255843068,104
2024-09-19 15:50:11.097000,419.1510191615315,101
2024-09-19 15:50:11.172000,419.1273300833924,15
2024-09-19 15:50:11.249000,419.2040846017478,1005
2024-09-19 15:50:11.252000,419.1844164574226,99
2024-09-19 15:50:11.294000,419.15034893234906,99
2024-09-19 15:50:11.296000,419.1400682618349,102
2024-09-19 15:50:11.310000,419.1790545713715,13
2024-09-19 15:50:11.341000,419.19885427245816,7
2024-09-19 15:50:11.350000,419.1337203609245,999
2024-09-19 15:50:11.499000,419.16184972359343,5
2024-09-19 15:50:11.548000,419.1791000884063,12
2024-09-19 15:50:11.574000,419.1909137335156,995
2024-09-19 15:50:11.692000,419.143826847216,101
2024-09-19 15:50:11.715000,419.1266745221759,105
2024-09-19 15:50:11.816000,419.1432669992938,995
2024-09-19 15:50:11.901000,419.1793494439783,95
2024-09-19 15:50:11.912000,419.1470138290648,5
2024-09-19 15:50:11.923000,419.1670160682026,1002
2024-09-19 15:50:11.954000,419.2066954825797,15
2024-09-19 15:50:12.282000,419.2068905876167,999
2024-09-19 15:50:12.285000,419.2020226328942,1003
2024-09-19 15:50:12.302000,419.1663807544879,1004
2024-09-19 15:50:12.332000,419.1679453927355,96
2024-09-19 15:50:12.349000,419.2000019983872,1002
2024-09-19 15:50:12.407000,419.1801467810872,101
2024-09-19 15:50:12.534000,419.1525813582115,1003
2024-09-19 15:50:12.605000,419.1509267389865,99
2024-09-19 15:50:12.616000,419.2195146835221,95
2024-09-19 15:50:12.620000,419.1809541188005,1000
2024-09-19 15:50:12.860000,419.1510522251664,7
2024-09-19 15:50:12.953000,419.1968867481841,997
2024-09-19 15:50:13.035000,419.2314282998122,6
2024-09-19 15:50:13.073000,419.1987058950681,11
2024-09-19 15:50:13.100000,419.1901209541875,1004
2024-09-19 15:50:13.155000,419.2424265875887,8
2024-09-19 15:50:13.163000,419.2193726335741,5
2024-09-19 15:50:13.176000,419.1964843610235,996
2024-09-19 15:50:13.278000,419.2097482584905,7
2024-09-19 15:50:13.289000,419.2375831171833,105
2024-09-19 15:50:13.443000,419.2412865194984,998
2024-09-19 15:50:13.456000,419.1806200548875,997
2024-09-19 15:50:13.581000,419.17761294738,5
2024-09-19 15:50:13.614000,419.1675745234751,102
2024-09-19 15:50:13.621000,419.2021257048305,997
2024-09-19 15:50:13.624000,419.2419879449368,1001
2024-09-19 15:50:13.648000,419.1878270550328,7
2024-09-19 15:50:13.675000,419.2222830742572,12
2024-09-19 15:50:13.729000,419.2032452601516,13
2024-09-19 15:50:13.732000,419.18206023190425,102
2024-09-19 15:50:13.735000,419.1718516243754,1005
2024-09-19 15:50:13.745000,419.1931521515026,997
2024-09-19 15:50:13.761000,419.18009126194414,9
2024-09-19 15:50:13.764000,419.22835888523326,1003
2024-09-19 15:50:13.807000,419.20115066303686,998
2024-09-19 15:50:13.809000,419.1853878540736,10
2024-09-19 15:50:13.890000,419.18385142872825,103
2024-09-19 15:50:13.902000,419.178322206961,7
2024-09-19 15:50:14.052000,419.1729850161796,9
2024-09-19 15:50:14.138000,419.2105404280801,103
2024-09-19 15:50:14.207000,419.21585751150593,99
2024-09-19 15:50:14.271000,419.1933484900373,1004
2024-09-19 15:50:14.363000,419.1840905680071,105
2024-09-19 15:50:14.370000,419.0452016655457,95
2024-09-19 15:50:14.447000,419.2079484995156,100
2024-09-19 15:50:14.463000,419.2044941563515,103
2024-09-19 15:50:14.517000,419.1821293497768,5
2024-09-19 15:50:14.544000,419.2059640502216,105
2024-09-19 15:50:14.555000,419.1658589236754,103
2024-09-19 15:50:14.622000,419.193054936072,95
2024-09-19 15:50:14.786000,419.18883432273975,998
2024-09-19 15:50:14.896000,419.205087501974,11
2024-09-19 15:50:14.991000,419.2001848578761,999
2024-09-19 15:50:15.289000,419.1563107477549,1005
2024-09-19 15:50:15.445000,419.1850926466896,13
2024-09-19 15:50:15.926000,419.185052434497,97
2024-09-19 15:50:15.952000,419.1562720225715,105
2024-09-19 15:50:15.982000,419.1377521416684,100
2024-09-19 15:50:16.092000,419.1542346445968,1003
2024-09-19 15:50:16.187000,419.1501688981968,10
2024-09-19 15:50:16.419000,419.1359483835948,998
2024-09-19 15:50:16.550000,419.1520736930943,14
2024-09-19 15:50:16.574000,419.1630269505544,14
2024-09-19 15:50:16.577000,419.1572739329334,995
2024-09-19 15:50:16.595000,419.15571741200495,1003
2024-09-19 15:50:16.710000,419.1578674361275,102
2024-09-19 15:50:16.717000,419.1655583637119,998
2024-09-19 15:50:16.719000,419.15219547222654,104
2024-09-19 15:50:17.083000,419.1823662871976,998
2024-09-19 15:50:17.204000,419.1585677028246,14
2024-09-19 15:50:17.269000,419.1780207519971,996
2024-09-19 15:50:17.772000,419.1778054269436,95
2024-09-19 15:50:17.824000,419.1432210870713,102
2024-09-19 15:50:18.048000,419.1846337305669,1000
2024-09-19 15:50:18.064000,419.2008109825386,8
2024-09-19 15:50:18.136000,419.1865531187515,996
2024-09-19 15:50:18.246000,419.1920394575496,99
2024-09-19 15:50:18.253000,419.1856842697523,98
2024-09-19 15:50:18.261000,419.17879325086426,102
2024-09-19 15:50:18.387000,419.18175673442624,1004
2024-09-19 15:50:18.440000,419.197456977338,105
2024-09-19 15:50:18.456000,419.1886761848376,99
2024-09-19 15:50:18.617000,419.1797065024474,1003
2024-09-19 15:50:18.647000,419.1733788845879,997
2024-09-19 15:50:18.676000,419.1632780029273,104
2024-09-19 15:50:18.879000,419.1760596628488,997
2024-09-19 15:50:18.979000,419.18501836810793,11
2024-09-19 15:50:19.007000,419.23723566819535,100
2024-09-19 15:50:19.055000,419.2523294897606,998
2024-09-19 15:50:19.082000,419.2113989913684,1001
2024-09-19 15:50:19.085000,419.22227294055807,105
2024-09-19 15:50:19.312000,419.2058533765641,10
2024-09-19 15:50:19.422000,419.2152503797261,15
2024-09-19 15:50:19.537000,419.2203656139063,15
2024-09-19 15:50:19.624000,419.2106307689333,102
2024-09-19 15:50:19.663000,419.20441528661934,1001
2024-09-19 15:50:19.683000,419.1913605794616,6
2024-09-19 15:50:19.780000,419.230709600115,1003
2024-09-19 15:50:19.977000,419.2149849144038,96
2024-09-19 15:50:20.022000,419.2529537621997,96
2024-09-19 15:50:20.033000,419.2717273535211,997
2024-09-19 15:50:20.059000,419.29620123729774,996
2024-09-19 15:50:20.128000,419.277859813207,8
2024-09-19 15:50:20.153000,419.2671482864231,1000
2024-09-19 15:50:20.203000,419.2849954737417,14
2024-09-19 15:50:20.233000,419.306835674706,98
2024-09-19 15:50:20.308000,419.27583799942073,98
2024-09-19 15:50:20.367000,419.26784652411095,1000
2024-09-19 15:50:20.391000,419.2651350874113,1005
2024-09-19 15:50:20.418000,419.1580146863803,15
2024-09-19 15:50:20.538000,419.3018708918032,102
2024-09-19 15:50:20.545000,419.2571715069768,996
2024-09-19 15:50:20.557000,419.30069508259305,1003
2024-09-19 15:50:20.583000,419.2734918700676,998
2024-09-19 15:50:20.689000,419.26559859986406,97
2024-09-19 15:50:20.697000,419.2666913782192,14
2024-09-19 15:50:20.717000,419.268096196409,98
2024-09-19 15:50:20.728000,419.2908912719943,11
2024-09-19 15:50:20.755000,419.245614116249,97
2024-09-19 15:50:20.842000,419.2685940067025,1002
2024-09-19 15:50:20.974000,419.2526599472391,998
2024-09-19 15:50:21.580000,419.2964970870122,1003
2024-09-19 15:50:23.187000,419.30228415634986,97
2024-09-19 15:50:23.328000,419.32220131495126,101
2024-09-19 15:50:23.505000,419.3287237879168,98
2024-09-19 15:50:23.927000,419.0954664268367,1002
2024-09-19 15:50:24.031000,419.3363757158039,96
2024-09-19 15:50:24.192000,419.3192714313296,996
2024-09-19 15:50:24.217000,419.3219810752221,100
2024-09-19 15:50:24.332000,419.33184304980233,1003
2024-09-19 15:50:24.492000,419.3450467447293,14
2024-09-19 15:50:24.692000,419.3418415395864,104
2024-09-19 15:50:24.708000,419.10116677049166,12
2024-09-19 15:50:24.815000,419.344985363572,15
2024-09-19 15:50:24.861000,419.3450794377154,102
2024-09-19 15:50:24.950000,419.3391016933605,999
2024-09-19 15:50:25.037000,419.3355892786754,10
2024-09-19 15:50:25.110000,419.3238241263161,102
2024-09-19 15:50:25.516000,419.318238888388,104
2024-09-19 15:50:25.589000,419.3061371106036,99
2024-09-19 15:50:25.817000,419.3265417512301,6
2024-09-19 15:50:25.835000,419.3004040513409,1003
2024-09-19 15:50:25.857000,419.3212823619812,98
2024-09-19 15:50:25.949000,419.3151302249168,105
2024-09-19 15:50:25.979000,419.32523842805256,1000
2024-09-19 15:50:26.019000,419.27537038985446,5
2024-09-19 15:50:26.056000,419.3298100906164,8
2024-09-19 15:50:26.076000,419.3073654991406,1002
2024-09-19 15:50:26.094000,419.39919336522735,6
2024-09-19 15:50:26.105000,419.2876407639716,99
2024-09-19 15:50:26.187000,419.31974471655377,997
2024-09-19 15:50:26.214000,419.2725415182832,101
2024-09-19 15:50:26.219000,419.2940360980782,996
2024-09-19 15:50:26.233000,419.36514574961103,103
2024-09-19 15:50:26.264000,419.3145089551284,14
2024-09-19 15:50:26.274000,419.3108742400825,1001
2024-09-19 15:50:26.308000,419.325239464173,8
2024-09-19 15:50:26.348000,419.31477709576535,1001
2024-09-19 15:50:26.349000,419.36822664841577,6
2024-09-19 15:50:26.386000,419.3180404819631,15
2024-09-19 15:50:26.393000,419.2578010442806,102
2024-09-19 15:50:26.394000,419.309374996204,96
2024-09-19 15:50:26.451000,419.32890144496736,10
2024-09-19 15:50:26.556000,419.3341791467075,10
2024-09-19 15:50:26.565000,419.36806566796713,1000
2024-09-19 15:50:26.570000,419.331163153541,12
2024-09-19 15:50:26.685000,419.3011029393365,997
2024-09-19 15:50:26.729000,419.2697493519863,102
2024-09-19 15:50:26.753000,419.3435044432648,97
2024-09-19 15:50:26.757000,419.3155308763223,6
2024-09-19 15:50:26.778000,419.2877548118359,100
2024-09-19 15:50:26.833000,419.302536427373,101
2024-09-19 15:50:26.925000,419.2845278579914,10
2024-09-19 15:50:27.255000,419.3715689646971,999
2024-09-19 15:50:27.299000,419.3981100403669,102
2024-09-19 15:50:27.320000,419.39807538332906,98
2024-09-19 15:50:27.354000,419.3897357692748,1004
2024-09-19 15:50:27.361000,419.39174246876365,996
2024-09-19 15:50:27.378000,419.08499166755706,10
2024-09-19 15:50:27.606000,419.4080044956026,1004
2024-09-19 15:50:27.614000,419.3912034992411,8
2024-09-19 15:50:27.725000,419.3906446128162,104
2024-09-19 15:50:27.727000,419.39729230307967,97
2024-09-19 15:50:27.904000,419.3989663841097,98
2024-09-19 15:50:27.992000,419.3783482978256,97
2024-09-19 15:50:28.047000,419.4219662962191,105
2024-09-19 15:50:28.198000,419.4258285701762,995
2024-09-19 15:50:28.343000,419.442675558463,1000
2024-09-19 15:50:28.352000,419.4089429560245,100
2024-09-19 15:50:28.407000,419.404289796161,1002
2024-09-19 15:50:28.682000,419.4322392995097,8
2024-09-19 15:50:28.723000,419.4501173375966,1002
2024-09-19 15:50:28.829000,419.41524749319984,1001
2024-09-19 15:50:28.995000,419.3933485405218,11
2024-09-19 15:50:29.491000,419.3760518452649,95
2024-09-19 15:50:29.694000,419.4154607531763,999
2024-09-19 15:50:29.763000,419.4186224132433,1001
2024-09-19 15:50:29.846000,419.42003058021567,7
2024-09-19 15:50:29.913000,419.3969751091874,1005
2024-09-19 15:50:29.928000,419.4205855486986,5
2024-09-19 15:50:29.979000,419.41381485804726,10
2024-09-19 15:50:30.415000,419.39388726520696,105
2024-09-19 15:50:31.051000,419.3418562270886,100
2024-09-19 15:50:31.056000,419.3755402679304,7
2024-09-19 15:50:31.080000,419.34857088014553,10
2024-09-19 15:50:31.102000,419.3798190459922,997
2024-09-19 15:50:31.128000,419.3606079746359,97
2024-09-19 15:50:31.202000,419.3763709213536,1002
2024-09-19 15:50:31.286000,419.38214398655305,100
2024-09-19 15:50:31.319000,419.36878420477433,103
2024-09-19 15:50:31.376000,419.4101690245311,14
2024-09-19 15:50:31.499000,419.3732193362458,99
2024-09-19 15:50:31.581000,419.3696475678633,6
2024-09-19 15:50:31.621000,419.33714294679817,14
2024-09-19 15:50:31.786000,419.3935942706722,13
2024-09-19 15:50:31.795000,419.36359823586696,997
2024-09-19 15:50:31.805000,419.3824801437524,5
2024-09-19 15:50:31.830000,419.365329952649,999
2024-09-19 15:50:31.878000,419.3968244573136,8
2024-09-19 15:50:31.897000,419.354018719661,11
2024-09-19 15:50:31.920000,419.3449567703112,6
2024-09-19 15:50:31.984000,419.3868974609451,98
2024-09-19 15:50:31.993000,419.3916782109525,10
2024-09-19 15:50:32.031000,419.35629609160566,103
2024-09-19 15:50:32.051000,419.3749932115904,997
2024-09-19 15:50:32.087000,419.38286832053024,102
2024-09-19 15:50:32.118000,419.37258174599344,6
2024-09-19 15:50:32.150000,419.4285128114533,104
2024-09-19 15:50:32.163000,419.4006680356979,14
2024-09-19 15:50:32.171000,419.3711016586631,1003
2024-09-19 15:50:32.214000,419.3514761282771,100
2024-09-19 15:50:32.219000,419.383811916223,6
2024-09-19 15:50:32.370000,419.39353030187607,9
2024-09-19 15:50:32.379000,419.41001020356015,14
2024-09-19 15:50:32.472000,419.3471002280853,101
2024-09-19 15:50:32.499000,419.4192183158328,1003
2024-09-19 15:50:32.587000,419.4102809344748,13
2024-09-19 15:50:32.727000,419.4194392054545,1004
2024-09-19 15:50:32.794000,419.41223651673727,15
2024-09-19 15:50:32.857000,419.37512460949216,15
2024-09-19 15:50:32.887000,419.36103277741375,10
2024-09-19 15:50:32.902000,419.3795174704341,997
2024-09-19 15:50:32.918000,419.3872704171146,1001
2024-09-19 15:50:32.933000,419.3774126552555,1004
2024-09-19 15:50:32.954000,419.41972350161655,7
2024-09-19 15:50:32.980000,419.3599684179123,97
2024-09-19 15:50:33.495000,419.3954013065469,103
2024-09-19 15:50:33.514000,419.4201489167152,1002
2024-09-19 15:50:33.659000,419.4044261288728,995
2024-09-19 15:50:34.036000,419.40375530217966,1000
2024-09-19 15:50:34.075000,419.41024808633,998
2024-09-19 15:50:34.226000,419.40082233073406,7
2024-09-19 15:50:35.035000,419.40164739866617,104
2024-09-19 15:50:35.035000,419.4397676341824,1002
2024-09-19 15:50:35.053000,419.4134432867663,8
2024-09-19 15:50:35.086000,419.4349948229752,98
2024-09-19 15:50:35.156000,419.42680800282193,5
2024-09-19 15:50:35.198000,419.4278109897893,7
2024-09-19 15:50:35.230000,419.397880784409,98
2024-09-19 15:50:35.260000,419.4257390317041,100
2024-09-19 15:50:35.274000,419.4049468013592,999
2024-09-19 15:50:35.308000,419.4235752289175,6
2024-09-19 15:50:35.335000,419.43509240868485,7
2024-09-19 15:50:35.356000,419.4144864024019,95
2024-09-19 15:50:35.415000,419.4229529082847,103
2024-09-19 15:50:35.439000,419.4599495317728,105
2024-09-19 15:50:35.536000,419.408813305072,15
2024-09-19 15:50:35.576000,419.3932157182812,96
2024-09-19 15:50:35.629000,419.4158693348895,996
2024-09-19 15:50:35.653000,419.41067312037103,8
2024-09-19 15:50:35.676000,419.419571031247,97
2024-09-19 15:50:35.816000,419.39473223983697,99
2024-09-19 15:50:35.835000,419.4066580799499,8
2024-09-19 15:50:35.876000,419.4431432605695,102
2024-09-19 15:50:35.928000,419.4173979632384,1003
2024-09-19 15:50:35.930000,419.4040317760895,100
2024-09-19 15:50:35.984000,419.45254148395605,97
2024-09-19 15:50:36.027000,419.2718228470657,97
2024-09-19 15:50:36.083000,419.4191276942558,997
2024-09-19 15:50:36.124000,419.3096364197845,7
2024-09-19 15:50:36.138000,419.2629194582557,1005
2024-09-19 15:50:36.212000,419.3427855914424,1004
2024-09-19 15:50:36.241000,419.2944251302077,999
2024-09-19 15:50:36.605000,419.3740782774568,1001
2024-09-19 15:50:36.613000,419.4142760438604,998
2024-09-19 15:50:36.626000,419.3324061664264,14
2024-09-19 15:50:36.694000,419.2862640986224,7
2024-09-19 15:50:36.699000,419.2634225289798,97
2024-09-19 15:50:36.703000,419.3637095513942,15
2024-09-19 15:50:36.798000,419.3767138972781,1003
2024-09-19 15:50:36.858000,419.2634785369936,999
2024-09-19 15:50:36.861000,419.2672649949234,9
2024-09-19 15:50:36.878000,419.424758623394,101
2024-09-19 15:50:36.951000,419.2433006977079,5
2024-09-19 15:50:36.956000,419.4116517212226,8
2024-09-19 15:50:36.990000,419.29072747222034,99
2024-09-19 15:50:36.990000,419.2630670776661,998
2024-09-19 15:50:37.004000,419.1791031542141,12
2024-09-19 15:50:37.159000,419.17596369148094,1002
2024-09-19 15:50:37.190000,419.19199535406256,11
2024-09-19 15:50:37.233000,419.22432798328447,998
2024-09-19 15:50:37.288000,419.1901159761737,105
2024-09-19 15:50:37.313000,419.16752159756095,1000
2024-09-19 15:50:37.330000,419.1794874400262,13
2024-09-19 15:50:37.340000,419.2091397934366,1004
2024-09-19 15:50:37.340000,419.216758615642,995
2024-09-19 15:50:37.357000,419.2146620526587,997
2024-09-19 15:50:37.403000,419.1788079662288,7
2024-09-19 15:50:37.428000,419.1877379021152,102
2024-09-19 15:50:37.444000,419.1907706683467,995
2024-09-19 15:50:37.514000,419.16932068205926,96
2024-09-19 15:50:37.558000,419.1989902394928,7
2024-09-19 15:50:37.585000,419.1831078895905,100
2024-09-19 15:50:37.599000,419.18965936780086,13
2024-09-19 15:50:37.678000,419.2115316325611,13
2024-09-19 15:50:37.831000,419.1668744277493,12
2024-09-19 15:50:37.839000,419.2139580296071,1002
2024-09-19 15:50:37.862000,419.2024393449502,99
2024-09-19 15:50:37.868000,419.1779702832678,99
2024-09-19 15:50:37.872000,419.2376678907093,96
2024-09-19 15:50:37.946000,419.1894669221439,96
2024-09-19 15:50:37.961000,419.2121891235991,1000
2024-09-19 15:50:38.049000,419.1453938258948,9
2024-09-19 15:50:38.058000,419.1297268348075,999
2024-09-19 15:50:38.106000,419.2018789532315,1000
2024-09-19 15:50:38.185000,419.1888906188184,1000
2024-09-19 15:50:38.227000,419.146131579048,12
2024-09-19 15:50:38.249000,419.15709409597616,999
2024-09-19 15:50:38.251000,419.1690488731753,102
2024-09-19 15:50:38.260000,419.1962788788014,102
2024-09-19 15:50:38.302000,419.1764590318849,10
2024-09-19 15:50:38.320000,419.1445805703417,101
2024-09-19 15:50:38.340000,419.1860169058769,1004
2024-09-19 15:50:38.341000,419.1815341037275,8
2024-09-19 15:50:38.380000,419.1405541788074,1000
2024-09-19 15:50:38.383000,419.1708476427164,1004
2024-09-19 15:50:38.520000,419.1956440848205,96
2024-09-19 15:50:38.525000,419.1680319485151,995
2024-09-19 15:50:38.610000,419.1500872595113,8
2024-09-19 15:50:38.629000,419.218114162942,105
2024-09-19 15:50:38.675000,419.18941322494686,11
2024-09-19 15:50:38.684000,419.1483187137196,102
2024-09-19 15:50:38.707000,419.123852110473,96
2024-09-19 15:50:38.713000,419.1748057494664,96
2024-09-19 15:50:38.794000,419.1486820002362,9
2024-09-19 15:50:38.825000,419.19057913583,101
2024-09-19 15:50:38.836000,419.1569834277439,1002
2024-09-19 15:50:38.847000,419.17959017712144,5
2024-09-19 15:50:38.890000,419.1950971867528,998
2024-09-19 15:50:38.983000,419.189546201312,15
2024-09-19 15:50:39.020000,419.1776239795621,1002
2024-09-19 15:50:39.054000,419.1269224661788,95
2024-09-19 15:50:39.125000,419.1480761726554,10
2024-09-19 15:50:39.181000,419.1093506643266,99
2024-09-19 15:50:39.182000,419.14715935336073,105
2024-09-19 15:50:39.233000,419.1320469280938,100
2024-09-19 15:50:39.236000,419.1462377200651,997
2024-09-19 15:50:39.237000,419.1429289558309,9
2024-09-19 15:50:39.300000,419.1573677080613,99
2024-09-19 15:50:39.328000,419.1597567466276,1000
2024-09-19 15:50:39.436000,419.14132347588105,5
2024-09-19 15:50:39.440000,419.1464428816839,1001
2024-09-19 15:50:39.488000,419.14330262385016,6
2024-09-19 15:50:39.499000,419.16651856423607,98
2024-09-19 15:50:39.517000,419.1633559035736,1001
2024-09-19 15:50:39.567000,419.18483939749336,97
2024-09-19 15:50:39.601000,419.1296111900272,1001
2024-09-19 15:50:39.617000,419.1421602212818,98
2024-09-19 15:50:39.639000,419.1585683185147,999
2024-09-19 15:50:39.660000,419.1084730042548,999
2024-09-19 15:50:39.708000,419.169904015633,7
2024-09-19 15:50:39.744000,419.1823236771333,5
2024-09-19 15:50:39.805000,419.1632448039786,1005
2024-09-19 15:50:39.829000,419.0154848168794,103
2024-09-19 15:50:39.836000,419.1119206746904,10
2024-09-19 15:50:39.859000,419.1429887381652,95
2024-09-19 15:50:39.952000,419.1599154078703,995
2024-09-19 15:50:39.959000,419.11770763480257,1002
2024-09-19 15:50:40.133000,419.19251509872765,98
2024-09-19 15:50:40.426000,419.2357237658575,996
2024-09-19 15:50:40.512000,419.2161498147437,98
2024-09-19 15:50:40.523000,419.0374903019051,7
2024-09-19 15:50:40.871000,419.1985402660672,9
2024-09-19 15:50:40.887000,419.1681972095869,8
2024-09-19 15:50:41.020000,419.2126405445868,995
2024-09-19 15:50:41.050000,419.2345141566397,101
2024-09-19 15:50:41.193000,419.2318759393378,997
2024-09-19 15:50:41.233000,419.2078283740736,13
2024-09-19 15:50:41.263000,419.23141387772176,6
2024-09-19 15:50:41.358000,419.238145146028,1003
2024-09-19 15:50:41.799000,419.22968577247866,1000
2024-09-19 15:50:41.895000,419.22855305696766,9
2024-09-19 15:50:41.928000,419.24322865188566,10
2024-09-19 15:50:41.935000,419.2436448545696,12
2024-09-19 15:50:42.315000,419.2129432710957,99
2024-09-19 15:50:42.330000,419.2125122722606,1005
2024-09-19 15:50:42.531000,419.2437650390737,1001
2024-09-19 15:50:42.604000,419.0624161600191,98
2024-09-19 15:50:42.858000,419.2294972148422,103
2024-09-19 15:50:42.881000,419.2087674636824,1001
2024-09-19 15:50:42.951000,419.23190719902,15
2024-09-19 15:50:43.015000,419.3325536516135,95
2024-09-19 15:50:43.088000,419.23784038901897,1003
2024-09-19 15:50:43.123000,419.29408584924136,999
2024-09-19 15:50:43.159000,419.2928593156511,13
2024-09-19 15:50:43.170000,419.2310298196381,1001
2024-09-19 15:50:43.177000,419.2818058525863,13
2024-09-19 15:50:43.248000,419.22702278677417,1002
2024-09-19 15:50:43.248000,419.2532773973651,1000
2024-09-19 15:50:43.259000,419.33160374409897,998
2024-09-19 15:50:43.361000,419.31176103592577,5
2024-09-19 15:50:43.387000,419.27817904980304,1001
2024-09-19 15:50:43.463000,419.28585022085065,997
2024-09-19 15:50:43.474000,419.3065122997872,95
2024-09-19 15:50:43.526000,419.29688276549416,95
2024-09-19 15:50:43.530000,419.2396003618032,10
2024-09-19 15:50:43.543000,419.284538289954,8
2024-09-19 15:50:43.551000,419.2709174735896,13
2024-09-19 15:50:43.608000,419.2786248649773,12
2024-09-19 15:50:43.760000,419.2603108052971,6
2024-09-19 15:50:43.773000,419.23795204536736,5
2024-09-19 15:50:43.782000,419.2548764416836,13
2024-09-19 15:50:43.908000,419.2492857190417,1005
2024-09-19 15:50:44.075000,419.2774178158887,1004
2024-09-19 15:50:44.091000,419.3178279900123,15
2024-09-19 15:50:44.101000,419.2677513965582,95
2024-09-19 15:50:44.157000,419.283668493302,96
2024-09-19 15:50:44.196000,419.2857339784682,1002
2024-09-19 15:50:44.202000,419.2862296713324,1005
2024-09-19 15:50:44.227000,419.2795927717583,1002
2024-09-19 15:50:44.279000,419.2882535157944,14
2024-09-19 15:50:44.281000,419.2786542335338,999
2024-09-19 15:50:44.319000,419.2876248199035,105
2024-09-19 15:50:44.359000,419.3031970176506,95
2024-09-19 15:50:44.387000,419.25010534491736,102
2024-09-19 15:50:44.511000,419.28618388078513,1004
2024-09-19 15:50:44.517000,419.3105653350384,1001
2024-09-19 15:50:44.542000,419.29657479719873,103
2024-09-19 15:50:44.561000,419.269310786498,15
2024-09-19 15:50:44.568000,419.2674785956589,1000
2024-09-19 15:50:44.584000,419.2976737788427,13
2024-09-19 15:50:44.758000,419.2887531277218,10
2024-09-19 15:50:44.778000,419.2739481884044,1001
2024-09-19 15:50:44.825000,419.3141465867877,98
2024-09-19 15:50:45.013000,419.3057908327549,102
2024-09-19 15:50:45.063000,419.26908934104085,997
2024-09-19 15:50:45.079000,419.2637558939135,6
2024-09-19 15:50:45.108000,419.2640097265223,15
2024-09-19 15:50:45.140000,419.30192678111706,10
2024-09-19 15:50:45.181000,419.28984020351646,12
2024-09-19 15:50:45.208000,419.3469900571715,103
2024-09-19 15:50:45.252000,419.2845841183725,101
2024-09-19 15:50:45.314000,419.345128040148,105
2024-09-19 15:50:45.326000,419.2592508351307,96
2024-09-19 15:50:45.332000,419.3375880603034,5
2024-09-19 15:50:45.384000,419.264943106955,5
2024-09-19 15:50:45.437000,419.2910293161892,996
2024-09-19 15:50:45.448000,419.3351717433633,100
2024-09-19 15:50:45.489000,419.3348776762698,97
2024-09-19 15:50:45.494000,419.2860693792212,7
2024-09-19 15:50:45.541000,419.3037782600755,11
2024-09-19 15:50:45.569000,419.2918175152343,15
2024-09-19 15:50:45.622000,419.3446956004304,999
2024-09-19 15:50:45.740000,419.27780118614623,97
2024-09-19 15:50:45.751000,419.3246333134797,10
2024-09-19 15:50:45.769000,419.3217924427821,10
2024-09-19 15:50:45.779000,419.2513911900044,998
2024-09-19 15:50:45.781000,419.2953424868891,98
2024-09-19 15:50:45.789000,419.3118660803635,1003
2024-09-19 15:50:45.890000,419.3055022923946,102
2024-09-19 15:50:45.927000,419.3387284321838,104
2024-09-19 15:50:46.022000,419.2912798953886,14
2024-09-19 15:50:46.023000,419.29137368742033,97
2024-09-19 15:50:46.076000,419.2869558362706,8
2024-09-19 15:50:46.153000,419.28600881825145,1000
2024-09-19 15:50:46.193000,419.2684077024076,15
2024-09-19 15:50:46.292000,419.2941980821999,14
2024-09-19 15:50:46.312000,419.308702389382,1003
2024-09-19 15:50:46.545000,419.2729823514604,997
2024-09-19 15:50:46.553000,419.2443211303204,95
2024-09-19 15:50:46.564000,419.0206455691844,995
2024-09-19 15:50:46.591000,419.2755929621201,1004
2024-09-19 15:50:46.658000,419.3004766928108,1003
2024-09-19 15:50:46.698000,419.27526376871896,7
2024-09-19 15:50:46.761000,419.2568286575452,9
2024-09-19 15:50:46.794000,419.2799089371141,8
2024-09-19 15:50:46.935000,419.2491584131181,104
2024-09-19 15:50:46.955000,419.2858294982635,1003
2024-09-19 15:50:46.966000,419.2915207748845,1003
2024-09-19 15:50:47.158000,419.2817659000077,15
2024-09-19 15:50:48.005000,419.2481377320511,1004
2024-09-19 15:50:48.115000,419.274711246882,97
2024-09-19 15:50:48.125000,419.2398233187278,104
2024-09-19 15:50:48.161000,419.24405061406986,99
2024-09-19 15:50:48.320000,419.2779171715432,1000
2024-09-19 15:50:48.335000,419.2572606054374,96
2024-09-19 15:50:48.397000,419.2266997761301,15
2024-09-19 15:50:48.494000,419.23798458681847,6
2024-09-19 15:50:48.535000,419.24850943383257,9
2024-09-19 15:50:48.586000,419.2395086093541,997
2024-09-19 15:50:48.619000,419.2400029839455,995
2024-09-19 15:50:48.704000,419.2862927733282,998
2024-09-19 15:50:48.738000,419.2363559312373,1004
2024-09-19 15:50:48.780000,419.231895164725,997
2024-09-19 15:50:48.781000,419.0122498257252,11
2024-09-19 15:50:48.821000,419.259891128544,101
2024-09-19 15:50:48.854000,419.269236811716,96
2024-09-19 15:50:48.891000,419.2770981136017,1005
2024-09-19 15:50:48.938000,419.2616193079513,8
2024-09-19 15:50:48.942000,419.24957640054447,102
2024-09-19 15:50:49.032000,419.3300997448431,1002
2024-09-19 15:50:49.045000,419.32095063036667,1002
2024-09-19 15:50:49.070000,419.320571138396,998
2024-09-19 15:50:49.106000,419.31645314360026,99
2024-09-19 15:50:49.126000,419.3263188322054,104
2024-09-19 15:50:49.134000,419.24337334020674,7
2024-09-19 15:50:49.204000,419.3166853841994,11
2024-09-19 15:50:49.236000,419.3128106406696,1003
2024-09-19 15:50:49.264000,419.3197447719744,97
2024-09-19 15:50:49.272000,419.3138117832341,1002
2024-09-19 15:50:49.276000,419.3231702715256,99
2024-09-19 15:50:49.290000,419.31036194242125,104
2024-09-19 15:50:49.319000,419.2909349707373,12
2024-09-19 15:50:49.393000,419.3311506806329,104
2024-09-19 15:50:49.450000,419.30038553466426,8
2024-09-19 15:50:49.464000,419.281139176846,104
2024-09-19 15:50:49.517000,419.2802304739379,95
2024-09-19 15:50:49.530000,419.3215483032975,15
2024-09-19 15:50:49.563000,419.3104939570535,101
2024-09-19 15:50:49.569000,419.30295312268,101
2024-09-19 15:50:49.625000,419.2968262037117,95
2024-09-19 15:50:49.629000,419.32469021652827,999
2024-09-19 15:50:49.684000,419.2479903984779,103
2024-09-19 15:50:49.688000,419.3102574773473,96
2024-09-19 15:50:49.724000,419.3223313764513,8
2024-09-19 15:50:49.767000,419.2908186675024,104
2024-09-19 15:50:49.820000,419.2947413602578,7
2024-09-19 15:50:49.909000,419.3101835560696,102
2024-09-19 15:50:49.982000,419.28636769113376,100
2024-09-19 15:50:50.067000,419.23145432687033,100
2024-09-19 15:50:50.097000,419.23255175237057,103
2024-09-19 15:50:50.127000,419.2602557501089,13
2024-09-19 15:50:50.137000,419.2617057732083,104
2024-09-19 15:50:50.139000,419.2615158083947,10
2024-09-19 15:50:50.203000,419.2960145373248,5
2024-09-19 15:50:50.321000,419.2839383200911,6
2024-09-19 15:50:50.501000,419.2783871156578,14
2024-09-19 15:50:50.537000,419.25921851852166,105
2024-09-19 15:50:50.569000,419.2650490777279,1005
2024-09-19 15:50:50.598000,419.28484964760986,999
2024-09-19 15:50:50.612000,419.270513649954,99
2024-09-19 15:50:50.631000,419.2514669465873,11
2024-09-19 15:50:50.697000,419.2887660233987,5
2024-09-19 15:50:50.772000,419.2615280969465,13
2024-09-19 15:50:50.775000,419.2616271017957,11
2024-09-19 15:50:50.801000,419.2792073706584,97
2024-09-19 15:50:50.812000,419.3116695927332,13
2024-09-19 15:50:50.829000,419.09604978061856,999
2024-09-19 15:50:50.830000,419.2459593172111,104
2024-09-19 15:50:50.835000,419.27646543618806,101
2024-09-19 15:50:50.852000,419.2742113638907,102
2024-09-19 15:50:50.875000,419.25657044957023,13
2024-09-19 15:50:50.960000,419.28777190298285,6
2024-09-19 15:50:50.968000,419.2972732115612,11
2024-09-19 15:50:51.063000,419.2844188905533,99
2024-09-19 15:50:51.067000,419.3118095346265,104
2024-09-19 15:50:51.129000,419.2862145566247,95
2024-09-19 15:50:51.268000,419.2920870711974,12
2024-09-19 15:50:51.287000,419.2756995212712,1003
2024-09-19 15:50:51.294000,419.2893600426163,8
2024-09-19 15:50:51.372000,419.302952103792,99
2024-09-19 15:50:51.385000,419.3178463844473,96
2024-09-19 15:50:51.394000,419.3038161748625,10
2024-09-19 15:50:51.470000,419.3065606140734,6
2024-09-19 15:50:51.701000,419.3202560754352,99
2024-09-19 15:50:51.746000,419.3047111419469,103
2024-09-19 15:50:51.796000,419.2695602385025,999
2024-09-19 15:50:51.797000,419.3039487255806,103
2024-09-19 15:50:51.867000,419.3076780070889,103
2024-09-19 15:50:51.909000,419.29116870380926,100
2024-09-19 15:50:51.920000,419.3044602257724,995
2024-09-19 15:50:51.961000,419.2792161064271,1001
2024-09-19 15:50:52.319000,419.3265721463332,105
2024-09-19 15:50:52.335000,419.30204229346737,7
2024-09-19 15:50:53.011000,419.3321126609629,1005
2024-09-19 15:50:53.067000,419.3248233305096,99
2024-09-19 15:50:54.020000,419.41790202380815,12
2024-09-19 15:50:54.149000,419.40053528766646,97
2024-09-19 15:50:54.220000,419.3569055975493,999
2024-09-19 15:50:54.267000,419.4413724519017,11
2024-09-19 15:50:54.306000,419.41475493422513,12
2024-09-19 15:50:54.332000,419.3467999514245,995
2024-09-19 15:50:54.363000,419.4205296110778,15
2024-09-19 15:50:54.471000,419.4156170004623,105
2024-09-19 15:50:54.532000,419.4241868446044,10
2024-09-19 15:50:54.584000,419.4077562439226,1000
2024-09-19 15:50:54.589000,419.3968679714835,7
2024-09-19 15:50:54.633000,419.4546886306794,997
2024-09-19 15:50:54.666000,419.39926508433615,15
2024-09-19 15:50:54.704000,419.42311226360215,98
2024-09-19 15:50:54.706000,419.4462928372314,100
2024-09-19 15:50:54.721000,419.3800311545851,10
2024-09-19 15:50:54.728000,419.4267097166194,5
2024-09-19 15:50:54.806000,419.351991348615,97
2024-09-19 15:50:54.985000,419.42623235110113,99
2024-09-19 15:50:54.992000,419.36501772502254,100
2024-09-19 15:50:55.629000,419.41660811980216,12
2024-09-19 15:50:55.960000,419.4228347035844,8
2024-09-19 15:50:55.997000,419.4146562975548,1001
2024-09-19 15:50:56.020000,419.40209007993286,1004
2024-09-19 15:50:56.080000,419.33212861567887,997
2024-09-19 15:50:56.110000,419.42102873092097,10
2024-09-19 15:50:56.128000,419.41219549748615,101
2024-09-19 15:50:56.152000,419.366103545869,99
2024-09-19 15:50:56.166000,419.3813861998614,11
2024-09-19 15:50:56.188000,419.39585038587785,1005
2024-09-19 15:50:56.229000,419.338004955833,102
2024-09-19 15:50:56.317000,419.33467219031473,98
2024-09-19 15:50:56.397000,419.3128785802538,7
2024-09-19 15:50:56.453000,419.4174279306552,8
2024-09-19 15:50:56.469000,419.3712324397771,6
2024-09-19 15:50:56.498000,419.3755592821708,101
2024-09-19 15:50:56.499000,419.403717882436,9
2024-09-19 15:50:56.536000,419.4106413994594,95
2024-09-19 15:50:56.557000,419.39501850084287,997
2024-09-19 15:50:56.604000,419.4033757845421,995
2024-09-19 15:50:56.611000,419.3605375850151,15
2024-09-19 15:50:56.647000,419.3532627711557,997
2024-09-19 15:50:56.653000,419.3244177751797,1004
2024-09-19 15:50:56.804000,419.387613511472,12
2024-09-19 15:50:56.845000,419.4095334698552,96
2024-09-19 15:50:56.854000,419.3450387460445,7
2024-09-19 15:50:56.874000,419.4056054284768,996
2024-09-19 15:50:56.888000,419.41679382435535,9
2024-09-19 15:50:56.932000,419.1811277389192,97
2024-09-19 15:50:57.057000,419.3995895517515,7
2024-09-19 15:50:57.071000,419.3859105077343,15
2024-09-19 15:50:57.093000,419.3936078437652,99
2024-09-19 15:50:57.093000,419.3956576878619,98
2024-09-19 15:50:57.097000,419.3938616317707,1005
2024-09-19 15:50:57.239000,419.39627362247256,97
2024-09-19 15:50:57.260000,419.3815897492267,997
2024-09-19 15:50:57.306000,419.38851762984905,999
2024-09-19 15:50:57.312000,419.39688800595707,95
2024-09-19 15:50:57.368000,419.3974080823061,102
2024-09-19 15:50:57.523000,419.38523335318,1000
2024-09-19 15:50:57.739000,419.2686832110298,996
2024-09-19 15:50:57.963000,419.4065502282784,5
2024-09-19 15:50:57.985000,419.3974220859869,1000
2024-09-19 15:50:58.107000,419.404256014111,13
2024-09-19 15:50:58.532000,419.39930837976897,11
2024-09-19 15:50:58.605000,419.3950119712486,96
2024-09-19 15:50:58.916000,419.3910566555028,1003
2024-09-19 15:50:58.962000,419.4015449809549,5
2024-09-19 15:50:59.294000,419.408465615222,12
2024-09-19 15:50:59.469000,419.3880328667109,102
2024-09-19 15:50:59.781000,419.3814684877941,5
2024-09-19 15:50:59.849000,419.3821426645966,8
2024-09-19 15:50:59.900000,419.3954843017752,102
