Timestamp,Price,Size
2024-09-19 15:28:00.040000,419.2320220407559,104
2024-09-19 15:28:00.044000,419.1754666653482,9
2024-09-19 15:28:00.150000,419.1606321320966,5
2024-09-19 15:28:00.167000,419.22994576093726,8
2024-09-19 15:28:00.237000,419.1778542448958,1005
2024-09-19 15:28:00.293000,419.1875471286448,997
2024-09-19 15:28:00.349000,419.1894533203633,103
2024-09-19 15:28:00.368000,419.2220850248536,999
2024-09-19 15:28:00.490000,419.2314993938202,96
2024-09-19 15:28:00.496000,419.2089819382761,97
2024-09-19 15:28:00.526000,419.1837771383581,12
2024-09-19 15:28:00.638000,419.1992025410496,1003
2024-09-19 15:28:00.648000,419.2022005818723,15
2024-09-19 15:28:00.660000,419.2502031565637,15
2024-09-19 15:28:00.698000,419.1954499317012,6
2024-09-19 15:28:00.759000,419.1883860488374,95
2024-09-19 15:28:00.776000,419.1912572009248,12
2024-09-19 15:28:00.867000,419.1789271912608,9
2024-09-19 15:28:00.893000,419.194445934443,5
2024-09-19 15:28:00.951000,419.1851460502639,15
2024-09-19 15:28:01.051000,419.2207806567532,15
2024-09-19 15:28:01.146000,419.22305920117634,105
2024-09-19 15:28:01.166000,419.20576534275335,13
2024-09-19 15:28:01.174000,419.2128014050586,8
2024-09-19 15:28:01.325000,419.9304994156733,1001
2024-09-19 15:28:01.472000,419.1957664945468,6
2024-09-19 15:28:01.493000,419.2142377805313,6
2024-09-19 15:28:01.509000,419.2176042258557,1005
2024-09-19 15:28:01.652000,419.2122133278893,13
2024-09-19 15:28:01.685000,419.2193301845076,5
2024-09-19 15:28:01.829000,419.20768281306135,9
2024-09-19 15:28:01.913000,419.20590520853415,12
2024-09-19 15:28:02.037000,419.1876400592874,7
2024-09-19 15:28:02.111000,419.1925291120203,12
2024-09-19 15:28:02.210000,419.20428244827264,1003
2024-09-19 15:28:02.248000,419.1837174617156,102
2024-09-19 15:28:02.284000,419.2008151881725,995
2024-09-19 15:28:02.354000,419.22697151079694,1000
2024-09-19 15:28:02.410000,419.2089022707346,95
2024-09-19 15:28:02.459000,419.2227844607378,103
2024-09-19 15:28:02.475000,419.2070483679804,12
2024-09-19 15:28:02.486000,419.24354139373486,96
2024-09-19 15:28:02.491000,419.2300642679577,14
2024-09-19 15:28:02.494000,419.17373618748354,1003
2024-09-19 15:28:02.504000,419.185753295763,10
2024-09-19 15:28:02.530000,419.2413055113332,1002
2024-09-19 15:28:02.645000,419.1733641507306,104
2024-09-19 15:28:02.738000,419.2336296174463,1004
2024-09-19 15:28:02.744000,419.2499804294032,997
2024-09-19 15:28:02.834000,419.2346414634398,999
2024-09-19 15:28:02.854000,419.2004386523549,1000
2024-09-19 15:28:02.915000,419.2252252849536,103
2024-09-19 15:28:02.980000,419.18013857401127,15
2024-09-19 15:28:03.008000,419.2077645118635,1002
2024-09-19 15:28:03.022000,419.1921489895248,12
2024-09-19 15:28:03.103000,419.20276204985936,10
2024-09-19 15:28:03.174000,419.2154301114885,5
2024-09-19 15:28:03.257000,419.23867508684543,997
2024-09-19 15:28:03.309000,419.2391557383904,9
2024-09-19 15:28:03.334000,419.23909974351767,97
2024-09-19 15:28:03.353000,419.2089016553114,101
2024-09-19 15:28:03.383000,419.2392673583741,100
2024-09-19 15:28:03.417000,419.2072682771874,9
2024-09-19 15:28:03.430000,419.21464482222734,997
2024-09-19 15:28:03.468000,419.2293194075404,95
2024-09-19 15:28:03.485000,419.2322982207907,105
2024-09-19 15:28:03.498000,419.2537256222647,12
2024-09-19 15:28:03.564000,419.2213387165447,10
2024-09-19 15:28:03.582000,419.2154387160559,1005
2024-09-19 15:28:03.590000,419.2553238655377,15
2024-09-19 15:28:03.758000,419.2308922537815,99
2024-09-19 15:28:03.775000,419.2375837636577,101
2024-09-19 15:28:03.860000,419.2243562324764,10
2024-09-19 15:28:03.860000,419.2030565030959,1004
2024-09-19 15:28:03.914000,419.2637051972612,104
2024-09-19 15:28:04.459000,419.22453274548633,999
2024-09-19 15:28:04.685000,419.2109384908044,6
2024-09-19 15:28:04.758000,419.2035210556147,11
2024-09-19 15:28:04.951000,419.2245304643015,9
2024-09-19 15:28:05.017000,419.2256952516988,13
2024-09-19 15:28:05.032000,419.226717817148,104
2024-09-19 15:28:05.058000,419.2178987080694,1003
2024-09-19 15:28:05.120000,419.20662046053513,105
2024-09-19 15:28:05.297000,419.17479388108535,9
2024-09-19 15:28:05.325000,419.2349989324732,1003
2024-09-19 15:28:05.338000,419.24318237625647,11
2024-09-19 15:28:05.376000,419.7027581495768,99
2024-09-19 15:28:05.470000,419.1962427081824,102
2024-09-19 15:28:05.552000,419.2153065661303,6
2024-09-19 15:28:05.638000,419.2520558112499,999
2024-09-19 15:28:05.678000,419.2477565704112,995
2024-09-19 15:28:05.705000,419.201532900258,7
2024-09-19 15:28:05.708000,419.1819674052816,998
2024-09-19 15:28:05.794000,419.1708878326058,13
2024-09-19 15:28:05.877000,419.1856431666074,99
2024-09-19 15:28:05.903000,419.20496890379127,15
2024-09-19 15:28:05.981000,419.19498900032914,10
2024-09-19 15:28:06.009000,419.24123972029474,8
2024-09-19 15:28:06.445000,419.27637434518994,5
2024-09-19 15:28:06.733000,419.25783925927504,997
2024-09-19 15:28:06.809000,419.2868682885366,995
2024-09-19 15:28:07.192000,419.2880454928374,103
2024-09-19 15:28:07.277000,419.273227507778,6
2024-09-19 15:28:07.345000,419.2940924018589,999
2024-09-19 15:28:07.430000,419.28590910758993,99
2024-09-19 15:28:08.228000,419.2874036809789,95
2024-09-19 15:28:08.504000,419.27022399291,105
2024-09-19 15:28:08.795000,419.3007404733295,5
2024-09-19 15:28:08.996000,419.260127371237,102
2024-09-19 15:28:09.034000,419.2331637857867,1000
2024-09-19 15:28:09.058000,419.2507804587744,14
2024-09-19 15:28:09.113000,419.2834687650896,104
2024-09-19 15:28:09.140000,419.2553330128492,997
2024-09-19 15:28:09.288000,419.252762633082,100
2024-09-19 15:28:09.333000,419.2778612522458,15
2024-09-19 15:28:09.336000,419.2785068485633,13
2024-09-19 15:28:09.382000,419.2639601834179,1003
2024-09-19 15:28:09.581000,419.27066919303314,97
2024-09-19 15:28:09.586000,419.2635462637305,5
2024-09-19 15:28:09.589000,419.2931653600223,10
2024-09-19 15:28:09.624000,419.2540292589921,1000
2024-09-19 15:28:09.662000,419.2537830163031,1005
2024-09-19 15:28:09.682000,419.2615335203853,7
2024-09-19 15:28:09.683000,419.2756402328239,5
2024-09-19 15:28:09.694000,419.2596231836884,999
2024-09-19 15:28:09.710000,419.28837736328,98
2024-09-19 15:28:09.779000,419.26617551162775,6
2024-09-19 15:28:09.789000,419.2811211991436,11
2024-09-19 15:28:09.864000,419.2704814734162,998
2024-09-19 15:28:09.894000,419.2391163315781,102
2024-09-19 15:28:09.937000,419.26104765900254,99
2024-09-19 15:28:09.958000,419.25781258390793,12
2024-09-19 15:28:09.979000,419.3005165218151,9
2024-09-19 15:28:09.987000,419.26139004583047,102
2024-09-19 15:28:09.989000,419.2872156754739,12
2024-09-19 15:28:09.990000,419.29574728131394,997
2024-09-19 15:28:10.188000,419.2569933043986,7
2024-09-19 15:28:10.872000,419.2588699321327,13
2024-09-19 15:28:12.063000,419.2629582472196,7
2024-09-19 15:28:12.104000,419.27055449439,6
2024-09-19 15:28:12.119000,419.2475254301788,105
2024-09-19 15:28:12.206000,419.213341976434,103
2024-09-19 15:28:12.220000,419.23065273320543,95
2024-09-19 15:28:12.280000,419.22777598560566,11
2024-09-19 15:28:12.290000,419.2533640487581,15
2024-09-19 15:28:12.303000,419.2679919103107,95
2024-09-19 15:28:12.345000,419.2305612250816,1004
2024-09-19 15:28:12.429000,419.23167649896135,15
2024-09-19 15:28:12.442000,419.236595594061,998
2024-09-19 15:28:12.455000,419.2169825759213,7
2024-09-19 15:28:12.496000,419.2411002019458,99
2024-09-19 15:28:12.497000,419.2346053831144,1001
2024-09-19 15:28:12.544000,419.2527951512243,15
2024-09-19 15:28:12.559000,419.2572489796463,102
2024-09-19 15:28:12.585000,419.2392485670146,5
2024-09-19 15:28:12.592000,419.2180301841107,6
2024-09-19 15:28:12.602000,419.2496228097234,102
2024-09-19 15:28:12.642000,419.2193893703826,11
2024-09-19 15:28:12.706000,419.2378346018453,98
2024-09-19 15:28:12.803000,419.2363061825786,95
2024-09-19 15:28:12.872000,419.2557386519504,102
2024-09-19 15:28:12.879000,419.2333993282272,99
2024-09-19 15:28:12.951000,419.2389995170229,100
2024-09-19 15:28:12.959000,419.22360260923097,99
2024-09-19 15:28:12.984000,419.25780695634495,96
2024-09-19 15:28:13.186000,419.2696910678919,15
2024-09-19 15:28:13.313000,419.2940162699523,996
2024-09-19 15:28:13.914000,419.79199055628754,8
2024-09-19 15:28:13.919000,419.29140844264,105
2024-09-19 15:28:13.994000,419.2702765919543,97
2024-09-19 15:28:13.998000,419.2636578229513,1005
2024-09-19 15:28:14.004000,419.2728904432483,14
2024-09-19 15:28:14.005000,419.260685146064,8
2024-09-19 15:28:14.005000,419.2370991842629,1005
2024-09-19 15:28:14.014000,419.22772305005145,12
2024-09-19 15:28:14.042000,419.2364018852897,96
2024-09-19 15:28:14.113000,419.2236034940431,1002
2024-09-19 15:28:14.130000,419.26064880028974,9
2024-09-19 15:28:14.188000,419.2282043783776,996
2024-09-19 15:28:14.193000,419.22162972690734,12
2024-09-19 15:28:14.201000,419.2566050083386,1002
2024-09-19 15:28:14.236000,419.2682779385037,95
2024-09-19 15:28:14.272000,419.2367286566156,14
2024-09-19 15:28:14.300000,419.2480921122726,9
2024-09-19 15:28:14.327000,419.2320433568919,12
2024-09-19 15:28:14.383000,419.2445587780911,12
2024-09-19 15:28:14.508000,419.742468413383,98
2024-09-19 15:28:14.518000,419.2187033662127,105
2024-09-19 15:28:14.589000,419.2108233552621,6
2024-09-19 15:28:14.596000,419.2536741408576,7
2024-09-19 15:28:14.606000,419.24752684294174,1000
2024-09-19 15:28:14.612000,419.2409874878704,98
2024-09-19 15:28:14.675000,419.2542135231527,96
2024-09-19 15:28:14.695000,419.1979642985637,95
2024-09-19 15:28:14.737000,419.2564415432018,7
2024-09-19 15:28:14.838000,419.2529775958561,997
2024-09-19 15:28:14.884000,419.2563226864234,11
2024-09-19 15:28:14.984000,419.2435375641709,1005
2024-09-19 15:28:15.039000,419.20755747586304,1005
2024-09-19 15:28:15.103000,419.2082871807644,95
2024-09-19 15:28:15.533000,419.19630036068537,105
2024-09-19 15:28:15.704000,419.22038037797023,11
2024-09-19 15:28:15.706000,419.21455253444594,98
2024-09-19 15:28:15.906000,419.2090127314376,998
2024-09-19 15:28:16.073000,419.2064910745538,105
2024-09-19 15:28:16.079000,419.21535511197794,103
2024-09-19 15:28:16.082000,419.245127011689,7
2024-09-19 15:28:16.123000,419.2418017030161,97
2024-09-19 15:28:16.151000,419.17988856372864,11
2024-09-19 15:28:16.166000,419.3320760259009,1000
2024-09-19 15:28:16.181000,419.2972661925366,1001
2024-09-19 15:28:16.215000,419.2194526012904,11
2024-09-19 15:28:16.216000,419.2057307680301,99
2024-09-19 15:28:16.236000,419.3130806136356,96
2024-09-19 15:28:16.290000,419.3231159580324,15
2024-09-19 15:28:16.335000,419.24395303693217,1003
2024-09-19 15:28:16.477000,419.3326104365803,105
2024-09-19 15:28:16.525000,419.26657157533526,997
2024-09-19 15:28:16.532000,419.1972439394153,998
2024-09-19 15:28:16.593000,419.19816772094185,1005
2024-09-19 15:28:16.621000,419.2107192848439,1002
2024-09-19 15:28:16.655000,419.2004929661466,998
2024-09-19 15:28:16.763000,419.2281138282656,996
2024-09-19 15:28:16.779000,419.20836977346175,997
2024-09-19 15:28:16.872000,419.24232577381485,998
2024-09-19 15:28:16.887000,419.2456541758552,1004
2024-09-19 15:28:16.893000,419.2990393145643,1001
2024-09-19 15:28:16.986000,419.23208752554814,97
2024-09-19 15:28:16.993000,419.2245035560387,100
2024-09-19 15:28:17.021000,419.3910438149488,1003
2024-09-19 15:28:17.035000,419.3975447738234,14
2024-09-19 15:28:17.155000,419.38863747580245,11
2024-09-19 15:28:17.291000,419.3904327341492,1004
2024-09-19 15:28:17.370000,419.4189995168081,8
2024-09-19 15:28:17.397000,419.4023787714912,96
2024-09-19 15:28:17.421000,419.3867191702654,1005
2024-09-19 15:28:17.528000,419.40501287818745,99
2024-09-19 15:28:17.546000,419.3461144633766,105
2024-09-19 15:28:17.561000,419.3924599392513,1005
2024-09-19 15:28:17.575000,419.4062618797758,9
2024-09-19 15:28:17.596000,419.3908717958897,99
2024-09-19 15:28:17.613000,419.39674166214303,104
2024-09-19 15:28:17.620000,419.3906207536916,1003
2024-09-19 15:28:17.747000,419.37127612153256,95
2024-09-19 15:28:17.754000,419.395401556369,9
2024-09-19 15:28:17.757000,419.3807659245633,104
2024-09-19 15:28:17.810000,419.405816609693,101
2024-09-19 15:28:17.825000,419.4007893255422,101
2024-09-19 15:28:17.826000,419.3839644835001,97
2024-09-19 15:28:17.837000,419.4039477953078,1001
2024-09-19 15:28:17.892000,419.4054889531408,999
2024-09-19 15:28:17.898000,419.4074848822977,5
2024-09-19 15:28:17.909000,419.380268800962,100
2024-09-19 15:28:17.946000,419.3557742704176,13
2024-09-19 15:28:18.012000,419.35586462823215,97
2024-09-19 15:28:18.022000,419.3783162454623,1002
2024-09-19 15:28:18.044000,419.3300519331321,999
2024-09-19 15:28:18.069000,419.3325338286536,8
2024-09-19 15:28:18.076000,419.3786398035361,102
2024-09-19 15:28:18.109000,419.35297222524287,995
2024-09-19 15:28:18.118000,419.3405214564216,1001
2024-09-19 15:28:18.127000,419.3469792014887,9
2024-09-19 15:28:18.159000,419.33514186445234,1001
2024-09-19 15:28:18.202000,419.35977408329546,104
2024-09-19 15:28:18.226000,419.3378904123416,997
2024-09-19 15:28:18.271000,419.3254168330077,103
2024-09-19 15:28:18.288000,419.3661748614829,6
2024-09-19 15:28:18.437000,419.3568001369922,98
2024-09-19 15:28:18.442000,419.3838223522652,100
2024-09-19 15:28:18.474000,419.3720405477891,10
2024-09-19 15:28:18.519000,419.3443695318695,98
2024-09-19 15:28:18.542000,419.3513530345661,98
2024-09-19 15:28:18.564000,419.3752784407564,997
2024-09-19 15:28:18.565000,419.35745481521246,98
2024-09-19 15:28:18.594000,419.34244416166825,12
2024-09-19 15:28:18.605000,419.3820996877071,105
2024-09-19 15:28:18.656000,419.36316435254565,999
2024-09-19 15:28:18.684000,419.36023697203706,7
2024-09-19 15:28:18.706000,419.37290259669805,95
2024-09-19 15:28:18.717000,419.3519754444907,15
2024-09-19 15:28:18.742000,419.3736012978894,102
2024-09-19 15:28:18.766000,419.3358332547853,1002
2024-09-19 15:28:18.966000,419.3499305595125,1000
2024-09-19 15:28:18.990000,419.349541998574,104
2024-09-19 15:28:19.022000,419.3504052440393,1003
2024-09-19 15:28:19.152000,419.3562187434191,14
2024-09-19 15:28:19.158000,419.3449639107489,105
2024-09-19 15:28:19.348000,419.3572918889703,6
2024-09-19 15:28:19.651000,419.3493160899933,1004
2024-09-19 15:28:19.800000,419.3502147012824,998
2024-09-19 15:28:19.840000,419.3492473485968,95
2024-09-19 15:28:20.006000,419.3792738665842,10
2024-09-19 15:28:20.051000,419.3902954876373,99
2024-09-19 15:28:20.068000,419.39453527257007,103
2024-09-19 15:28:20.083000,419.3653453008545,6
2024-09-19 15:28:20.097000,419.3880002626549,13
2024-09-19 15:28:20.167000,419.38624964971285,1004
2024-09-19 15:28:20.208000,419.3853822592235,100
2024-09-19 15:28:20.282000,419.3935236963997,96
2024-09-19 15:28:20.289000,419.3831335323003,11
2024-09-19 15:28:20.499000,419.3888720918228,11
2024-09-19 15:28:20.567000,419.38322435318565,12
2024-09-19 15:28:20.738000,419.38556627356746,6
2024-09-19 15:28:20.803000,419.3893388318299,997
2024-09-19 15:28:21.096000,419.3862090870718,11
2024-09-19 15:28:21.151000,419.3917196943438,7
2024-09-19 15:28:21.182000,419.4077431624742,99
2024-09-19 15:28:21.263000,419.3851208281905,998
2024-09-19 15:28:21.281000,419.3762207044374,998
2024-09-19 15:28:21.288000,419.3631738115496,105
2024-09-19 15:28:21.334000,419.3617846368931,105
2024-09-19 15:28:21.334000,419.3652555000945,998
2024-09-19 15:28:21.357000,419.39341424559,1001
2024-09-19 15:28:21.364000,419.3544597144098,97
2024-09-19 15:28:21.420000,419.3844165671877,11
2024-09-19 15:28:21.466000,419.400143091561,100
2024-09-19 15:28:21.583000,419.3760621655439,1005
2024-09-19 15:28:21.631000,419.3890909885458,1005
2024-09-19 15:28:21.714000,419.3663647106261,997
2024-09-19 15:28:21.765000,419.3765529897671,6
2024-09-19 15:28:21.804000,419.3755236830382,1000
2024-09-19 15:28:21.816000,419.38236756035184,15
2024-09-19 15:28:21.852000,419.37541329825086,14
2024-09-19 15:28:21.869000,419.3911419997344,12
2024-09-19 15:28:21.969000,419.3624354905597,98
2024-09-19 15:28:21.982000,419.3924836873127,1002
2024-09-19 15:28:22.033000,419.3694174891685,10
2024-09-19 15:28:22.169000,419.4123770523978,100
2024-09-19 15:28:22.250000,419.3872351327621,998
2024-09-19 15:28:22.352000,419.38807615127325,13
2024-09-19 15:28:22.366000,419.38943825698703,1001
2024-09-19 15:28:22.479000,419.38919248402607,97
2024-09-19 15:28:22.695000,419.37545962652825,98
2024-09-19 15:28:22.730000,419.4062533672813,10
2024-09-19 15:28:22.732000,419.3845178570548,12
2024-09-19 15:28:22.735000,419.4014452444568,1000
2024-09-19 15:28:22.837000,419.4121410196171,102
2024-09-19 15:28:22.911000,419.3783018045519,1002
2024-09-19 15:28:22.948000,419.3812349715884,5
2024-09-19 15:28:23.165000,419.39701721979736,102
2024-09-19 15:28:23.174000,419.3943574940784,1004
2024-09-19 15:28:23.799000,419.3713679065889,1001
2024-09-19 15:28:23.805000,419.3871807129784,15
2024-09-19 15:28:23.865000,419.4088104224817,998
2024-09-19 15:28:23.972000,419.3734927049081,998
2024-09-19 15:28:24.336000,419.363513681008,100
2024-09-19 15:28:24.417000,419.3649102770003,9
2024-09-19 15:28:24.598000,419.36271992306166,13
2024-09-19 15:28:24.621000,419.3635266919292,1000
2024-09-19 15:28:24.680000,419.3511029193701,1002
2024-09-19 15:28:24.848000,419.3607756725704,11
2024-09-19 15:28:26.071000,419.33380923956565,11
2024-09-19 15:28:26.091000,419.3371458230329,1003
2024-09-19 15:28:26.270000,419.3526615099472,1004
2024-09-19 15:28:26.272000,419.3376091468952,6
2024-09-19 15:28:26.515000,419.34865327602273,98
2024-09-19 15:28:26.532000,419.3366727659407,96
2024-09-19 15:28:26.599000,419.331120000661,100
2024-09-19 15:28:26.729000,419.3464827954121,10
2024-09-19 15:28:27.007000,419.3703623098132,1003
2024-09-19 15:28:27.072000,419.36207249444703,13
2024-09-19 15:28:27.074000,419.3674167961972,99
2024-09-19 15:28:27.134000,419.3567072410594,14
2024-09-19 15:28:27.151000,419.36727991878354,5
2024-09-19 15:28:27.346000,419.3497825812806,99
2024-09-19 15:28:27.363000,419.3733189447318,1004
2024-09-19 15:28:27.405000,419.364684455235,98
2024-09-19 15:28:27.406000,419.373291849985,997
2024-09-19 15:28:27.431000,419.34589689603786,1005
2024-09-19 15:28:27.453000,419.3754977143736,105
2024-09-19 15:28:27.523000,419.37501313704274,995
2024-09-19 15:28:27.544000,419.3529086069721,998
2024-09-19 15:28:27.553000,419.34424010521104,103
2024-09-19 15:28:27.615000,419.3603643129837,103
2024-09-19 15:28:27.669000,419.37884327618485,1001
2024-09-19 15:28:27.699000,419.3478424182435,1004
2024-09-19 15:28:27.726000,419.3554343928536,100
2024-09-19 15:28:27.790000,419.3634265026746,99
2024-09-19 15:28:27.867000,419.3612521421945,9
2024-09-19 15:28:27.880000,419.3754164997934,1004
2024-09-19 15:28:27.952000,419.357761825572,998
2024-09-19 15:28:27.995000,419.3660786270859,105
2024-09-19 15:28:28.138000,419.3618271143304,95
2024-09-19 15:28:28.388000,419.3607757046163,1001
2024-09-19 15:28:28.540000,419.36288663860194,8
2024-09-19 15:28:28.637000,419.3663199319103,1002
2024-09-19 15:28:28.971000,419.3554227163247,6
2024-09-19 15:28:28.998000,419.3587370441827,996
2024-09-19 15:28:29.074000,419.4091850369274,105
2024-09-19 15:28:29.109000,419.3854064714734,98
2024-09-19 15:28:29.128000,419.3863699572589,101
2024-09-19 15:28:29.163000,419.3479984723775,15
2024-09-19 15:28:29.193000,419.40018855695536,12
2024-09-19 15:28:29.286000,419.3925054891519,99
2024-09-19 15:28:29.359000,419.34300923024654,998
2024-09-19 15:28:29.436000,419.423639347751,1002
2024-09-19 15:28:29.448000,419.3589578197275,97
2024-09-19 15:28:29.455000,419.4061749940811,99
2024-09-19 15:28:29.476000,419.3879486585773,5
2024-09-19 15:28:29.480000,419.36184498439167,998
2024-09-19 15:28:29.483000,419.3868687532039,1002
2024-09-19 15:28:29.519000,419.3864614917898,1002
2024-09-19 15:28:29.547000,419.3754084239808,97
2024-09-19 15:28:29.618000,419.3864296294382,9
2024-09-19 15:28:29.646000,419.3989443039008,1003
2024-09-19 15:28:29.696000,419.3781298346476,1005
2024-09-19 15:28:29.697000,419.3837500084064,103
2024-09-19 15:28:29.698000,419.3710106717806,6
2024-09-19 15:28:29.830000,419.3882162381298,99
2024-09-19 15:28:29.874000,419.384714471556,999
2024-09-19 15:28:29.943000,419.3604381439765,1005
2024-09-19 15:28:30.040000,419.3754167567398,105
2024-09-19 15:28:30.071000,419.32451722924407,999
2024-09-19 15:28:30.147000,419.3809768739174,10
2024-09-19 15:28:30.268000,419.3424900668881,995
2024-09-19 15:28:30.407000,419.3762786786785,96
2024-09-19 15:28:30.409000,419.3408004331312,10
2024-09-19 15:28:30.416000,419.34291664181137,96
2024-09-19 15:28:30.432000,419.3409355603473,11
2024-09-19 15:28:30.457000,419.3424468200756,7
2024-09-19 15:28:30.536000,419.3600771169965,97
2024-09-19 15:28:30.551000,419.3805934415584,1000
2024-09-19 15:28:30.569000,419.3633160807811,99
2024-09-19 15:28:30.576000,419.3511567136015,95
2024-09-19 15:28:30.641000,419.3471724334765,7
2024-09-19 15:28:30.650000,419.3678926556673,1005
2024-09-19 15:28:30.683000,419.3678728405855,10
2024-09-19 15:28:30.685000,419.3735983241306,102
2024-09-19 15:28:30.690000,419.3408018779962,104
2024-09-19 15:28:30.797000,419.3367252169267,6
2024-09-19 15:28:30.798000,419.34406401177023,101
2024-09-19 15:28:30.860000,419.32314808469033,101
2024-09-19 15:28:30.883000,419.35630990658274,103
2024-09-19 15:28:30.894000,419.33106475832335,95
2024-09-19 15:28:30.920000,419.3507490609156,100
2024-09-19 15:28:30.924000,419.35505384048514,105
2024-09-19 15:28:30.931000,419.3566607893593,1002
2024-09-19 15:28:31.018000,419.2754051515504,998
2024-09-19 15:28:31.038000,419.3063283348458,1000
2024-09-19 15:28:31.156000,419.3106918729031,102
2024-09-19 15:28:31.182000,419.2672210128589,9
2024-09-19 15:28:31.194000,419.3158586533704,1004
2024-09-19 15:28:31.204000,419.3158297793941,1001
2024-09-19 15:28:31.207000,419.3119563221973,998
2024-09-19 15:28:31.251000,419.3062872121304,95
2024-09-19 15:28:31.278000,419.286798677688,105
2024-09-19 15:28:31.361000,419.3132245453711,97
2024-09-19 15:28:31.444000,419.2126687089384,8
2024-09-19 15:28:31.471000,419.3319629267134,104
2024-09-19 15:28:31.492000,419.2199378371228,995
2024-09-19 15:28:31.531000,419.2168574202663,1004
2024-09-19 15:28:31.580000,419.2993331277285,101
2024-09-19 15:28:31.592000,419.3048606772415,8
2024-09-19 15:28:31.699000,419.2196506594203,7
2024-09-19 15:28:31.844000,419.30049521885496,11
2024-09-19 15:28:31.890000,419.32506131662615,13
2024-09-19 15:28:32.026000,419.186079674394,5
2024-09-19 15:28:32.307000,419.204804981658,996
2024-09-19 15:28:32.548000,419.1883624664814,103
2024-09-19 15:28:32.564000,419.2137044624755,101
2024-09-19 15:28:32.700000,419.1828841138125,997
2024-09-19 15:28:32.915000,419.2115349847121,999
2024-09-19 15:28:33.046000,419.2179582965724,1000
2024-09-19 15:28:33.054000,419.1581588428834,1000
2024-09-19 15:28:33.223000,419.17235471123263,98
2024-09-19 15:28:33.410000,419.15919357946086,14
2024-09-19 15:28:33.415000,419.1737623109722,12
2024-09-19 15:28:33.431000,419.1897718042308,1002
2024-09-19 15:28:33.471000,419.1640872361479,98
2024-09-19 15:28:33.508000,419.1626375254125,99
2024-09-19 15:28:33.544000,419.211096136321,10
2024-09-19 15:28:33.564000,419.1661588706482,97
2024-09-19 15:28:33.565000,419.2055041470465,15
2024-09-19 15:28:33.628000,419.17617752563547,104
2024-09-19 15:28:33.647000,419.20659992396384,98
2024-09-19 15:28:33.677000,419.2157328129118,15
2024-09-19 15:28:33.822000,419.1573143986537,11
2024-09-19 15:28:33.925000,419.17431810989706,1000
2024-09-19 15:28:33.969000,419.2013603723114,1004
2024-09-19 15:28:34.012000,419.1743718372381,15
2024-09-19 15:28:34.176000,419.1574622321463,100
2024-09-19 15:28:34.179000,419.1667386339124,996
2024-09-19 15:28:34.181000,419.1470643384291,1005
2024-09-19 15:28:34.184000,419.15977072306777,996
2024-09-19 15:28:34.265000,419.1639708077109,1003
2024-09-19 15:28:34.303000,419.1539584125512,998
2024-09-19 15:28:34.324000,419.163934291721,95
2024-09-19 15:28:34.649000,419.1718438232985,97
2024-09-19 15:28:34.659000,419.1757694739482,995
2024-09-19 15:28:34.833000,419.16257822141415,96
2024-09-19 15:28:34.910000,419.1671773600287,1003
2024-09-19 15:28:35.017000,419.20044284501824,5
2024-09-19 15:28:35.025000,419.20075828212913,15
2024-09-19 15:28:35.055000,419.1651658560144,104
2024-09-19 15:28:35.072000,419.1407373691574,1004
2024-09-19 15:28:35.100000,419.16683701556735,102
2024-09-19 15:28:35.169000,419.160116151123,98
2024-09-19 15:28:35.197000,419.1593055539752,6
2024-09-19 15:28:35.246000,419.16953223260447,105
2024-09-19 15:28:35.248000,419.1704189409624,7
2024-09-19 15:28:35.264000,419.1496982185611,1004
2024-09-19 15:28:35.369000,419.1790244524966,1002
2024-09-19 15:28:35.484000,419.1720996687621,98
2024-09-19 15:28:35.517000,419.16458270631296,1002
2024-09-19 15:28:35.651000,419.1605792622811,1005
2024-09-19 15:28:35.690000,419.1600781457416,5
2024-09-19 15:28:35.697000,419.1506519064657,996
2024-09-19 15:28:35.706000,419.1833868629395,1004
2024-09-19 15:28:35.726000,419.1703320705117,996
2024-09-19 15:28:35.790000,419.1574844186466,101
2024-09-19 15:28:35.796000,419.2081141335856,7
2024-09-19 15:28:35.873000,419.18339038779175,103
2024-09-19 15:28:36.025000,419.1698150361134,13
2024-09-19 15:28:36.064000,419.15686752821694,5
2024-09-19 15:28:36.161000,419.1868005406682,998
2024-09-19 15:28:36.218000,419.16516995416754,102
2024-09-19 15:28:36.247000,419.1533433283798,15
2024-09-19 15:28:36.336000,419.15158790806464,98
2024-09-19 15:28:36.363000,419.18947747144085,104
2024-09-19 15:28:36.380000,419.1538793701421,8
2024-09-19 15:28:36.490000,419.16573412993233,12
2024-09-19 15:28:36.648000,419.1687291369095,11
2024-09-19 15:28:36.651000,419.1766111382338,1002
2024-09-19 15:28:36.679000,419.1473856791803,1002
2024-09-19 15:28:36.683000,420.357886915732,998
2024-09-19 15:28:36.880000,419.1496260783293,8
2024-09-19 15:28:36.904000,419.1916818785447,11
2024-09-19 15:28:37.022000,419.1864513432674,1003
2024-09-19 15:28:37.160000,419.17674135800064,101
2024-09-19 15:28:37.257000,419.1968792539757,998
2024-09-19 15:28:37.259000,419.19339719804526,996
2024-09-19 15:28:37.265000,419.1845835786781,1004
2024-09-19 15:28:37.335000,419.1645483501088,1003
2024-09-19 15:28:37.455000,419.175803282944,995
2024-09-19 15:28:37.474000,419.1884061517832,995
2024-09-19 15:28:37.502000,419.1977622855548,6
2024-09-19 15:28:37.558000,419.1915629202155,11
2024-09-19 15:28:37.741000,419.1633883771459,8
2024-09-19 15:28:37.785000,419.17461689132887,13
2024-09-19 15:28:37.808000,419.1763744130407,102
2024-09-19 15:28:37.848000,419.1848085737524,997
2024-09-19 15:28:37.876000,419.1748821415781,100
2024-09-19 15:28:37.878000,419.1684955582099,11
2024-09-19 15:28:37.962000,419.17621774976766,95
2024-09-19 15:28:38.036000,419.1485581522139,997
2024-09-19 15:28:38.257000,419.1522343673592,101
2024-09-19 15:28:38.582000,419.169225635362,1004
2024-09-19 15:28:38.738000,419.1488753880201,6
2024-09-19 15:28:38.792000,419.1512990998256,5
2024-09-19 15:28:38.830000,419.14132567755865,8
2024-09-19 15:28:38.886000,419.1585900512194,1001
2024-09-19 15:28:38.958000,419.1702821636312,6
2024-09-19 15:28:38.991000,419.1606343046509,998
2024-09-19 15:28:39.684000,420.4216301261574,6
2024-09-19 15:28:39.969000,419.1514515907641,97
2024-09-19 15:28:40.035000,419.1529983547001,99
2024-09-19 15:28:40.051000,419.1464677818258,5
2024-09-19 15:28:40.052000,419.2314075891928,1003
2024-09-19 15:28:40.105000,419.1449283510357,10
2024-09-19 15:28:40.195000,419.1438624693605,995
2024-09-19 15:28:40.202000,419.15594876683485,101
2024-09-19 15:28:40.227000,419.1564585906103,96
2024-09-19 15:28:40.235000,419.2249397699827,1002
2024-09-19 15:28:40.259000,419.2454007556,105
2024-09-19 15:28:40.323000,419.2249842155668,101
2024-09-19 15:28:40.359000,419.21760817487655,7
2024-09-19 15:28:40.400000,419.1514689224364,999
2024-09-19 15:28:40.455000,419.1891962964981,15
2024-09-19 15:28:40.465000,419.22148382004855,8
2024-09-19 15:28:40.502000,419.1607896488436,995
2024-09-19 15:28:40.622000,419.21869214491295,997
2024-09-19 15:28:40.637000,419.2250535253048,104
2024-09-19 15:28:40.672000,419.177997156532,1003
2024-09-19 15:28:40.718000,419.14874995248,98
2024-09-19 15:28:40.761000,419.2432994930143,100
2024-09-19 15:28:40.781000,419.2228832279578,6
2024-09-19 15:28:40.840000,419.170298314228,999
2024-09-19 15:28:40.855000,419.2320193459321,6
2024-09-19 15:28:40.862000,419.19681692699066,997
2024-09-19 15:28:40.959000,419.22570011141255,7
2024-09-19 15:28:41.001000,419.231158349629,97
2024-09-19 15:28:41.041000,419.24382031281016,11
2024-09-19 15:28:41.071000,419.1865427993181,105
2024-09-19 15:28:41.128000,419.2423618353764,8
2024-09-19 15:28:41.137000,419.2470626994117,11
2024-09-19 15:28:41.157000,419.2656724167054,13
2024-09-19 15:28:41.206000,419.2456825343515,997
2024-09-19 15:28:41.252000,419.21918904685697,15
2024-09-19 15:28:41.335000,419.23660107741154,1001
2024-09-19 15:28:41.385000,419.2496330602326,14
2024-09-19 15:28:41.412000,419.2122247208275,1001
2024-09-19 15:28:41.414000,419.202485695652,97
2024-09-19 15:28:41.426000,419.2223724433741,5
2024-09-19 15:28:41.467000,419.2289648266167,1004
2024-09-19 15:28:41.473000,419.20256735132426,5
2024-09-19 15:28:41.479000,419.2592025656708,14
2024-09-19 15:28:41.507000,419.2480447348421,7
2024-09-19 15:28:41.546000,419.2323383130979,97
2024-09-19 15:28:41.615000,419.2057396172812,999
2024-09-19 15:28:41.643000,419.2235566954647,1001
2024-09-19 15:28:41.725000,419.2719475471008,103
2024-09-19 15:28:41.749000,419.23620938785456,13
2024-09-19 15:28:41.765000,419.2451940402178,12
2024-09-19 15:28:41.801000,419.2447360102035,99
2024-09-19 15:28:41.811000,419.2042494096037,10
2024-09-19 15:28:41.850000,419.2202374672989,12
2024-09-19 15:28:41.892000,419.2322713295758,1000
2024-09-19 15:28:41.895000,419.2156484239589,1004
2024-09-19 15:28:42.128000,419.1050821045921,102
2024-09-19 15:28:42.210000,419.1254814509591,101
2024-09-19 15:28:42.326000,419.1480225526272,7
2024-09-19 15:28:42.349000,419.1418942406147,96
2024-09-19 15:28:42.461000,419.15041929776174,14
2024-09-19 15:28:42.570000,419.1502915480182,1001
2024-09-19 15:28:42.600000,419.17489796821735,100
2024-09-19 15:28:42.680000,419.1692708031202,12
2024-09-19 15:28:42.692000,419.1426112068097,100
2024-09-19 15:28:42.816000,419.1261896670413,7
2024-09-19 15:28:44.002000,419.097982313259,97
2024-09-19 15:28:44.006000,419.0849128009645,1005
2024-09-19 15:28:44.029000,419.0732950914872,99
2024-09-19 15:28:44.052000,419.1200653568537,999
2024-09-19 15:28:44.171000,419.0437055450965,1002
2024-09-19 15:28:44.174000,419.0540890563816,13
2024-09-19 15:28:44.199000,419.0783366085399,8
2024-09-19 15:28:44.267000,419.0909343942537,1000
2024-09-19 15:28:44.280000,419.0924453903109,96
2024-09-19 15:28:44.343000,419.1313698535204,10
2024-09-19 15:28:44.415000,419.0948964481678,11
2024-09-19 15:28:44.436000,419.1161937171732,997
2024-09-19 15:28:44.489000,419.1262247064531,1001
2024-09-19 15:28:44.491000,419.07485409033154,9
2024-09-19 15:28:44.576000,419.1216014383774,10
2024-09-19 15:28:44.694000,419.0937711252544,102
2024-09-19 15:28:44.701000,419.13875781587615,98
2024-09-19 15:28:44.875000,419.0593497337358,102
2024-09-19 15:28:44.952000,419.1302902547984,13
2024-09-19 15:28:44.982000,419.0819193433133,996
2024-09-19 15:28:44.998000,419.1092642384597,1000
2024-09-19 15:28:45.075000,419.0969061026043,7
2024-09-19 15:28:45.141000,419.1071156919254,9
2024-09-19 15:28:45.153000,419.0396660738761,1000
2024-09-19 15:28:45.183000,419.0263673965418,9
2024-09-19 15:28:45.192000,419.005183412506,95
2024-09-19 15:28:45.253000,419.0262192725714,1004
2024-09-19 15:28:45.274000,419.066005098998,98
2024-09-19 15:28:45.339000,419.044656396253,999
2024-09-19 15:28:45.404000,419.0338374289564,15
2024-09-19 15:28:45.423000,419.1137063161222,1000
2024-09-19 15:28:45.493000,419.01147233095145,103
2024-09-19 15:28:45.500000,419.0229702461573,5
2024-09-19 15:28:45.646000,419.0300481720588,102
2024-09-19 15:28:45.671000,419.0445098128077,7
2024-09-19 15:28:45.688000,419.00051719992047,96
2024-09-19 15:28:45.692000,419.0383204974054,12
2024-09-19 15:28:45.708000,419.023176451859,102
2024-09-19 15:28:45.737000,419.018733877362,100
2024-09-19 15:28:45.774000,419.01956183031336,1005
2024-09-19 15:28:45.783000,419.02044986293913,996
2024-09-19 15:28:45.796000,419.0323593787827,102
2024-09-19 15:28:45.864000,419.0932964173543,103
2024-09-19 15:28:45.956000,419.1088133741801,101
2024-09-19 15:28:45.961000,419.0470689852916,8
2024-09-19 15:28:45.968000,419.0170825228702,997
2024-09-19 15:28:45.997000,419.03046228967554,1002
2024-09-19 15:28:46.911000,419.11165562151496,95
2024-09-19 15:28:47.056000,419.086134186157,996
2024-09-19 15:28:47.099000,419.0870522024216,14
2024-09-19 15:28:47.195000,419.0754997928061,1003
2024-09-19 15:28:47.479000,419.1042672220818,1004
2024-09-19 15:28:47.498000,419.0891626765738,1003
2024-09-19 15:28:47.653000,419.095449765518,8
2024-09-19 15:28:47.731000,419.1072671732322,998
2024-09-19 15:28:47.785000,419.12675069695655,96
2024-09-19 15:28:47.801000,419.08288626341687,996
2024-09-19 15:28:47.810000,419.1039919816504,997
2024-09-19 15:28:47.818000,419.0752706146039,8
2024-09-19 15:28:47.934000,419.10691269182615,14
2024-09-19 15:28:47.948000,419.09504696702896,99
2024-09-19 15:28:47.966000,419.0898317621528,104
2024-09-19 15:28:48.005000,419.1270427221019,98
2024-09-19 15:28:48.530000,419.1340289312248,99
2024-09-19 15:28:49.003000,419.0061124120076,6
2024-09-19 15:28:49.051000,419.0461655207112,102
2024-09-19 15:28:49.058000,419.030597264368,103
2024-09-19 15:28:49.087000,419.03635932405774,6
2024-09-19 15:28:49.089000,419.0419681181214,13
2024-09-19 15:28:49.124000,419.0602361471574,15
2024-09-19 15:28:49.150000,419.0565521215901,10
2024-09-19 15:28:49.169000,419.0337704350668,11
2024-09-19 15:28:49.202000,419.0653128615057,105
2024-09-19 15:28:49.205000,419.037325081892,998
2024-09-19 15:28:49.214000,419.0387386395912,14
2024-09-19 15:28:49.215000,419.0626949129388,5
2024-09-19 15:28:49.229000,419.0387202181219,98
2024-09-19 15:28:49.349000,419.0192213516282,100
2024-09-19 15:28:49.417000,419.0487897826706,8
2024-09-19 15:28:49.554000,419.110392316699,100
2024-09-19 15:28:49.582000,419.052970806068,100
2024-09-19 15:28:49.598000,419.0463490869765,99
2024-09-19 15:28:49.663000,419.1246830634508,6
2024-09-19 15:28:49.732000,419.0067128210802,1000
2024-09-19 15:28:49.748000,419.0527534248481,99
2024-09-19 15:28:49.776000,419.0070966109007,12
2024-09-19 15:28:49.886000,419.0473923547244,998
2024-09-19 15:28:49.910000,419.0091757059136,105
2024-09-19 15:28:49.932000,419.0449581321824,997
2024-09-19 15:28:49.972000,419.0748838362075,101
2024-09-19 15:28:50.038000,419.07812441035344,6
2024-09-19 15:28:50.038000,419.0822456325501,97
2024-09-19 15:28:50.071000,419.09289091271626,10
2024-09-19 15:28:50.073000,419.07738699557774,5
2024-09-19 15:28:50.075000,419.0865604514946,95
2024-09-19 15:28:50.132000,419.0787734150552,998
2024-09-19 15:28:50.151000,419.11859060975416,999
2024-09-19 15:28:50.190000,419.0746234657893,13
2024-09-19 15:28:50.197000,419.0669328981519,101
2024-09-19 15:28:50.239000,419.044832353205,98
2024-09-19 15:28:50.564000,419.0409731890004,98
2024-09-19 15:28:50.583000,419.0827942334368,1005
2024-09-19 15:28:50.749000,419.076548523894,5
2024-09-19 15:28:50.801000,419.08946536005584,1001
2024-09-19 15:28:50.908000,419.05726148467386,1003
2024-09-19 15:28:50.910000,419.1001993980119,96
2024-09-19 15:28:51.229000,419.1243953731063,103
2024-09-19 15:28:51.358000,419.1146066929637,103
2024-09-19 15:28:52.023000,419.1143408691136,1005
2024-09-19 15:28:52.049000,419.0779356651568,15
2024-09-19 15:28:52.135000,419.0976404450906,1002
2024-09-19 15:28:52.320000,419.0896752423533,104
2024-09-19 15:28:52.399000,419.10757052844633,101
2024-09-19 15:28:52.452000,419.09344925454513,14
2024-09-19 15:28:52.515000,419.0571087352689,10
2024-09-19 15:28:52.601000,419.0947941562957,98
2024-09-19 15:28:52.651000,419.0563269793656,1002
2024-09-19 15:28:52.823000,419.080438829596,998
2024-09-19 15:28:53.425000,419.05765657494976,95
2024-09-19 15:28:53.601000,419.0489327767504,999
2024-09-19 15:28:53.606000,419.0425979013922,998
2024-09-19 15:28:54.037000,418.9595793634061,999
2024-09-19 15:28:54.047000,418.9479483248908,7
2024-09-19 15:28:54.081000,418.94828890932615,998
2024-09-19 15:28:54.086000,418.9686262570565,103
2024-09-19 15:28:54.113000,418.9169131987149,104
2024-09-19 15:28:54.199000,418.9097589779429,5
2024-09-19 15:28:54.222000,418.9609687463913,7
2024-09-19 15:28:54.254000,419.0163280921447,999
2024-09-19 15:28:54.328000,418.9293031043516,999
2024-09-19 15:28:54.393000,419.01633621047694,100
2024-09-19 15:28:54.412000,419.0029829817808,102
2024-09-19 15:28:54.483000,418.9632535103967,7
2024-09-19 15:28:54.561000,418.9050125823004,1002
2024-09-19 15:28:54.597000,418.9392691119,11
2024-09-19 15:28:54.601000,418.9241701017144,97
2024-09-19 15:28:54.617000,419.0425488861948,1005
2024-09-19 15:28:54.625000,418.9291853931548,997
2024-09-19 15:28:54.660000,418.9561649279332,104
2024-09-19 15:28:54.693000,418.9663030956831,998
2024-09-19 15:28:54.828000,419.02617512004775,95
2024-09-19 15:28:54.855000,418.9776696665667,1004
2024-09-19 15:28:54.866000,418.9660319399438,995
2024-09-19 15:28:54.878000,418.92834919454486,5
2024-09-19 15:28:54.885000,418.9970387169861,1004
2024-09-19 15:28:54.887000,419.0520990157887,101
2024-09-19 15:28:54.917000,419.05336173614086,9
2024-09-19 15:28:54.944000,418.9741976680436,999
2024-09-19 15:28:54.946000,419.056198500397,996
2024-09-19 15:28:55.022000,418.9115666913077,1005
2024-09-19 15:28:55.034000,418.9123281815713,1005
2024-09-19 15:28:55.109000,418.89418113834944,13
2024-09-19 15:28:55.468000,418.8987913233696,998
2024-09-19 15:28:55.756000,418.8887303558673,98
2024-09-19 15:28:55.783000,418.9085211896414,97
2024-09-19 15:28:56.002000,418.8962502202252,101
2024-09-19 15:28:56.029000,418.9316847638264,101
2024-09-19 15:28:56.036000,418.94780998036737,1002
2024-09-19 15:28:56.107000,418.9602270807331,9
2024-09-19 15:28:56.178000,418.9304516229876,1003
2024-09-19 15:28:56.291000,418.9578611588519,12
2024-09-19 15:28:56.316000,418.9555062068965,103
2024-09-19 15:28:56.327000,418.939878426819,9
2024-09-19 15:28:56.426000,418.9296485537217,97
2024-09-19 15:28:56.438000,418.9334102770423,15
2024-09-19 15:28:56.467000,418.947085782844,6
2024-09-19 15:28:56.485000,418.935031128648,99
2024-09-19 15:28:56.522000,418.922626117283,14
2024-09-19 15:28:56.607000,418.9305990042986,10
2024-09-19 15:28:56.649000,418.9273265218524,12
2024-09-19 15:28:56.650000,418.92672617793136,100
2024-09-19 15:28:56.707000,418.971279132293,7
2024-09-19 15:28:56.715000,418.9598993179097,8
2024-09-19 15:28:56.721000,418.9325464941244,97
2024-09-19 15:28:56.862000,418.9281671127634,8
2024-09-19 15:28:56.923000,418.9158247284109,96
2024-09-19 15:28:57.053000,418.9416209748711,105
2024-09-19 15:28:57.154000,418.9444242353006,996
2024-09-19 15:28:57.184000,418.915032425584,99
2024-09-19 15:28:57.194000,418.9252448662636,96
2024-09-19 15:28:57.226000,418.9413774300016,104
2024-09-19 15:28:57.248000,418.94782090867386,6
2024-09-19 15:28:57.257000,418.9184524880005,96
2024-09-19 15:28:57.288000,418.9225335806752,9
2024-09-19 15:28:57.333000,418.9344854534984,12
2024-09-19 15:28:57.364000,418.9307579907908,13
2024-09-19 15:28:57.400000,418.9050277254936,7
2024-09-19 15:28:57.583000,418.9356268901784,1002
2024-09-19 15:28:57.585000,418.9235343391297,103
2024-09-19 15:28:57.645000,418.9100879345088,1005
2024-09-19 15:28:57.779000,418.9225778601932,105
2024-09-19 15:28:58.006000,418.96816889820366,1004
2024-09-19 15:28:58.198000,418.9453624421095,1004
2024-09-19 15:28:58.326000,418.9533507718896,96
2024-09-19 15:28:58.328000,418.9564243043708,998
2024-09-19 15:28:58.329000,418.93742951432193,996
2024-09-19 15:28:58.338000,418.9314907440545,105
2024-09-19 15:28:58.449000,418.9856259919665,11
2024-09-19 15:28:58.471000,418.9782485156686,12
2024-09-19 15:28:58.710000,418.9412472621901,99
2024-09-19 15:28:58.744000,418.9913873780324,104
2024-09-19 15:28:58.755000,418.9412866764703,7
2024-09-19 15:28:58.816000,418.95155796656616,999
2024-09-19 15:28:58.818000,418.9388996340271,104
2024-09-19 15:28:58.922000,418.9461982248076,5
2024-09-19 15:28:58.971000,418.9591192046741,9
2024-09-19 15:28:58.990000,418.9875649716691,996
2024-09-19 15:28:59.029000,418.93453622250047,997
2024-09-19 15:28:59.232000,418.9412723202109,101
2024-09-19 15:28:59.391000,418.9377324710755,11
2024-09-19 15:28:59.412000,418.95974815844966,97
2024-09-19 15:28:59.443000,418.9738899438869,101
2024-09-19 15:28:59.477000,418.9265853935868,99
2024-09-19 15:28:59.586000,418.9680624789091,14
2024-09-19 15:28:59.652000,418.9613952920715,8
2024-09-19 15:28:59.865000,418.915824325387,1003
2024-09-19 15:28:59.870000,418.9714217240624,105
