Timestamp,Price,Size
2024-09-17 15:43:00.027000,409.33000046348695,1000
2024-09-17 15:43:00.032000,409.3353265914953,1000
2024-09-17 15:43:00.081000,409.3233745905698,996
2024-09-17 15:43:00.325000,409.3404052346072,11
2024-09-17 15:43:00.343000,409.3631827353307,7
2024-09-17 15:43:00.345000,409.3532151829104,1004
2024-09-17 15:43:00.388000,409.3511572546341,997
2024-09-17 15:43:00.527000,409.3305518340199,1002
2024-09-17 15:43:00.548000,409.32491636547286,1002
2024-09-17 15:43:00.608000,409.3326001957578,1001
2024-09-17 15:43:00.613000,409.3656422805802,100
2024-09-17 15:43:00.617000,409.3309851915418,1000
2024-09-17 15:43:00.642000,409.34269008977776,14
2024-09-17 15:43:00.682000,409.3183786901719,104
2024-09-17 15:43:00.708000,409.3474870144197,10
2024-09-17 15:43:00.717000,409.3555151242643,14
2024-09-17 15:43:00.718000,409.3367470828248,1002
2024-09-17 15:43:00.886000,409.3486099061337,1002
2024-09-17 15:43:01.043000,409.3476493436538,12
2024-09-17 15:43:01.054000,409.3603193526139,101
2024-09-17 15:43:01.091000,409.3260194546489,13
2024-09-17 15:43:01.134000,409.3426627479013,105
2024-09-17 15:43:01.142000,409.3333458370727,15
2024-09-17 15:43:01.165000,409.3277445260864,15
2024-09-17 15:43:01.169000,409.3417290289789,101
2024-09-17 15:43:01.239000,409.3250442727981,1002
2024-09-17 15:43:01.275000,409.3326381755276,13
2024-09-17 15:43:01.321000,409.3752167668248,96
2024-09-17 15:43:01.358000,409.3173088824208,14
2024-09-17 15:43:01.394000,409.3115701916232,97
2024-09-17 15:43:01.399000,409.3277857622926,102
2024-09-17 15:43:01.422000,409.3340741620468,997
2024-09-17 15:43:01.431000,409.34431134532224,995
2024-09-17 15:43:01.439000,409.3206553926457,104
2024-09-17 15:43:01.454000,409.3617916081258,8
2024-09-17 15:43:01.462000,409.320157538101,1001
2024-09-17 15:43:01.494000,409.3609228665629,96
2024-09-17 15:43:01.581000,409.3575685728611,102
2024-09-17 15:43:01.663000,409.3386969672386,5
2024-09-17 15:43:01.681000,409.3314651261964,105
2024-09-17 15:43:01.698000,409.32250311491936,7
2024-09-17 15:43:01.701000,409.3441971587943,1001
2024-09-17 15:43:01.764000,409.32000062611553,1005
2024-09-17 15:43:01.928000,409.3426127839437,101
2024-09-17 15:43:01.945000,409.3627596265119,1003
2024-09-17 15:43:01.983000,409.33202270251934,5
2024-09-17 15:43:01.998000,409.32856293171466,5
2024-09-17 15:43:02.041000,409.3482259458104,996
2024-09-17 15:43:02.062000,409.3160086902844,10
2024-09-17 15:43:02.068000,409.3509019747512,1002
2024-09-17 15:43:02.153000,409.2655616227603,999
2024-09-17 15:43:02.186000,409.3299698746728,997
2024-09-17 15:43:02.244000,409.3418206535381,1004
2024-09-17 15:43:02.341000,409.26648198830975,103
2024-09-17 15:43:02.492000,409.28274733301936,999
2024-09-17 15:43:02.540000,409.2722542355,101
2024-09-17 15:43:02.616000,409.3106470405608,102
2024-09-17 15:43:02.665000,409.29431664050776,13
2024-09-17 15:43:02.777000,409.2785465086066,96
2024-09-17 15:43:02.886000,409.2859565937974,100
2024-09-17 15:43:02.924000,409.2728359412271,995
2024-09-17 15:43:02.929000,409.271756589081,995
2024-09-17 15:43:03.017000,409.2641850669016,1001
2024-09-17 15:43:03.020000,409.2290694369688,9
2024-09-17 15:43:03.081000,409.3189846986288,11
2024-09-17 15:43:03.105000,409.28722906988384,998
2024-09-17 15:43:03.155000,409.3267351341104,995
2024-09-17 15:43:03.186000,409.3433689283946,1003
2024-09-17 15:43:03.224000,409.2568998383837,995
2024-09-17 15:43:03.266000,409.3045827967553,100
2024-09-17 15:43:03.329000,409.2430315202538,103
2024-09-17 15:43:03.335000,409.2573724921307,97
2024-09-17 15:43:03.377000,409.3062431986904,97
2024-09-17 15:43:03.382000,409.3144705440247,8
2024-09-17 15:43:03.426000,409.2456527360157,8
2024-09-17 15:43:03.438000,409.26508405491177,1003
2024-09-17 15:43:03.440000,409.29806209599815,6
2024-09-17 15:43:03.446000,409.2419425770034,6
2024-09-17 15:43:03.452000,409.30059875529815,995
2024-09-17 15:43:03.461000,409.2378014108813,101
2024-09-17 15:43:03.668000,409.2787615620628,102
2024-09-17 15:43:03.702000,409.2688699775443,997
2024-09-17 15:43:03.735000,409.2686101312594,6
2024-09-17 15:43:03.772000,409.3125965896887,998
2024-09-17 15:43:03.774000,409.2358785439916,104
2024-09-17 15:43:03.918000,409.3427941769304,11
2024-09-17 15:43:03.971000,409.235988582096,1002
2024-09-17 15:43:03.984000,409.3319320003779,104
2024-09-17 15:43:03.996000,409.239805417682,11
2024-09-17 15:43:04.021000,409.32349650024406,95
2024-09-17 15:43:04.027000,409.2731343595033,6
2024-09-17 15:43:04.039000,409.2706198156127,1003
2024-09-17 15:43:04.070000,409.3236032618705,1001
2024-09-17 15:43:04.117000,409.3156813108379,95
2024-09-17 15:43:04.127000,409.2693463178476,15
2024-09-17 15:43:04.132000,409.3319488627972,95
2024-09-17 15:43:04.168000,409.2896672169235,1002
2024-09-17 15:43:04.368000,409.3099964002327,103
2024-09-17 15:43:04.436000,409.3379826738776,102
2024-09-17 15:43:04.437000,409.3040753423894,13
2024-09-17 15:43:04.455000,409.2766227633216,14
2024-09-17 15:43:04.646000,409.3017337475218,6
2024-09-17 15:43:04.654000,409.318254460094,1002
2024-09-17 15:43:04.680000,409.3164175203239,995
2024-09-17 15:43:04.685000,409.3122847028607,998
2024-09-17 15:43:04.778000,409.3077256262026,8
2024-09-17 15:43:04.778000,409.3199744566406,7
2024-09-17 15:43:04.841000,409.2706482138853,998
2024-09-17 15:43:04.842000,409.2893286667985,996
2024-09-17 15:43:04.933000,409.33193662483313,5
2024-09-17 15:43:04.963000,409.35438313275387,996
2024-09-17 15:43:05.175000,409.2750542714449,999
2024-09-17 15:43:05.241000,409.2736116127699,995
2024-09-17 15:43:05.426000,409.3183364166973,1005
2024-09-17 15:43:05.537000,416.69306122533146,12
2024-09-17 15:43:05.561000,409.2803501566544,96
2024-09-17 15:43:05.591000,409.29515085404535,12
2024-09-17 15:43:05.750000,409.311422518348,99
2024-09-17 15:43:05.766000,409.28454773301,99
2024-09-17 15:43:06.012000,409.2853722184458,11
2024-09-17 15:43:06.245000,409.3032802968975,1002
2024-09-17 15:43:06.280000,409.293931235938,13
2024-09-17 15:43:06.281000,409.3283696688517,103
2024-09-17 15:43:06.337000,409.29868260802186,1005
2024-09-17 15:43:06.385000,409.32013632057766,104
2024-09-17 15:43:06.460000,409.3321224586626,15
2024-09-17 15:43:06.501000,409.3120376525517,11
2024-09-17 15:43:06.611000,409.3146318502926,97
2024-09-17 15:43:06.620000,409.3006914280495,103
2024-09-17 15:43:06.655000,409.318930921292,101
2024-09-17 15:43:06.797000,409.30559207792646,5
2024-09-17 15:43:07.372000,409.27970774219625,100
2024-09-17 15:43:07.632000,409.2828904908076,14
2024-09-17 15:43:07.934000,409.2954662584696,96
2024-09-17 15:43:09.222000,409.2974442086741,11
2024-09-17 15:43:09.260000,409.2920401508047,1005
2024-09-17 15:43:09.279000,409.2635929144046,7
2024-09-17 15:43:09.296000,409.2903811249418,104
2024-09-17 15:43:09.338000,409.2728761804424,14
2024-09-17 15:43:09.464000,409.2808662471258,104
2024-09-17 15:43:09.475000,409.2778220523215,997
2024-09-17 15:43:09.501000,409.2741423089742,102
2024-09-17 15:43:09.585000,409.31289315423646,101
2024-09-17 15:43:09.616000,409.2529638963922,996
2024-09-17 15:43:09.665000,409.3035549640058,11
2024-09-17 15:43:09.692000,409.27456520339854,1005
2024-09-17 15:43:09.791000,409.2597684800279,1004
2024-09-17 15:43:09.836000,409.2847227605989,12
2024-09-17 15:43:09.840000,409.2772032747025,96
2024-09-17 15:43:09.972000,409.26660104901686,12
2024-09-17 15:43:09.996000,409.3082915363658,11
2024-09-17 15:43:10.139000,409.3022674742487,14
2024-09-17 15:43:10.309000,409.29718007916097,997
2024-09-17 15:43:10.352000,409.28792719735975,6
2024-09-17 15:43:10.873000,409.2943482536212,11
2024-09-17 15:43:11.891000,409.2853882247773,14
2024-09-17 15:43:11.935000,409.2826534878319,95
2024-09-17 15:43:12.030000,409.3194409171728,10
2024-09-17 15:43:12.078000,409.290324672781,97
2024-09-17 15:43:12.161000,409.28727907898826,7
2024-09-17 15:43:12.176000,409.2510858532149,11
2024-09-17 15:43:12.247000,409.2635781381659,14
2024-09-17 15:43:12.248000,409.32067645109663,5
2024-09-17 15:43:12.299000,409.2886970462095,997
2024-09-17 15:43:12.365000,409.3088061631185,13
2024-09-17 15:43:12.386000,409.2768604899025,95
2024-09-17 15:43:12.399000,409.2946250436367,11
2024-09-17 15:43:12.457000,409.23523171511744,14
2024-09-17 15:43:12.497000,409.2903315730193,99
2024-09-17 15:43:12.500000,409.2902013624857,97
2024-09-17 15:43:12.503000,409.28128340169343,13
2024-09-17 15:43:12.602000,409.3074442771616,12
2024-09-17 15:43:12.669000,409.2883549611969,5
2024-09-17 15:43:12.683000,409.2928142052564,14
2024-09-17 15:43:12.760000,409.2934577516959,1001
2024-09-17 15:43:12.772000,409.3118835275216,12
2024-09-17 15:43:12.800000,409.28926462100014,104
2024-09-17 15:43:12.800000,409.2953351605601,13
2024-09-17 15:43:12.834000,409.2947165223916,996
2024-09-17 15:43:12.836000,409.3022610857468,95
2024-09-17 15:43:12.843000,409.2620042384988,99
2024-09-17 15:43:12.858000,409.2985636841082,96
2024-09-17 15:43:12.891000,409.2947208026213,100
2024-09-17 15:43:12.891000,409.2834681706028,95
2024-09-17 15:43:12.938000,409.2717658495927,1005
2024-09-17 15:43:12.970000,409.277087237015,97
2024-09-17 15:43:13.004000,409.2162396350625,96
2024-09-17 15:43:13.024000,409.2191139659631,1004
2024-09-17 15:43:13.071000,409.23632407790006,101
2024-09-17 15:43:13.093000,409.1797238249263,1000
2024-09-17 15:43:13.153000,409.237836253159,100
2024-09-17 15:43:13.228000,409.1756051190467,7
2024-09-17 15:43:13.252000,409.2422017891181,7
2024-09-17 15:43:13.278000,409.2206076156775,999
2024-09-17 15:43:13.287000,409.2191607086011,999
2024-09-17 15:43:13.287000,409.1540738763251,998
2024-09-17 15:43:13.317000,409.15992313179714,1005
2024-09-17 15:43:13.357000,409.2608031660906,14
2024-09-17 15:43:13.366000,409.2513165691776,998
2024-09-17 15:43:13.417000,409.1489250576207,5
2024-09-17 15:43:13.514000,409.16010577530153,105
2024-09-17 15:43:13.573000,409.2261177751719,103
2024-09-17 15:43:13.698000,409.1430469024486,10
2024-09-17 15:43:13.707000,409.2309081512193,95
2024-09-17 15:43:13.752000,409.2165991805342,1003
2024-09-17 15:43:13.786000,409.2194232833376,101
2024-09-17 15:43:13.846000,409.2538434991769,997
2024-09-17 15:43:13.853000,409.1270264664462,95
2024-09-17 15:43:13.854000,409.1870639906098,11
2024-09-17 15:43:13.873000,409.1880043234509,1003
2024-09-17 15:43:13.902000,409.2314403125386,100
2024-09-17 15:43:13.927000,409.1806856907251,1004
2024-09-17 15:43:13.970000,409.2237818279238,996
2024-09-17 15:43:13.982000,409.1795447924104,103
2024-09-17 15:43:14.033000,409.1935294595082,1004
2024-09-17 15:43:14.143000,409.19107089128266,102
2024-09-17 15:43:14.334000,409.1540674642431,11
2024-09-17 15:43:14.392000,409.1636298235565,11
2024-09-17 15:43:14.400000,409.14403207921566,6
2024-09-17 15:43:14.409000,409.18346238483065,97
2024-09-17 15:43:14.410000,409.1850120537843,6
2024-09-17 15:43:14.465000,409.16504939038737,1000
2024-09-17 15:43:14.476000,409.1994309760174,98
2024-09-17 15:43:14.661000,409.1837730827604,7
2024-09-17 15:43:14.746000,409.188986810338,1002
2024-09-17 15:43:14.765000,409.2011241884019,14
2024-09-17 15:43:14.884000,409.1808062964679,9
2024-09-17 15:43:14.885000,409.1647790668397,1005
2024-09-17 15:43:14.927000,409.1763342976001,99
2024-09-17 15:43:14.984000,409.1578928261921,103
2024-09-17 15:43:15.330000,409.1864078507659,10
2024-09-17 15:43:15.336000,409.1866760824505,1001
2024-09-17 15:43:15.577000,409.18593606829256,999
2024-09-17 15:43:15.607000,409.1996099197025,7
2024-09-17 15:43:15.753000,409.1934658609604,104
2024-09-17 15:43:15.764000,409.18272588953903,1003
2024-09-17 15:43:16.186000,409.1974303795463,996
2024-09-17 15:43:16.339000,409.1946837816222,1004
2024-09-17 15:43:16.392000,409.21209378350295,11
2024-09-17 15:43:16.468000,409.2132418325129,1004
2024-09-17 15:43:16.533000,409.16438089461855,1001
2024-09-17 15:43:16.552000,409.2018341434853,98
2024-09-17 15:43:16.590000,409.1858907494001,995
2024-09-17 15:43:16.668000,409.2105041497714,95
2024-09-17 15:43:16.788000,409.1930653454794,6
2024-09-17 15:43:16.793000,409.2119734983347,95
2024-09-17 15:43:16.829000,409.2020379046154,1001
2024-09-17 15:43:16.885000,409.1637785850709,13
2024-09-17 15:43:16.892000,409.217120203719,102
2024-09-17 15:43:16.903000,409.1559573175364,6
2024-09-17 15:43:17.029000,409.17985051596935,97
2024-09-17 15:43:17.043000,409.1923914763111,102
2024-09-17 15:43:17.115000,409.1950959330469,105
2024-09-17 15:43:17.134000,409.1847000883394,12
2024-09-17 15:43:17.166000,409.1742398913842,99
2024-09-17 15:43:17.201000,409.1718515990109,995
2024-09-17 15:43:17.260000,409.1977496853083,96
2024-09-17 15:43:17.295000,409.1642835224256,95
2024-09-17 15:43:17.323000,409.204524286926,10
2024-09-17 15:43:17.371000,409.2030366165496,7
2024-09-17 15:43:17.399000,409.1909392225781,103
2024-09-17 15:43:17.403000,409.17420301950585,1001
2024-09-17 15:43:17.459000,409.1590410777076,995
2024-09-17 15:43:17.516000,409.1845887578862,5
2024-09-17 15:43:17.533000,409.20917086352,104
2024-09-17 15:43:17.540000,409.1894024473683,995
2024-09-17 15:43:17.635000,409.1588161769756,998
2024-09-17 15:43:17.713000,409.1829095940368,15
2024-09-17 15:43:17.729000,409.1669380994988,97
2024-09-17 15:43:17.744000,409.1942110524768,97
2024-09-17 15:43:17.755000,409.1557199954162,96
2024-09-17 15:43:17.846000,409.2148436720012,1004
2024-09-17 15:43:17.857000,409.1701740372581,102
2024-09-17 15:43:17.861000,409.1708424434837,996
2024-09-17 15:43:18.013000,409.2212527240994,13
2024-09-17 15:43:18.091000,409.2323328402409,7
2024-09-17 15:43:18.128000,409.2262889747816,11
2024-09-17 15:43:18.358000,409.2186564997428,1004
2024-09-17 15:43:18.489000,409.1978240021121,99
2024-09-17 15:43:18.511000,409.1959458080746,995
2024-09-17 15:43:18.641000,409.2065830944161,103
2024-09-17 15:43:18.760000,409.1764004278735,995
2024-09-17 15:43:18.765000,409.2292663429535,97
2024-09-17 15:43:18.870000,409.17998917248696,10
2024-09-17 15:43:18.872000,409.2250568358862,5
2024-09-17 15:43:18.887000,409.1886190851782,1003
2024-09-17 15:43:18.902000,416.56745412868025,103
2024-09-17 15:43:19.028000,409.21971548056575,1005
2024-09-17 15:43:19.048000,409.1644284683297,9
2024-09-17 15:43:19.105000,409.1679149262939,99
2024-09-17 15:43:19.110000,409.1872290026936,996
2024-09-17 15:43:19.128000,409.1902038861021,996
2024-09-17 15:43:19.180000,409.1898717242518,9
2024-09-17 15:43:19.240000,409.1746495321125,11
2024-09-17 15:43:19.272000,409.1558070411952,101
2024-09-17 15:43:19.350000,409.2032456976077,996
2024-09-17 15:43:19.409000,409.177126927029,1001
2024-09-17 15:43:19.428000,409.15074851211847,11
2024-09-17 15:43:19.526000,409.1996544036436,995
2024-09-17 15:43:19.544000,409.1923940742666,13
2024-09-17 15:43:19.575000,409.203764472044,104
2024-09-17 15:43:19.603000,409.197806289473,104
2024-09-17 15:43:19.604000,409.1971149118074,8
2024-09-17 15:43:19.654000,409.1639169464823,95
2024-09-17 15:43:19.665000,409.1459196719316,7
2024-09-17 15:43:19.811000,409.2025318918479,997
2024-09-17 15:43:19.840000,409.1707635993728,98
2024-09-17 15:43:19.942000,409.1749749178842,15
2024-09-17 15:43:20.036000,409.169949026566,102
2024-09-17 15:43:20.039000,409.1696564178748,5
2024-09-17 15:43:20.049000,409.159899646527,98
2024-09-17 15:43:20.067000,409.1685936822738,1005
2024-09-17 15:43:20.180000,409.1648186303729,9
2024-09-17 15:43:20.292000,409.1949935859444,9
2024-09-17 15:43:20.303000,409.14826552762014,102
2024-09-17 15:43:20.499000,409.1673635633012,7
2024-09-17 15:43:20.532000,409.1724886614296,10
2024-09-17 15:43:20.568000,409.17477625546286,999
2024-09-17 15:43:20.665000,409.168466128907,99
2024-09-17 15:43:20.673000,409.1821000902162,11
2024-09-17 15:43:20.685000,409.179248111714,996
2024-09-17 15:43:20.697000,409.197751124416,96
2024-09-17 15:43:20.773000,409.1559303415521,11
2024-09-17 15:43:20.822000,409.1490471906927,105
2024-09-17 15:43:20.828000,409.2160245192385,95
2024-09-17 15:43:20.853000,409.1961894004337,99
2024-09-17 15:43:20.889000,409.1814396403681,11
2024-09-17 15:43:20.906000,409.18338931444384,6
2024-09-17 15:43:20.954000,409.1633685753573,102
2024-09-17 15:43:21.013000,409.19308082330514,995
2024-09-17 15:43:21.064000,409.17799129734,100
2024-09-17 15:43:21.297000,409.2182405475817,14
2024-09-17 15:43:21.441000,409.2045392409226,1004
2024-09-17 15:43:21.486000,409.2125213624012,95
2024-09-17 15:43:21.528000,409.2147088419371,96
2024-09-17 15:43:21.625000,409.2122786826533,1000
2024-09-17 15:43:21.649000,409.18290203708045,1003
2024-09-17 15:43:21.702000,409.1898958601822,15
2024-09-17 15:43:21.711000,409.19890580373664,14
2024-09-17 15:43:21.749000,409.19807868443297,999
2024-09-17 15:43:21.964000,409.20533462295344,997
2024-09-17 15:43:21.969000,409.1798633585215,96
2024-09-17 15:43:22.026000,409.23169000825067,96
2024-09-17 15:43:22.037000,409.2351413179065,96
2024-09-17 15:43:22.070000,409.2394526219572,98
2024-09-17 15:43:22.270000,409.2048249100762,998
2024-09-17 15:43:22.270000,416.7413341257533,6
2024-09-17 15:43:22.328000,409.2410765122245,1003
2024-09-17 15:43:22.340000,409.20620104040336,997
2024-09-17 15:43:22.477000,409.2193965285449,100
2024-09-17 15:43:22.489000,409.2591321455254,97
2024-09-17 15:43:22.552000,409.22886685242565,101
2024-09-17 15:43:22.601000,409.2231127063455,9
2024-09-17 15:43:22.693000,409.2198869846709,15
2024-09-17 15:43:22.713000,409.2415550057518,14
2024-09-17 15:43:22.722000,409.2375426318785,15
2024-09-17 15:43:22.730000,409.2123136464571,12
2024-09-17 15:43:22.743000,409.2346770748433,1002
2024-09-17 15:43:22.755000,409.2287750634781,97
2024-09-17 15:43:22.859000,409.2397635144464,9
2024-09-17 15:43:22.907000,409.2248459857945,95
2024-09-17 15:43:22.909000,409.2313433195257,996
2024-09-17 15:43:22.995000,409.2002536535431,13
2024-09-17 15:43:23.042000,409.2690969238776,1005
2024-09-17 15:43:23.153000,409.2099822574716,14
2024-09-17 15:43:23.250000,409.2363291843851,97
2024-09-17 15:43:23.303000,409.2192448802872,97
2024-09-17 15:43:23.488000,409.267706890011,96
2024-09-17 15:43:23.512000,409.1939522323544,7
2024-09-17 15:43:23.705000,409.2445827029116,98
2024-09-17 15:43:23.726000,409.2543058782789,10
2024-09-17 15:43:23.755000,409.2194558505875,6
2024-09-17 15:43:23.830000,409.2366325886453,5
2024-09-17 15:43:23.982000,409.2521417001496,8
2024-09-17 15:43:24.345000,409.2496816110858,6
2024-09-17 15:43:24.423000,409.23544325017264,999
2024-09-17 15:43:24.463000,409.2357282746384,15
2024-09-17 15:43:24.540000,409.227250282355,98
2024-09-17 15:43:24.581000,409.2343503372247,997
2024-09-17 15:43:24.629000,409.2627689197288,101
2024-09-17 15:43:24.681000,409.2395990927625,104
2024-09-17 15:43:24.924000,409.2701730748727,7
2024-09-17 15:43:24.955000,409.2353862262668,1004
2024-09-17 15:43:25.262000,416.7633059412351,98
2024-09-17 15:43:26.051000,409.2570000119208,101
2024-09-17 15:43:26.052000,409.2524072236192,8
2024-09-17 15:43:26.093000,409.27739254927405,12
2024-09-17 15:43:26.148000,409.24896866179,1001
2024-09-17 15:43:26.198000,409.25880847194543,11
2024-09-17 15:43:26.211000,409.2045113080362,14
2024-09-17 15:43:26.276000,409.2648521199857,1001
2024-09-17 15:43:26.306000,409.2526531298543,1000
2024-09-17 15:43:26.311000,409.2275654947149,103
2024-09-17 15:43:26.347000,409.2260565704913,998
2024-09-17 15:43:26.442000,409.2691739225643,997
2024-09-17 15:43:26.443000,409.245105086244,5
2024-09-17 15:43:26.537000,409.2714400566064,95
2024-09-17 15:43:26.587000,409.2713433646516,105
2024-09-17 15:43:26.601000,409.22548223040775,104
2024-09-17 15:43:26.669000,409.2346956398652,9
2024-09-17 15:43:26.678000,409.2494514162949,1002
2024-09-17 15:43:26.726000,409.2459116895116,997
2024-09-17 15:43:26.732000,409.2312622033512,15
2024-09-17 15:43:26.759000,409.2487445698271,15
2024-09-17 15:43:26.839000,409.26323605920845,7
2024-09-17 15:43:26.906000,409.2242328032444,1005
2024-09-17 15:43:26.985000,409.259881074924,1000
2024-09-17 15:43:27.007000,409.2609856571304,996
2024-09-17 15:43:27.127000,409.2768127238537,14
2024-09-17 15:43:28.015000,409.2603585190937,1002
2024-09-17 15:43:28.072000,409.2871494249788,102
2024-09-17 15:43:28.134000,409.26332722700215,995
2024-09-17 15:43:28.213000,409.27319520472406,9
2024-09-17 15:43:28.235000,409.2787398449436,1004
2024-09-17 15:43:28.236000,409.2836776210953,96
2024-09-17 15:43:28.424000,409.2632180048295,1005
2024-09-17 15:43:28.450000,409.278386682644,15
2024-09-17 15:43:28.733000,409.28055592319936,13
2024-09-17 15:43:28.746000,409.2768707721021,1005
2024-09-17 15:43:28.854000,409.2769117160002,12
2024-09-17 15:43:29.020000,409.2962350039786,13
2024-09-17 15:43:29.329000,409.3139727134314,995
2024-09-17 15:43:29.491000,409.31932428809694,12
2024-09-17 15:43:29.565000,409.3362622383649,95
2024-09-17 15:43:29.725000,409.3573295108566,996
2024-09-17 15:43:29.821000,409.3096850262876,13
2024-09-17 15:43:29.916000,409.35297435664376,6
2024-09-17 15:43:29.950000,409.3167309172892,6
2024-09-17 15:43:31.065000,409.3957657880304,15
2024-09-17 15:43:31.077000,409.4045814264144,1004
2024-09-17 15:43:31.083000,409.4082516832617,98
2024-09-17 15:43:31.224000,409.4118034318889,995
2024-09-17 15:43:31.265000,409.3589754081995,997
2024-09-17 15:43:31.271000,409.3670149127327,1003
2024-09-17 15:43:31.398000,409.3958042992314,98
2024-09-17 15:43:31.502000,409.416903994193,95
2024-09-17 15:43:31.535000,409.4140425472936,1001
2024-09-17 15:43:31.624000,409.3595120040182,100
2024-09-17 15:43:31.652000,409.3906237594056,101
2024-09-17 15:43:31.725000,409.38443110496377,95
2024-09-17 15:43:31.950000,409.40004402907743,100
2024-09-17 15:43:32.030000,409.3629588085601,999
2024-09-17 15:43:32.399000,409.34744379781625,104
2024-09-17 15:43:32.854000,409.3502879345624,97
2024-09-17 15:43:32.860000,409.36660664807766,997
2024-09-17 15:43:33.377000,409.359573383562,100
2024-09-17 15:43:34.157000,409.3805889748151,10
2024-09-17 15:43:34.203000,409.3573469107397,7
2024-09-17 15:43:34.543000,409.3688648219164,5
2024-09-17 15:43:34.595000,409.37333010316456,12
2024-09-17 15:43:34.635000,409.3647761123494,9
2024-09-17 15:43:34.697000,409.390645850104,13
2024-09-17 15:43:34.731000,409.35098523452245,7
2024-09-17 15:43:34.744000,409.3633572915648,105
2024-09-17 15:43:34.785000,409.36723752459767,15
2024-09-17 15:43:34.956000,409.3619709187639,1001
2024-09-17 15:43:34.971000,409.3629929851099,105
2024-09-17 15:43:35.132000,409.3919727449348,995
2024-09-17 15:43:35.436000,409.380657996253,6
2024-09-17 15:43:35.440000,409.3767349990146,98
2024-09-17 15:43:35.515000,409.3537094327495,10
2024-09-17 15:43:35.539000,409.3588156571558,1005
2024-09-17 15:43:35.573000,409.392982221131,995
2024-09-17 15:43:35.580000,409.3816549835962,12
2024-09-17 15:43:35.713000,409.3760984571669,1004
2024-09-17 15:43:35.903000,409.36970425312654,7
2024-09-17 15:43:35.926000,409.39684987273193,998
2024-09-17 15:43:35.972000,409.35486150196334,10
2024-09-17 15:43:36.014000,409.3948954472036,103
2024-09-17 15:43:36.053000,409.376244422714,7
2024-09-17 15:43:36.113000,409.3731776447525,996
2024-09-17 15:43:36.121000,409.3478891619979,105
2024-09-17 15:43:36.145000,409.37054730757706,14
2024-09-17 15:43:36.189000,409.36705272954,13
2024-09-17 15:43:36.252000,409.362599023677,9
2024-09-17 15:43:36.280000,409.3749165545501,1004
2024-09-17 15:43:36.299000,409.3723972258827,5
2024-09-17 15:43:36.359000,409.374123384232,8
2024-09-17 15:43:36.388000,409.3579107697986,5
2024-09-17 15:43:36.399000,409.3370813418812,1001
2024-09-17 15:43:36.421000,409.3163556896369,999
2024-09-17 15:43:36.487000,409.3429194635916,100
2024-09-17 15:43:36.498000,409.34039318028925,6
2024-09-17 15:43:36.515000,409.3705309478169,8
2024-09-17 15:43:36.524000,409.3537676607513,997
2024-09-17 15:43:36.538000,409.362689536016,12
2024-09-17 15:43:36.554000,409.3184307652854,11
2024-09-17 15:43:36.634000,409.3525448552941,95
2024-09-17 15:43:36.658000,409.31508604318986,998
2024-09-17 15:43:36.666000,409.3566539719745,103
2024-09-17 15:43:36.689000,409.3544461099461,96
2024-09-17 15:43:36.816000,409.3462041752903,105
2024-09-17 15:43:36.851000,409.36613799604135,101
2024-09-17 15:43:36.944000,409.33977498372514,105
2024-09-17 15:43:36.954000,409.33242396024434,1000
2024-09-17 15:43:36.968000,409.3579923452863,104
2024-09-17 15:43:37.066000,409.24949160335535,105
2024-09-17 15:43:37.087000,409.307608009335,95
2024-09-17 15:43:37.109000,409.3451394076533,996
2024-09-17 15:43:37.224000,409.27372237989465,99
2024-09-17 15:43:37.321000,409.30052305880247,1003
2024-09-17 15:43:37.355000,409.3429882923809,96
2024-09-17 15:43:37.413000,409.3362565285608,1005
2024-09-17 15:43:37.445000,409.3085420098171,1001
2024-09-17 15:43:37.470000,409.3516479369424,9
2024-09-17 15:43:37.504000,409.32854733505553,11
2024-09-17 15:43:37.506000,409.26568576624,101
2024-09-17 15:43:37.578000,409.2748203191076,98
2024-09-17 15:43:37.610000,409.2917241784841,103
2024-09-17 15:43:37.611000,409.2931424338484,1004
2024-09-17 15:43:37.715000,409.3190734587431,1005
2024-09-17 15:43:37.718000,409.2571241175367,103
2024-09-17 15:43:37.782000,409.3534062731088,999
2024-09-17 15:43:37.900000,409.296460086481,10
2024-09-17 15:43:37.919000,409.2835777509597,1004
2024-09-17 15:43:37.935000,409.3377958584588,103
2024-09-17 15:43:38.029000,409.2833041955572,5
2024-09-17 15:43:38.178000,409.2900380011069,104
2024-09-17 15:43:38.206000,409.2908621532215,1002
2024-09-17 15:43:38.716000,409.28848842364505,104
2024-09-17 15:43:38.931000,409.2915233488707,999
2024-09-17 15:43:38.966000,409.2902507351131,995
2024-09-17 15:43:40.763000,409.28289571441246,12
2024-09-17 15:43:40.827000,409.28209795161615,1004
2024-09-17 15:43:41.091000,409.2688135150592,998
2024-09-17 15:43:41.265000,409.2613208137186,12
2024-09-17 15:43:41.321000,409.2712065640505,99
2024-09-17 15:43:41.385000,409.2498294318922,997
2024-09-17 15:43:41.544000,409.2597014263358,15
2024-09-17 15:43:41.589000,409.2553664166935,11
2024-09-17 15:43:41.728000,409.2797942479778,996
2024-09-17 15:43:41.760000,409.2784390325371,1003
2024-09-17 15:43:41.905000,409.2864881702856,7
2024-09-17 15:43:41.979000,409.2777601753828,1005
2024-09-17 15:43:42.053000,409.2501810206512,14
2024-09-17 15:43:42.086000,409.2710882532501,10
2024-09-17 15:43:42.121000,409.27475496389656,104
2024-09-17 15:43:42.184000,409.2783878301042,98
2024-09-17 15:43:42.195000,409.2781515381823,7
2024-09-17 15:43:42.202000,409.24603334333153,11
2024-09-17 15:43:42.245000,409.2766991714436,1003
2024-09-17 15:43:42.341000,409.2715152789164,1002
2024-09-17 15:43:42.506000,409.2718417331855,5
2024-09-17 15:43:42.668000,409.25132593009937,99
2024-09-17 15:43:42.739000,409.2698481172096,98
2024-09-17 15:43:42.838000,409.2814420733175,1005
2024-09-17 15:43:43.147000,409.287834596417,8
2024-09-17 15:43:43.232000,409.3113984577274,996
2024-09-17 15:43:43.290000,409.3393343116966,95
2024-09-17 15:43:43.329000,409.34589236201896,98
2024-09-17 15:43:43.381000,409.3404639581761,95
2024-09-17 15:43:43.530000,409.2797323035201,15
2024-09-17 15:43:43.542000,416.676471592105,1000
2024-09-17 15:43:43.574000,409.275063693826,996
2024-09-17 15:43:43.590000,409.3454988321169,97
2024-09-17 15:43:43.591000,409.3389483933743,95
2024-09-17 15:43:43.593000,409.34175282952793,1004
2024-09-17 15:43:43.614000,409.32450361452976,14
2024-09-17 15:43:43.625000,409.3441443591884,1004
2024-09-17 15:43:43.643000,409.3333899566613,1001
2024-09-17 15:43:43.708000,409.2592281149239,5
2024-09-17 15:43:43.784000,409.3517142235117,8
2024-09-17 15:43:43.803000,409.33803722554205,99
2024-09-17 15:43:43.851000,409.32594558626585,995
2024-09-17 15:43:43.894000,409.27687018045583,103
2024-09-17 15:43:44.003000,409.3802308601278,5
2024-09-17 15:43:44.040000,409.36212327455576,996
2024-09-17 15:43:44.043000,409.35649970215127,11
2024-09-17 15:43:44.077000,409.3582536785623,99
2024-09-17 15:43:44.209000,409.33706992599394,15
2024-09-17 15:43:44.285000,409.3751180884824,996
2024-09-17 15:43:44.308000,409.36960532643343,1001
2024-09-17 15:43:44.374000,409.37534016003656,100
2024-09-17 15:43:44.410000,409.3568763821167,14
2024-09-17 15:43:44.680000,409.34174573025416,102
2024-09-17 15:43:44.726000,409.37861561053296,1003
2024-09-17 15:43:44.738000,409.3453780230929,1003
2024-09-17 15:43:44.751000,409.341491807433,105
2024-09-17 15:43:44.787000,409.36901005154186,1003
2024-09-17 15:43:44.791000,409.3708589977432,999
2024-09-17 15:43:44.859000,409.3395062115061,103
2024-09-17 15:43:44.895000,409.3429466124496,998
2024-09-17 15:43:44.897000,409.3692583882246,105
2024-09-17 15:43:44.900000,409.3685037751889,1005
2024-09-17 15:43:44.909000,409.3632835586097,997
2024-09-17 15:43:44.985000,409.367755688355,100
2024-09-17 15:43:45.013000,409.3878503091819,96
2024-09-17 15:43:45.099000,409.40875347845474,7
2024-09-17 15:43:45.255000,409.41797715590656,11
2024-09-17 15:43:45.467000,409.3991428941283,995
2024-09-17 15:43:45.780000,409.4001907002522,8
2024-09-17 15:43:45.808000,409.4039489843594,6
2024-09-17 15:43:45.813000,409.39452742484536,997
2024-09-17 15:43:45.895000,409.38437458393975,1003
2024-09-17 15:43:45.905000,409.3770670902579,12
2024-09-17 15:43:46.081000,409.3608983617433,7
2024-09-17 15:43:46.140000,409.37596594120834,98
2024-09-17 15:43:46.154000,409.3642098891157,995
2024-09-17 15:43:46.169000,409.3757656709578,98
2024-09-17 15:43:46.193000,409.3844709976216,97
2024-09-17 15:43:46.282000,409.3598837801905,11
2024-09-17 15:43:46.465000,409.38793410233984,105
2024-09-17 15:43:46.485000,409.3690198510232,1005
2024-09-17 15:43:46.715000,409.3766378301874,100
2024-09-17 15:43:46.725000,409.37761985438,1003
2024-09-17 15:43:46.732000,409.3755807467498,103
2024-09-17 15:43:46.747000,409.36644860385,98
2024-09-17 15:43:46.779000,409.37988880899536,996
2024-09-17 15:43:46.870000,409.3715453525875,95
2024-09-17 15:43:46.897000,416.582913321592,102
2024-09-17 15:43:46.932000,409.3640774726522,1001
2024-09-17 15:43:46.971000,409.3693610096597,105
2024-09-17 15:43:46.975000,409.3775476144178,102
2024-09-17 15:43:47.023000,409.3791478955658,998
2024-09-17 15:43:47.789000,416.5583293213468,101
2024-09-17 15:43:47.816000,409.3855342053462,5
2024-09-17 15:43:47.964000,409.36914629232894,8
2024-09-17 15:43:48.011000,409.3883798675885,9
2024-09-17 15:43:48.052000,409.415974778689,997
2024-09-17 15:43:48.055000,409.4309711775909,995
2024-09-17 15:43:48.077000,409.3976916681985,998
2024-09-17 15:43:48.087000,409.4108834257091,105
2024-09-17 15:43:48.143000,409.4184080141721,1004
2024-09-17 15:43:48.179000,409.4130687048265,8
2024-09-17 15:43:48.234000,409.4042244661392,997
2024-09-17 15:43:48.250000,409.4044418804113,997
2024-09-17 15:43:48.269000,409.391053706174,1004
2024-09-17 15:43:48.283000,409.4120306219213,6
2024-09-17 15:43:48.305000,409.4272633282675,1000
2024-09-17 15:43:48.432000,409.3996350480188,104
2024-09-17 15:43:48.666000,409.3968508458851,1003
2024-09-17 15:43:48.691000,409.3794826733138,1002
2024-09-17 15:43:48.698000,409.4253625800496,98
2024-09-17 15:43:48.734000,409.39381126428015,5
2024-09-17 15:43:48.840000,409.3953190977931,96
2024-09-17 15:43:48.942000,409.421855183896,999
2024-09-17 15:43:48.961000,409.38635534638456,999
2024-09-17 15:43:48.976000,409.4200437200036,995
2024-09-17 15:43:49.661000,409.38500034487777,100
2024-09-17 15:43:49.799000,409.3948598330274,103
2024-09-17 15:43:49.926000,409.3977820220941,13
2024-09-17 15:43:49.986000,409.3927075245645,15
2024-09-17 15:43:50.015000,409.34252635238295,101
2024-09-17 15:43:50.244000,409.4018211000742,13
2024-09-17 15:43:50.292000,409.3383112557593,98
2024-09-17 15:43:50.321000,409.34807245070334,997
2024-09-17 15:43:50.396000,409.3510319417688,996
2024-09-17 15:43:50.513000,409.36654233656,1005
2024-09-17 15:43:50.676000,409.3534556841997,9
2024-09-17 15:43:50.902000,409.3616765505117,15
2024-09-17 15:43:50.914000,409.397561303051,97
2024-09-17 15:43:51.041000,409.3261164451408,995
2024-09-17 15:43:51.128000,409.305542962282,15
2024-09-17 15:43:51.136000,409.33150801045525,1001
2024-09-17 15:43:51.193000,409.3131182151967,1000
2024-09-17 15:43:51.195000,409.32521655399336,96
2024-09-17 15:43:51.803000,409.3298332358187,6
2024-09-17 15:43:51.843000,409.321840469437,1002
2024-09-17 15:43:51.988000,409.32748939268464,10
2024-09-17 15:43:52.044000,409.3653234068134,5
2024-09-17 15:43:52.119000,409.3499525632371,998
2024-09-17 15:43:52.250000,409.3469455786479,9
2024-09-17 15:43:52.362000,409.33306479498793,1000
2024-09-17 15:43:52.442000,409.35062682643047,997
2024-09-17 15:43:52.603000,409.34900002821183,996
2024-09-17 15:43:52.663000,409.3458310528936,1003
2024-09-17 15:43:52.672000,409.3193240713118,1003
2024-09-17 15:43:52.679000,409.3438532875359,1005
2024-09-17 15:43:52.815000,409.3829011282019,96
2024-09-17 15:43:52.842000,409.36662029373366,12
2024-09-17 15:43:52.881000,409.3511779576054,997
2024-09-17 15:43:53.033000,409.418945867025,1001
2024-09-17 15:43:53.109000,409.3703208091522,102
2024-09-17 15:43:53.112000,409.4391122721729,1000
2024-09-17 15:43:53.133000,409.3966073609132,6
2024-09-17 15:43:53.138000,409.380731560223,11
2024-09-17 15:43:53.163000,409.4074444288856,1004
2024-09-17 15:43:53.269000,409.3938767942108,997
2024-09-17 15:43:53.438000,409.37152822266745,8
2024-09-17 15:43:53.451000,409.3616629918381,1002
2024-09-17 15:43:53.464000,409.3582997692611,104
2024-09-17 15:43:53.514000,409.3473240181461,11
2024-09-17 15:43:53.560000,409.4003826551909,996
2024-09-17 15:43:53.564000,409.3633828791265,95
2024-09-17 15:43:53.629000,409.36359362379545,998
2024-09-17 15:43:53.696000,409.35642753027946,12
2024-09-17 15:43:53.756000,409.4083904346547,6
2024-09-17 15:43:53.775000,409.3901987215677,15
2024-09-17 15:43:53.813000,409.4118890640447,1002
2024-09-17 15:43:53.861000,409.4065074188184,13
2024-09-17 15:43:53.878000,409.3974824449017,998
2024-09-17 15:43:53.905000,409.409946396781,97
2024-09-17 15:43:53.908000,409.4031523687788,10
2024-09-17 15:43:53.913000,409.3520298098293,105
2024-09-17 15:43:53.926000,409.4088425624458,95
2024-09-17 15:43:53.959000,409.4143180305851,15
2024-09-17 15:43:54.020000,409.3992504145856,1004
2024-09-17 15:43:54.121000,409.3745885424192,14
2024-09-17 15:43:54.171000,409.4112270086822,99
2024-09-17 15:43:54.264000,409.389288622051,101
2024-09-17 15:43:54.307000,409.3772704651543,6
2024-09-17 15:43:54.391000,409.4144508616811,101
2024-09-17 15:43:54.396000,409.41823451085446,1005
2024-09-17 15:43:54.434000,409.3952674537051,15
2024-09-17 15:43:54.438000,409.37747166813534,100
2024-09-17 15:43:54.505000,409.40976032200285,100
2024-09-17 15:43:54.536000,409.3989513805845,997
2024-09-17 15:43:54.634000,409.4251773726361,10
2024-09-17 15:43:54.714000,409.4177838245372,12
2024-09-17 15:43:54.741000,409.3878335624337,102
2024-09-17 15:43:54.796000,409.3623781477981,6
2024-09-17 15:43:54.832000,409.3946001500725,97
2024-09-17 15:43:55.049000,409.3989668907194,14
2024-09-17 15:43:55.112000,409.3756817011298,997
2024-09-17 15:43:55.130000,409.3803822306176,1002
2024-09-17 15:43:55.358000,409.37320184834346,998
2024-09-17 15:43:55.368000,409.4209056151793,97
2024-09-17 15:43:55.471000,409.3969695074865,9
2024-09-17 15:43:55.521000,409.37502025124735,100
2024-09-17 15:43:55.544000,409.4540355159295,7
2024-09-17 15:43:55.672000,409.4167589342168,7
2024-09-17 15:43:55.706000,409.4322968209998,102
2024-09-17 15:43:55.911000,409.4182567843128,1002
2024-09-17 15:43:55.915000,409.4453462250909,12
2024-09-17 15:43:55.964000,409.43099888246087,1001
2024-09-17 15:43:55.990000,409.4205771585315,10
2024-09-17 15:43:56.023000,409.33917684289287,96
2024-09-17 15:43:56.039000,409.35286832120727,96
2024-09-17 15:43:56.077000,409.3511144083408,995
2024-09-17 15:43:56.192000,409.3707733468825,1005
2024-09-17 15:43:56.281000,409.381380112289,1000
2024-09-17 15:43:56.483000,409.3709345126563,7
2024-09-17 15:43:56.536000,409.3653394675357,10
2024-09-17 15:43:56.782000,409.3131507665737,1002
2024-09-17 15:43:56.818000,409.33153124822354,13
2024-09-17 15:43:56.895000,409.33268090328505,105
2024-09-17 15:43:57.018000,409.3103885936464,10
2024-09-17 15:43:57.038000,409.3348950033212,97
2024-09-17 15:43:57.110000,409.3112982630647,101
2024-09-17 15:43:57.130000,409.3254651391459,10
2024-09-17 15:43:57.161000,409.3487227330074,14
2024-09-17 15:43:57.289000,409.3294094474865,1000
2024-09-17 15:43:57.323000,409.3205744493188,15
2024-09-17 15:43:57.353000,409.3112449533276,11
2024-09-17 15:43:57.380000,409.321311270745,100
2024-09-17 15:43:57.405000,409.30711879273866,995
2024-09-17 15:43:57.454000,409.3154378693636,996
2024-09-17 15:43:57.618000,409.3103663756764,11
2024-09-17 15:43:57.620000,409.32805194343945,14
2024-09-17 15:43:57.649000,409.33450631153926,97
2024-09-17 15:43:57.712000,409.3173265753984,6
2024-09-17 15:43:57.756000,409.3081929477241,1004
2024-09-17 15:43:57.826000,409.3032638951552,95
2024-09-17 15:43:57.934000,409.3307160869535,1002
2024-09-17 15:43:57.997000,409.3261168317146,1002
2024-09-17 15:43:58.181000,409.36314715088736,5
2024-09-17 15:43:58.411000,409.33541471829017,997
2024-09-17 15:43:58.526000,409.3271777963677,102
2024-09-17 15:43:58.644000,409.3581138678287,997
2024-09-17 15:43:58.671000,409.34275389557934,104
2024-09-17 15:43:58.713000,409.333213240153,5
2024-09-17 15:43:58.740000,409.3395012141183,5
2024-09-17 15:43:58.826000,409.3435971888774,1003
2024-09-17 15:43:58.877000,409.37433887664406,1004
