Timestamp,Price,Size
2024-09-17 13:40:00.012000,401.0594582564598,999
2024-09-17 13:40:00.062000,401.0932368316115,5
2024-09-17 13:40:00.082000,401.0900120193917,995
2024-09-17 13:40:00.206000,401.0730459717294,13
2024-09-17 13:40:00.212000,401.1158895932657,102
2024-09-17 13:40:00.218000,401.10313566275056,102
2024-09-17 13:40:00.232000,401.0560045741729,997
2024-09-17 13:40:00.243000,401.10768953344177,6
2024-09-17 13:40:00.260000,401.13011400199247,97
2024-09-17 13:40:00.308000,401.08054806318,1004
2024-09-17 13:40:00.310000,401.07758188137,6
2024-09-17 13:40:00.319000,401.140935065713,995
2024-09-17 13:40:00.342000,401.0643345716014,7
2024-09-17 13:40:00.347000,401.1287566971918,5
2024-09-17 13:40:00.367000,401.0904492693304,10
2024-09-17 13:40:00.419000,401.0592704549938,997
2024-09-17 13:40:00.503000,401.13163431198114,102
2024-09-17 13:40:00.510000,401.0962113483847,8
2024-09-17 13:40:00.526000,401.0918724036704,105
2024-09-17 13:40:00.782000,401.0641074427159,101
2024-09-17 13:40:00.825000,401.06216592445617,1002
2024-09-17 13:40:00.865000,401.08078574326254,998
2024-09-17 13:40:00.880000,401.0969556142163,9
2024-09-17 13:40:00.902000,401.08553729480815,7
2024-09-17 13:40:00.904000,401.11550112195295,1002
2024-09-17 13:40:00.939000,401.0924598523858,1002
2024-09-17 13:40:00.973000,401.0934739611416,95
2024-09-17 13:40:00.996000,401.089422226675,997
2024-09-17 13:40:01.010000,401.07860930702464,12
2024-09-17 13:40:01.223000,401.0995727182684,104
2024-09-17 13:40:01.324000,401.07016385985656,96
2024-09-17 13:40:01.360000,401.0966535088213,995
2024-09-17 13:40:01.639000,401.0938314914568,1003
2024-09-17 13:40:01.837000,401.0661662681598,98
2024-09-17 13:40:01.874000,401.0858085585693,103
2024-09-17 13:40:01.894000,401.0835600066552,10
2024-09-17 13:40:02.034000,401.1053753038001,1003
2024-09-17 13:40:02.039000,401.0971717443272,13
2024-09-17 13:40:02.113000,401.1177051186487,997
2024-09-17 13:40:02.140000,401.10952737056783,1003
2024-09-17 13:40:02.236000,401.0881057092376,13
2024-09-17 13:40:02.285000,401.1180836981507,9
2024-09-17 13:40:02.335000,401.1015990814465,995
2024-09-17 13:40:02.382000,401.0982696028235,102
2024-09-17 13:40:02.521000,401.1245065933948,1003
2024-09-17 13:40:02.611000,401.07468121544537,9
2024-09-17 13:40:02.643000,401.111379813719,11
2024-09-17 13:40:02.671000,401.0844402374227,14
2024-09-17 13:40:02.743000,401.129344769384,13
2024-09-17 13:40:02.743000,401.0955724664743,996
2024-09-17 13:40:02.769000,401.112184183776,995
2024-09-17 13:40:02.784000,401.0714880475323,99
2024-09-17 13:40:02.806000,401.1221066336068,12
2024-09-17 13:40:02.846000,401.0986914333933,1000
2024-09-17 13:40:02.887000,401.1178465218592,104
2024-09-17 13:40:03.396000,401.1418702591469,1001
2024-09-17 13:40:03.411000,401.1309622010584,98
2024-09-17 13:40:03.915000,401.1449614733833,10
2024-09-17 13:40:04.865000,401.13967749143234,1002
2024-09-17 13:40:05.041000,401.0983932270933,103
2024-09-17 13:40:05.095000,401.0975956015,1000
2024-09-17 13:40:05.110000,401.0997421035063,98
2024-09-17 13:40:05.126000,401.1070378228937,1000
2024-09-17 13:40:05.152000,401.0999755743805,97
2024-09-17 13:40:05.173000,401.0975853152272,1003
2024-09-17 13:40:05.210000,401.1025262171564,104
2024-09-17 13:40:05.224000,401.0961037870051,1001
2024-09-17 13:40:05.231000,401.0966088380046,104
2024-09-17 13:40:05.260000,401.11348526482095,997
2024-09-17 13:40:05.296000,401.1020757434972,101
2024-09-17 13:40:05.327000,401.0952685244378,96
2024-09-17 13:40:05.347000,401.1018588688475,95
2024-09-17 13:40:05.355000,401.07846134598645,15
2024-09-17 13:40:05.425000,401.09331862899086,103
2024-09-17 13:40:05.494000,401.1228741881264,104
2024-09-17 13:40:05.501000,401.1324095954791,999
2024-09-17 13:40:05.510000,401.1477382806014,9
2024-09-17 13:40:05.518000,401.1524774589104,7
2024-09-17 13:40:05.533000,401.0925707359066,12
2024-09-17 13:40:05.590000,401.0825564864722,10
2024-09-17 13:40:05.626000,401.1078692650794,98
2024-09-17 13:40:05.628000,401.1358200152147,100
2024-09-17 13:40:05.676000,401.0859725835096,11
2024-09-17 13:40:05.691000,401.1262214644562,103
2024-09-17 13:40:05.829000,401.09460200035977,5
2024-09-17 13:40:05.990000,401.1105121125869,105
2024-09-17 13:40:06.021000,401.1542207469372,1004
2024-09-17 13:40:06.382000,401.1599553784872,102
2024-09-17 13:40:06.501000,401.1606801021304,998
2024-09-17 13:40:06.724000,401.1412703927661,100
2024-09-17 13:40:06.757000,401.1477492334152,97
2024-09-17 13:40:06.842000,401.1561453357566,95
2024-09-17 13:40:06.951000,401.14915111618205,101
2024-09-17 13:40:06.971000,401.14315171311057,97
2024-09-17 13:40:07.234000,401.0803607882034,9
2024-09-17 13:40:07.289000,401.0597967545834,1002
2024-09-17 13:40:07.346000,401.0740654468135,11
2024-09-17 13:40:07.415000,401.0833260865065,102
2024-09-17 13:40:07.488000,401.1317284772352,1000
2024-09-17 13:40:07.520000,401.12075543037975,1002
2024-09-17 13:40:07.544000,401.128730098992,100
2024-09-17 13:40:07.559000,401.0910509230612,996
2024-09-17 13:40:07.573000,401.1342965931718,13
2024-09-17 13:40:07.584000,401.14069683469984,6
2024-09-17 13:40:07.638000,401.1119028828618,1004
2024-09-17 13:40:07.660000,401.0730628156902,100
2024-09-17 13:40:07.665000,401.0473608324023,101
2024-09-17 13:40:07.675000,401.0531376334,99
2024-09-17 13:40:07.724000,401.0799762616708,10
2024-09-17 13:40:07.737000,401.1327021615338,98
2024-09-17 13:40:07.756000,401.0424852703247,13
2024-09-17 13:40:07.840000,401.1106253275993,102
2024-09-17 13:40:07.921000,401.09946700711936,14
2024-09-17 13:40:07.946000,401.1186850283887,96
2024-09-17 13:40:08.014000,401.07221082887503,1004
2024-09-17 13:40:08.035000,401.0862044498177,100
2024-09-17 13:40:08.061000,401.06016294496,15
2024-09-17 13:40:08.078000,401.0315736233529,995
2024-09-17 13:40:08.121000,401.0722860617539,999
2024-09-17 13:40:08.154000,401.0259531924885,1003
2024-09-17 13:40:08.162000,401.0644024832898,97
2024-09-17 13:40:08.184000,401.0575040496195,5
2024-09-17 13:40:08.251000,401.0412264867021,101
2024-09-17 13:40:08.293000,401.07940926899926,996
2024-09-17 13:40:08.329000,401.0276000963026,100
2024-09-17 13:40:08.347000,401.0868464318265,996
2024-09-17 13:40:08.363000,401.0430699178726,1000
2024-09-17 13:40:08.390000,401.0651517496507,7
2024-09-17 13:40:08.402000,401.0473170753564,103
2024-09-17 13:40:08.419000,401.0685144194007,105
2024-09-17 13:40:08.482000,401.055696775437,997
2024-09-17 13:40:08.603000,401.0241335288789,13
2024-09-17 13:40:08.620000,401.07940436548114,98
2024-09-17 13:40:08.624000,401.0727382645746,12
2024-09-17 13:40:08.665000,401.07128272367504,101
2024-09-17 13:40:08.670000,401.0869225398996,100
2024-09-17 13:40:08.744000,401.0410864439355,10
2024-09-17 13:40:08.763000,401.0926465263097,105
2024-09-17 13:40:08.775000,401.06663705490456,1002
2024-09-17 13:40:08.780000,401.1011064525997,1000
2024-09-17 13:40:08.816000,401.0501447240448,10
2024-09-17 13:40:08.838000,401.062053331473,15
2024-09-17 13:40:08.857000,401.0882607412549,105
2024-09-17 13:40:08.942000,401.0606104368496,997
2024-09-17 13:40:09.019000,401.0583059483221,97
2024-09-17 13:40:09.032000,401.0626024634101,99
2024-09-17 13:40:09.081000,401.0172582016328,14
2024-09-17 13:40:09.137000,401.0387174494634,998
2024-09-17 13:40:09.303000,401.0547752515244,7
2024-09-17 13:40:09.308000,401.0196915319352,95
2024-09-17 13:40:09.321000,401.0285889301592,6
2024-09-17 13:40:09.329000,401.019506890323,1005
2024-09-17 13:40:09.344000,401.06980994759874,15
2024-09-17 13:40:09.402000,401.0560308596512,1001
2024-09-17 13:40:09.412000,401.0067821138532,1003
2024-09-17 13:40:09.421000,401.0679945004628,996
2024-09-17 13:40:09.489000,401.01974994073305,999
2024-09-17 13:40:09.529000,401.0147493359781,102
2024-09-17 13:40:09.579000,401.0241708669605,101
2024-09-17 13:40:09.619000,401.0532398632193,997
2024-09-17 13:40:09.638000,401.0463747115466,996
2024-09-17 13:40:09.651000,401.0319664876624,1005
2024-09-17 13:40:09.706000,401.022743097273,1000
2024-09-17 13:40:09.711000,401.0243608680544,997
2024-09-17 13:40:09.726000,401.0337627480771,5
2024-09-17 13:40:09.748000,401.056972637453,100
2024-09-17 13:40:09.874000,401.0225012179498,14
2024-09-17 13:40:10.069000,401.0023158462968,996
2024-09-17 13:40:10.566000,401.00455882853873,14
2024-09-17 13:40:10.659000,401.01082704735023,6
2024-09-17 13:40:10.864000,400.99048401715686,99
2024-09-17 13:40:11.236000,400.960893257968,13
2024-09-17 13:40:11.239000,400.99330749535073,997
2024-09-17 13:40:11.846000,401.00235041569374,1000
2024-09-17 13:40:12.037000,400.9593634877557,1002
2024-09-17 13:40:12.047000,400.9706985737249,1002
2024-09-17 13:40:12.051000,401.016550659437,997
2024-09-17 13:40:12.134000,401.0126153199998,10
2024-09-17 13:40:12.183000,400.9536656187703,15
2024-09-17 13:40:12.191000,401.0102723146367,97
2024-09-17 13:40:12.206000,401.01063142648366,15
2024-09-17 13:40:12.206000,400.9759802423835,102
2024-09-17 13:40:12.348000,401.016155758059,11
2024-09-17 13:40:12.393000,401.0316137690995,5
2024-09-17 13:40:12.427000,401.0121050496858,1002
2024-09-17 13:40:12.446000,401.0103781961945,102
2024-09-17 13:40:12.498000,400.9471123235825,99
2024-09-17 13:40:12.581000,401.015923763508,95
2024-09-17 13:40:12.688000,400.9996726309753,100
2024-09-17 13:40:12.690000,400.9697029609115,1000
2024-09-17 13:40:12.736000,401.0089327591421,12
2024-09-17 13:40:12.777000,401.0294273714076,104
2024-09-17 13:40:12.795000,400.99393510634826,103
2024-09-17 13:40:12.852000,400.96538614960303,1004
2024-09-17 13:40:12.882000,401.0149396028799,104
2024-09-17 13:40:13.108000,401.0275559677781,996
2024-09-17 13:40:13.317000,401.04225152607086,995
2024-09-17 13:40:13.446000,401.0351252091694,1000
2024-09-17 13:40:13.774000,401.0414932030105,997
2024-09-17 13:40:14.020000,401.0896983162106,102
2024-09-17 13:40:14.040000,401.0245987351769,1004
2024-09-17 13:40:14.099000,401.0994756683624,5
2024-09-17 13:40:14.119000,401.04560611201225,100
2024-09-17 13:40:14.134000,401.0709790154295,11
2024-09-17 13:40:14.174000,401.0822326335928,99
2024-09-17 13:40:14.221000,401.1066989726947,102
2024-09-17 13:40:14.249000,401.07468964336266,98
2024-09-17 13:40:14.267000,401.0872378441007,11
2024-09-17 13:40:14.271000,401.1005549104455,95
2024-09-17 13:40:14.358000,401.0414106308219,96
2024-09-17 13:40:14.440000,401.0823311507736,8
2024-09-17 13:40:14.531000,401.02468019127656,103
2024-09-17 13:40:14.539000,401.1072269829976,104
2024-09-17 13:40:14.698000,401.031360345376,999
2024-09-17 13:40:14.713000,401.0587079401827,105
2024-09-17 13:40:14.723000,401.10301872439766,12
2024-09-17 13:40:14.775000,401.0984639327764,8
2024-09-17 13:40:14.794000,401.0304580884854,999
2024-09-17 13:40:14.796000,401.02196372576975,1000
2024-09-17 13:40:14.887000,401.08266614261726,95
2024-09-17 13:40:14.896000,401.0844153433363,998
2024-09-17 13:40:14.921000,401.1039229579618,95
2024-09-17 13:40:15.037000,401.0915209118839,14
2024-09-17 13:40:15.116000,401.0956796865398,999
2024-09-17 13:40:15.185000,401.04927348185805,999
2024-09-17 13:40:15.208000,401.07852399981056,105
2024-09-17 13:40:15.243000,401.0545056506107,14
2024-09-17 13:40:15.269000,401.0508383678799,6
2024-09-17 13:40:15.270000,401.0895953192415,95
2024-09-17 13:40:15.312000,401.0575235051047,999
2024-09-17 13:40:15.385000,401.0729476869665,1004
2024-09-17 13:40:15.397000,401.0809013404306,997
2024-09-17 13:40:15.453000,401.044469250767,1001
2024-09-17 13:40:15.484000,401.0518207016086,102
2024-09-17 13:40:15.607000,401.0626866123177,10
2024-09-17 13:40:15.627000,401.0417792747188,11
2024-09-17 13:40:15.633000,401.0531733528466,12
2024-09-17 13:40:15.708000,401.0483906485141,13
2024-09-17 13:40:15.745000,401.0788104235641,9
2024-09-17 13:40:15.761000,401.0575096926008,7
2024-09-17 13:40:15.847000,401.0394043706442,8
2024-09-17 13:40:15.866000,401.0762812173352,8
2024-09-17 13:40:15.869000,401.0636266955597,103
2024-09-17 13:40:15.991000,401.0380046735722,98
2024-09-17 13:40:16.085000,401.0435128854904,98
2024-09-17 13:40:16.102000,401.0473942337693,96
2024-09-17 13:40:16.166000,401.025225778646,105
2024-09-17 13:40:16.228000,401.06311739277817,102
2024-09-17 13:40:16.253000,401.0612829223188,100
2024-09-17 13:40:16.261000,401.0619210185488,995
2024-09-17 13:40:16.298000,401.05196450923086,13
2024-09-17 13:40:16.299000,401.06776422947553,997
2024-09-17 13:40:16.320000,401.0772777723409,995
2024-09-17 13:40:16.333000,401.0644696799976,101
2024-09-17 13:40:16.340000,401.0695243271399,1005
2024-09-17 13:40:16.341000,401.04968401582255,96
2024-09-17 13:40:16.341000,401.0387248089512,996
2024-09-17 13:40:16.357000,401.0867135007501,15
2024-09-17 13:40:16.365000,401.0607250713261,99
2024-09-17 13:40:16.384000,401.0645866746569,9
2024-09-17 13:40:16.393000,401.0211348684381,998
2024-09-17 13:40:16.450000,401.0278846408419,105
2024-09-17 13:40:16.485000,401.0582444884849,999
2024-09-17 13:40:16.494000,401.0449424818712,6
2024-09-17 13:40:16.508000,401.06394010539145,10
2024-09-17 13:40:16.561000,401.0285107924119,995
2024-09-17 13:40:16.584000,401.0453938031218,1005
2024-09-17 13:40:16.701000,401.0194394822229,5
2024-09-17 13:40:16.703000,401.03141345763,10
2024-09-17 13:40:16.768000,401.04811142079865,100
2024-09-17 13:40:16.801000,401.05182744073335,101
2024-09-17 13:40:16.883000,401.0522121580302,1001
2024-09-17 13:40:17,400.9787126801285,11
2024-09-17 13:40:17.006000,401.0247453980104,5
2024-09-17 13:40:17.031000,401.0020833582076,9
2024-09-17 13:40:17.138000,401.02537841319145,997
2024-09-17 13:40:17.230000,401.00394286515456,1003
2024-09-17 13:40:17.291000,401.0152996198272,995
2024-09-17 13:40:17.336000,401.0177916685535,14
2024-09-17 13:40:17.475000,401.0347322081786,101
2024-09-17 13:40:17.539000,401.03221786604126,96
2024-09-17 13:40:17.850000,400.9864129937479,1003
2024-09-17 13:40:17.879000,400.9973037493477,12
2024-09-17 13:40:17.931000,400.9782255228305,95
2024-09-17 13:40:17.961000,401.0254467355401,10
2024-09-17 13:40:17.968000,401.02253743377736,999
2024-09-17 13:40:17.981000,400.99894416162346,1005
2024-09-17 13:40:18.050000,401.06858165681416,997
2024-09-17 13:40:18.192000,401.0348928743169,1000
2024-09-17 13:40:18.243000,401.029239399992,14
2024-09-17 13:40:18.251000,401.061519011448,1004
2024-09-17 13:40:18.261000,401.0381237304571,10
2024-09-17 13:40:18.387000,401.0154423104334,1003
2024-09-17 13:40:18.545000,401.03271388554793,95
2024-09-17 13:40:18.617000,401.0410357922128,999
2024-09-17 13:40:18.750000,401.0372289717857,102
2024-09-17 13:40:18.755000,401.029751477234,105
2024-09-17 13:40:18.889000,401.0622333879874,103
2024-09-17 13:40:18.906000,401.0208487992269,98
2024-09-17 13:40:19.056000,401.08932906069214,96
2024-09-17 13:40:19.097000,401.0355160710416,11
2024-09-17 13:40:19.103000,401.0336838625217,104
2024-09-17 13:40:19.164000,401.0801785677048,96
2024-09-17 13:40:19.179000,401.0766335025219,7
2024-09-17 13:40:19.261000,401.05327594732455,998
2024-09-17 13:40:19.303000,401.0392266049432,1005
2024-09-17 13:40:19.311000,401.0765597223917,95
2024-09-17 13:40:19.344000,401.087765907068,996
2024-09-17 13:40:19.350000,401.0508258463682,13
2024-09-17 13:40:19.403000,401.0677214090889,14
2024-09-17 13:40:19.427000,401.0489401352856,1001
2024-09-17 13:40:19.430000,401.0508690271124,1004
2024-09-17 13:40:19.438000,401.0666262011927,1003
2024-09-17 13:40:19.439000,401.0472680581611,15
2024-09-17 13:40:19.477000,401.08843807963865,100
2024-09-17 13:40:19.478000,401.1023333029499,104
2024-09-17 13:40:19.495000,401.0289117269739,1001
2024-09-17 13:40:19.627000,401.04553710946726,6
2024-09-17 13:40:19.666000,401.0706270786298,1002
2024-09-17 13:40:19.689000,401.10409649282406,1005
2024-09-17 13:40:19.706000,401.0575603580808,102
2024-09-17 13:40:19.716000,401.0621599054653,10
2024-09-17 13:40:19.781000,401.0925851384872,1000
2024-09-17 13:40:19.803000,401.0863202169427,96
2024-09-17 13:40:19.821000,401.0502030482539,101
2024-09-17 13:40:19.836000,401.076975122785,6
2024-09-17 13:40:19.865000,401.03203322235225,105
2024-09-17 13:40:19.910000,401.0484549651754,101
2024-09-17 13:40:19.916000,401.1132405184638,105
2024-09-17 13:40:20.030000,401.0788025169945,102
2024-09-17 13:40:20.652000,401.0738906329234,97
2024-09-17 13:40:20.783000,401.0791949074318,5
2024-09-17 13:40:20.786000,401.0802816899641,1001
2024-09-17 13:40:21.041000,401.06375275434783,96
2024-09-17 13:40:21.075000,401.07519629112585,13
2024-09-17 13:40:21.085000,401.0288022975096,100
2024-09-17 13:40:21.201000,401.0386959128695,7
2024-09-17 13:40:21.255000,401.04337008545326,1003
2024-09-17 13:40:21.356000,401.03866672599,95
2024-09-17 13:40:21.364000,401.0770920379832,105
2024-09-17 13:40:21.385000,401.08566119037806,99
2024-09-17 13:40:21.458000,401.05330415011287,103
2024-09-17 13:40:21.486000,401.057618792221,11
2024-09-17 13:40:21.498000,401.0500832725317,101
2024-09-17 13:40:21.516000,401.0771792140926,98
2024-09-17 13:40:21.531000,401.0710735173227,95
2024-09-17 13:40:21.562000,401.0575466066663,6
2024-09-17 13:40:21.671000,401.05643137693886,1002
2024-09-17 13:40:21.690000,401.0694323703252,999
2024-09-17 13:40:21.761000,401.0368567813285,14
2024-09-17 13:40:21.818000,401.0623279903398,13
2024-09-17 13:40:21.839000,401.0841633732255,997
2024-09-17 13:40:21.845000,401.0684312284472,100
2024-09-17 13:40:21.921000,401.0707255934392,11
2024-09-17 13:40:21.925000,401.036928314995,105
2024-09-17 13:40:21.977000,401.0639550636218,1001
2024-09-17 13:40:22.049000,401.07136474652646,96
2024-09-17 13:40:22.084000,401.0811169234551,101
2024-09-17 13:40:22.170000,401.0986100696576,996
2024-09-17 13:40:22.172000,401.0948729556089,9
2024-09-17 13:40:22.182000,401.0821985767814,95
2024-09-17 13:40:22.218000,401.0842672692688,97
2024-09-17 13:40:22.228000,401.0817825391181,95
2024-09-17 13:40:22.298000,401.0593252202504,99
2024-09-17 13:40:22.332000,401.0377350220394,8
2024-09-17 13:40:22.372000,401.0829044964714,997
2024-09-17 13:40:22.413000,401.06972155695365,102
2024-09-17 13:40:22.421000,401.02205808994495,15
2024-09-17 13:40:22.510000,401.0462989392574,103
2024-09-17 13:40:22.518000,401.0974800530923,13
2024-09-17 13:40:22.537000,401.0317670600947,102
2024-09-17 13:40:22.601000,401.0308510514864,10
2024-09-17 13:40:22.647000,401.0728980587413,97
2024-09-17 13:40:22.652000,401.0264621385434,15
2024-09-17 13:40:22.685000,401.05694994765054,996
2024-09-17 13:40:22.733000,401.0204144289795,995
2024-09-17 13:40:22.765000,401.0858384550682,103
2024-09-17 13:40:22.901000,401.023732832729,95
2024-09-17 13:40:22.943000,401.0880378936865,8
2024-09-17 13:40:23.023000,400.9906180185887,999
2024-09-17 13:40:23.045000,401.03180269571146,104
2024-09-17 13:40:23.080000,401.0417943574443,1004
2024-09-17 13:40:23.107000,401.0143774983165,1002
2024-09-17 13:40:23.113000,401.0070366321186,995
2024-09-17 13:40:23.163000,400.9967059822697,6
2024-09-17 13:40:23.265000,401.0119985186532,96
2024-09-17 13:40:23.447000,401.0105393510891,7
2024-09-17 13:40:23.460000,400.9779252471835,12
2024-09-17 13:40:23.529000,401.04435004883766,12
2024-09-17 13:40:23.603000,401.02815280304566,997
2024-09-17 13:40:23.694000,401.0203083547888,103
2024-09-17 13:40:23.771000,401.0108489006018,13
2024-09-17 13:40:23.781000,401.0249435271596,99
2024-09-17 13:40:23.826000,401.0353277766592,1005
2024-09-17 13:40:23.915000,400.9782768373846,100
2024-09-17 13:40:23.940000,401.007363312266,7
2024-09-17 13:40:24.046000,401.0062901500485,1001
2024-09-17 13:40:24.096000,400.9868507168073,98
2024-09-17 13:40:24.097000,400.9637028052019,101
2024-09-17 13:40:24.179000,401.0767014792392,10
2024-09-17 13:40:24.224000,401.07539163913947,102
2024-09-17 13:40:24.285000,401.01588417918833,102
2024-09-17 13:40:24.365000,400.9638598728821,12
2024-09-17 13:40:24.515000,400.9711434972734,105
2024-09-17 13:40:24.526000,401.0747688914091,100
2024-09-17 13:40:24.590000,401.00249602941705,95
2024-09-17 13:40:24.592000,401.0851764478987,14
2024-09-17 13:40:24.596000,401.0227619572148,6
2024-09-17 13:40:24.656000,400.9899986943888,97
2024-09-17 13:40:24.720000,401.0579448440329,13
2024-09-17 13:40:24.750000,400.97897002997735,102
2024-09-17 13:40:24.776000,401.05544913749713,102
2024-09-17 13:40:24.801000,401.0147667409324,14
2024-09-17 13:40:24.887000,400.9491535086578,101
2024-09-17 13:40:24.892000,400.9933614874377,10
2024-09-17 13:40:24.897000,401.0330908781508,98
2024-09-17 13:40:24.937000,401.0745998086495,997
2024-09-17 13:40:24.974000,400.9851110881995,1001
2024-09-17 13:40:25.316000,401.0980050548421,8
2024-09-17 13:40:25.602000,401.1052953702856,99
2024-09-17 13:40:26.009000,401.03979023695854,103
2024-09-17 13:40:26.099000,401.0313005069464,1003
2024-09-17 13:40:26.126000,401.035839015995,995
2024-09-17 13:40:26.129000,401.10333533722246,12
2024-09-17 13:40:26.142000,401.040738660913,999
2024-09-17 13:40:26.143000,401.0405811975306,98
2024-09-17 13:40:26.154000,401.0556351882423,103
2024-09-17 13:40:26.161000,401.0353841604759,105
2024-09-17 13:40:26.183000,401.08646317879976,15
2024-09-17 13:40:26.203000,401.02650465806687,12
2024-09-17 13:40:26.302000,401.0544343076992,996
2024-09-17 13:40:26.374000,401.0642346224224,999
2024-09-17 13:40:26.388000,401.1084675963448,14
2024-09-17 13:40:26.420000,401.0333180750064,104
2024-09-17 13:40:26.433000,401.097722168809,1002
2024-09-17 13:40:26.511000,401.09867113487,1002
2024-09-17 13:40:26.572000,401.0939057095599,1004
2024-09-17 13:40:26.582000,401.0446244381854,5
2024-09-17 13:40:26.595000,401.0137307464608,8
2024-09-17 13:40:26.628000,401.0786452686618,6
2024-09-17 13:40:26.672000,401.054999339489,100
2024-09-17 13:40:26.713000,401.082408323661,14
2024-09-17 13:40:26.757000,401.09147217823255,1001
2024-09-17 13:40:26.768000,401.064760775545,97
2024-09-17 13:40:26.779000,401.07605616083913,1004
2024-09-17 13:40:26.861000,401.0498546892799,105
2024-09-17 13:40:26.886000,401.0943845838743,15
2024-09-17 13:40:26.887000,401.1048464050346,14
2024-09-17 13:40:26.932000,401.04186086949215,103
2024-09-17 13:40:26.957000,401.09126687027737,5
2024-09-17 13:40:27,400.9751979189926,97
2024-09-17 13:40:27.061000,401.01305675546587,997
2024-09-17 13:40:27.085000,400.9821225152277,98
2024-09-17 13:40:27.109000,400.96095254129074,1004
2024-09-17 13:40:27.207000,401.0126388324306,104
2024-09-17 13:40:27.284000,400.9982913791609,98
2024-09-17 13:40:27.422000,400.9817325171235,9
2024-09-17 13:40:27.485000,400.9919912273807,997
2024-09-17 13:40:27.510000,401.0137947536494,997
2024-09-17 13:40:27.515000,400.9898066945036,8
2024-09-17 13:40:27.521000,400.9835560081068,14
2024-09-17 13:40:27.531000,400.99675000522456,99
2024-09-17 13:40:27.585000,400.9925929263261,104
2024-09-17 13:40:27.619000,400.9999907461988,1005
2024-09-17 13:40:27.638000,400.9904266353619,999
2024-09-17 13:40:27.833000,400.9847782544509,99
2024-09-17 13:40:27.834000,401.0003723377304,10
2024-09-17 13:40:27.866000,400.9971782938872,15
2024-09-17 13:40:27.870000,400.9894154877891,103
2024-09-17 13:40:27.904000,400.99575422464505,10
2024-09-17 13:40:28.197000,400.9060026945656,7
2024-09-17 13:40:28.266000,400.9447794592685,98
2024-09-17 13:40:28.331000,400.9375505128299,1001
2024-09-17 13:40:28.396000,400.918879042708,8
2024-09-17 13:40:28.400000,400.9112418894222,1000
2024-09-17 13:40:28.414000,400.89592105355234,6
2024-09-17 13:40:28.602000,400.90070597010026,12
2024-09-17 13:40:28.615000,400.9122191491885,8
2024-09-17 13:40:28.627000,400.9652911957021,103
2024-09-17 13:40:28.679000,400.9038274513235,6
2024-09-17 13:40:28.688000,400.960668390045,1000
2024-09-17 13:40:28.707000,400.913463228951,12
2024-09-17 13:40:28.744000,400.9546333523523,104
2024-09-17 13:40:28.753000,400.8998122574424,95
2024-09-17 13:40:28.855000,400.9083749871458,10
2024-09-17 13:40:28.904000,400.96161274845446,97
2024-09-17 13:40:29.091000,400.9129629801092,102
2024-09-17 13:40:29.122000,400.8962643289663,104
2024-09-17 13:40:29.673000,400.9179164336613,998
2024-09-17 13:40:29.756000,400.9109298172581,103
2024-09-17 13:40:29.792000,400.91015373055046,6
2024-09-17 13:40:30.226000,400.8863873262361,103
2024-09-17 13:40:30.701000,400.8767508768597,996
2024-09-17 13:40:30.777000,400.8874906892485,997
2024-09-17 13:40:30.830000,400.8634338648757,997
2024-09-17 13:40:30.951000,400.8842829254068,105
2024-09-17 13:40:31.034000,400.8942700044758,96
2024-09-17 13:40:31.098000,400.89717746155617,1003
2024-09-17 13:40:31.161000,400.8938058863295,1002
2024-09-17 13:40:31.191000,400.92009975553833,12
2024-09-17 13:40:31.194000,400.88591129165474,13
2024-09-17 13:40:31.202000,400.90833913946506,10
2024-09-17 13:40:31.211000,400.8982812562868,15
2024-09-17 13:40:31.294000,400.8897651225843,996
2024-09-17 13:40:31.336000,400.897676298592,996
2024-09-17 13:40:31.347000,400.879981642064,1003
2024-09-17 13:40:31.408000,400.9171103698357,999
2024-09-17 13:40:31.417000,400.8923189154261,13
2024-09-17 13:40:31.456000,400.9109373873585,1002
2024-09-17 13:40:31.510000,400.9042217516784,9
2024-09-17 13:40:31.544000,400.91146708601633,8
2024-09-17 13:40:31.576000,400.92332906635966,95
2024-09-17 13:40:31.592000,400.9083951682525,103
2024-09-17 13:40:31.674000,400.9134692641869,6
2024-09-17 13:40:31.693000,400.8907002582232,13
2024-09-17 13:40:31.736000,400.8835025939191,95
2024-09-17 13:40:31.743000,400.878097270908,999
2024-09-17 13:40:31.974000,400.8783383071725,1000
2024-09-17 13:40:32.174000,400.9043501730381,998
2024-09-17 13:40:32.357000,400.9032930150457,95
2024-09-17 13:40:32.567000,400.9051604095927,6
2024-09-17 13:40:33.128000,400.86540347212537,96
2024-09-17 13:40:33.154000,400.8700568369047,15
2024-09-17 13:40:33.157000,400.84912692949945,5
2024-09-17 13:40:33.164000,400.9003975682104,100
2024-09-17 13:40:33.198000,400.8545685868242,101
2024-09-17 13:40:33.199000,400.8915475243309,1002
2024-09-17 13:40:33.224000,400.8853522712815,100
2024-09-17 13:40:33.273000,400.851729940802,9
2024-09-17 13:40:33.368000,400.87941584813257,8
2024-09-17 13:40:33.382000,400.8833919814351,95
2024-09-17 13:40:33.405000,400.88826570950425,97
2024-09-17 13:40:33.452000,400.89481368229536,99
2024-09-17 13:40:33.566000,400.906419528199,996
2024-09-17 13:40:33.568000,400.8546574351165,998
2024-09-17 13:40:33.582000,400.84709065163247,8
2024-09-17 13:40:33.623000,400.8815007706009,95
2024-09-17 13:40:33.646000,400.8537233565967,12
2024-09-17 13:40:33.651000,400.9129576195696,996
2024-09-17 13:40:33.658000,400.8699939049708,1005
2024-09-17 13:40:33.662000,400.8471845256522,998
2024-09-17 13:40:33.773000,400.8728617204269,8
2024-09-17 13:40:33.794000,400.8550912947955,13
2024-09-17 13:40:33.839000,400.90281340304426,102
2024-09-17 13:40:33.855000,400.8886010241621,98
2024-09-17 13:40:33.862000,400.8769336886307,7
2024-09-17 13:40:33.923000,400.8450717718722,998
2024-09-17 13:40:33.931000,400.8927546620701,15
2024-09-17 13:40:33.970000,400.8840295067131,102
2024-09-17 13:40:33.971000,400.8474738412677,14
2024-09-17 13:40:35.003000,400.9063066394232,6
2024-09-17 13:40:35.027000,400.92760189336127,998
2024-09-17 13:40:35.070000,400.9560366653552,1004
2024-09-17 13:40:35.103000,400.9244494005441,1003
2024-09-17 13:40:35.104000,400.8778389656521,99
2024-09-17 13:40:35.110000,400.9354082067528,96
2024-09-17 13:40:35.116000,400.8816237182162,103
2024-09-17 13:40:35.129000,400.9853684457877,6
2024-09-17 13:40:35.158000,400.9175126663615,102
2024-09-17 13:40:35.370000,400.9196097748152,101
2024-09-17 13:40:35.438000,400.95379167231965,5
2024-09-17 13:40:35.455000,400.9516078833379,11
2024-09-17 13:40:35.463000,400.8830788563813,1005
2024-09-17 13:40:35.481000,400.8828023886742,10
2024-09-17 13:40:35.493000,400.8951214067189,13
2024-09-17 13:40:35.518000,400.9685882954759,98
2024-09-17 13:40:35.545000,400.9481566468471,7
2024-09-17 13:40:35.609000,400.9767311023997,1002
2024-09-17 13:40:35.611000,400.9142481008264,1001
2024-09-17 13:40:35.669000,400.9048783675198,15
2024-09-17 13:40:35.675000,400.9001688048609,99
2024-09-17 13:40:35.681000,400.8858688224425,15
2024-09-17 13:40:35.701000,400.9288244446268,12
2024-09-17 13:40:35.745000,400.976202282104,1000
2024-09-17 13:40:35.752000,400.8829902426534,998
2024-09-17 13:40:35.944000,400.8720054634,103
2024-09-17 13:40:35.948000,400.9517859442343,998
2024-09-17 13:40:35.950000,400.89742562815616,104
2024-09-17 13:40:35.955000,400.8864830445698,996
2024-09-17 13:40:35.987000,400.9711305871524,998
2024-09-17 13:40:36.020000,400.983465706842,999
2024-09-17 13:40:36.067000,400.9855826760588,6
2024-09-17 13:40:36.258000,400.9528021892872,95
2024-09-17 13:40:36.650000,400.9875050327612,105
2024-09-17 13:40:36.705000,400.98325822541136,95
2024-09-17 13:40:36.741000,400.9773202849555,998
2024-09-17 13:40:36.841000,400.9836050557154,95
2024-09-17 13:40:37.006000,401.0069477496058,995
2024-09-17 13:40:37.072000,401.0012455660236,12
2024-09-17 13:40:37.077000,401.00469712504895,100
2024-09-17 13:40:37.089000,401.00535588240894,995
2024-09-17 13:40:37.092000,400.9878558384593,15
2024-09-17 13:40:37.100000,400.9862683280473,997
2024-09-17 13:40:37.126000,401.0280455329252,101
2024-09-17 13:40:37.128000,401.0091377331992,98
2024-09-17 13:40:37.202000,400.9968340178418,998
2024-09-17 13:40:37.210000,400.9924657875387,1001
2024-09-17 13:40:37.242000,400.9686964018928,998
2024-09-17 13:40:37.260000,400.97139493983406,96
2024-09-17 13:40:37.336000,400.9732250167596,997
2024-09-17 13:40:37.478000,400.99379367529616,15
2024-09-17 13:40:37.653000,400.9784251606603,5
2024-09-17 13:40:37.659000,401.03978928016505,1003
2024-09-17 13:40:37.677000,400.9783548881063,100
2024-09-17 13:40:37.699000,400.9829499066821,6
2024-09-17 13:40:37.784000,401.0224887000975,1000
2024-09-17 13:40:37.829000,400.98529292882847,15
2024-09-17 13:40:37.861000,400.9828615544217,103
2024-09-17 13:40:37.892000,400.97259917480943,104
2024-09-17 13:40:37.916000,401.0085271438476,100
2024-09-17 13:40:37.959000,400.9866986379615,997
2024-09-17 13:40:38,401.0315418422737,104
2024-09-17 13:40:38.085000,401.055655201404,101
2024-09-17 13:40:38.094000,401.0647129341992,102
2024-09-17 13:40:38.178000,401.03012027960506,13
2024-09-17 13:40:38.204000,401.0484361639528,998
2024-09-17 13:40:38.222000,401.0301944954418,1004
2024-09-17 13:40:38.243000,401.0647427347649,999
2024-09-17 13:40:38.268000,401.0654743592946,103
2024-09-17 13:40:38.315000,401.0663885856994,14
2024-09-17 13:40:38.331000,401.0179053399602,999
2024-09-17 13:40:38.364000,401.0652704645124,100
2024-09-17 13:40:38.393000,401.0427325870459,11
2024-09-17 13:40:38.478000,401.0334509448859,100
2024-09-17 13:40:38.603000,401.04200082916327,998
2024-09-17 13:40:38.626000,401.0557199459363,9
2024-09-17 13:40:38.628000,401.04954175725055,1002
2024-09-17 13:40:38.671000,401.0545244393637,98
2024-09-17 13:40:38.724000,401.067575504033,98
2024-09-17 13:40:38.861000,401.04720913735184,6
2024-09-17 13:40:38.871000,401.0591611172711,99
2024-09-17 13:40:38.946000,401.0441813482717,13
2024-09-17 13:40:38.967000,401.0154829090547,997
2024-09-17 13:40:38.978000,401.0654861540874,99
2024-09-17 13:40:40.096000,401.0576991413563,11
2024-09-17 13:40:40.116000,401.12220652893205,104
2024-09-17 13:40:40.122000,401.1322771187297,998
2024-09-17 13:40:40.206000,401.1370255506727,996
2024-09-17 13:40:40.211000,401.1285524582492,11
2024-09-17 13:40:40.225000,401.1329246504364,105
2024-09-17 13:40:40.229000,401.1120695576989,105
2024-09-17 13:40:40.263000,401.1381198102336,12
2024-09-17 13:40:40.331000,401.1298308045447,15
2024-09-17 13:40:40.400000,401.1229890298825,995
2024-09-17 13:40:40.401000,401.1240784941352,997
2024-09-17 13:40:40.431000,401.1261165807972,7
2024-09-17 13:40:40.497000,401.1135332226711,998
2024-09-17 13:40:40.506000,401.1402411087047,996
2024-09-17 13:40:40.630000,401.08067311416784,12
2024-09-17 13:40:40.649000,401.1154832718293,999
2024-09-17 13:40:40.670000,401.1280962779472,96
2024-09-17 13:40:40.757000,401.0700717200533,998
2024-09-17 13:40:40.837000,401.0964367860016,95
2024-09-17 13:40:40.990000,401.1201758319917,998
2024-09-17 13:40:41.035000,401.1437496759337,103
2024-09-17 13:40:41.123000,401.1453738263892,97
2024-09-17 13:40:41.183000,401.19942150951937,105
2024-09-17 13:40:41.257000,401.1581276906688,5
2024-09-17 13:40:41.275000,401.14644272637895,13
2024-09-17 13:40:41.281000,401.209752875258,104
2024-09-17 13:40:41.290000,401.1889683376296,995
2024-09-17 13:40:41.302000,401.1635141019497,98
2024-09-17 13:40:41.304000,401.17895572856986,1000
2024-09-17 13:40:41.347000,401.21630125296974,995
2024-09-17 13:40:41.376000,401.2063113492286,999
2024-09-17 13:40:41.393000,401.2070482035715,96
2024-09-17 13:40:41.428000,401.1623604616836,1002
2024-09-17 13:40:41.466000,401.1482764457821,998
2024-09-17 13:40:41.492000,401.1935986522722,97
2024-09-17 13:40:41.497000,401.1480344549535,7
2024-09-17 13:40:41.548000,401.1362202745841,1004
2024-09-17 13:40:41.573000,401.2122404130548,9
2024-09-17 13:40:41.612000,401.19597780241,997
2024-09-17 13:40:41.699000,401.15857579021394,7
2024-09-17 13:40:41.843000,401.1844323625415,95
2024-09-17 13:40:41.856000,401.2001183871295,95
2024-09-17 13:40:41.867000,401.1646475541621,15
2024-09-17 13:40:41.938000,401.1628875756964,101
2024-09-17 13:40:41.953000,401.17896987145167,104
2024-09-17 13:40:41.976000,401.177485412391,997
2024-09-17 13:40:41.984000,401.1851143629115,1004
2024-09-17 13:40:42.225000,401.177563146008,98
2024-09-17 13:40:42.331000,401.18033831514447,102
2024-09-17 13:40:42.812000,401.18311541331,13
2024-09-17 13:40:42.848000,401.1761094442904,102
2024-09-17 13:40:42.919000,401.1897599635862,998
2024-09-17 13:40:43.005000,401.15867522315887,5
2024-09-17 13:40:43.017000,401.17936203798655,96
2024-09-17 13:40:43.131000,401.1505817502403,8
2024-09-17 13:40:43.226000,401.1681140378468,15
2024-09-17 13:40:43.243000,401.1490794758736,104
2024-09-17 13:40:43.274000,401.16280557994094,105
2024-09-17 13:40:43.424000,401.1389134143062,100
2024-09-17 13:40:43.491000,401.1489204325965,14
2024-09-17 13:40:43.516000,401.14523498012153,1005
2024-09-17 13:40:43.529000,401.1442635257997,1004
2024-09-17 13:40:43.571000,401.1502860959298,999
2024-09-17 13:40:43.587000,401.14699799491785,96
2024-09-17 13:40:43.621000,401.15503710486087,105
2024-09-17 13:40:43.681000,401.1606888007951,995
2024-09-17 13:40:43.822000,401.14488006207455,14
2024-09-17 13:40:43.834000,401.1683749122927,102
2024-09-17 13:40:43.856000,401.1711262666082,14
2024-09-17 13:40:43.902000,401.16548658762616,1003
2024-09-17 13:40:43.946000,401.1567209056453,100
2024-09-17 13:40:44.280000,401.1516742629957,101
2024-09-17 13:40:44.374000,401.161590930046,1000
2024-09-17 13:40:44.388000,401.1578839347488,14
2024-09-17 13:40:44.410000,401.168733069302,97
2024-09-17 13:40:44.446000,401.1862622974765,1005
2024-09-17 13:40:44.461000,401.19776649562857,999
2024-09-17 13:40:44.497000,401.1553561712868,1003
2024-09-17 13:40:44.546000,401.15756598936906,5
2024-09-17 13:40:44.682000,401.1630536782199,998
2024-09-17 13:40:44.712000,401.1577202201525,999
2024-09-17 13:40:44.844000,401.1694022315257,5
2024-09-17 13:40:44.885000,401.173580091193,99
2024-09-17 13:40:44.971000,401.157464219312,6
2024-09-17 13:40:45.064000,401.1599938722287,97
2024-09-17 13:40:45.157000,401.12872966933134,996
2024-09-17 13:40:45.162000,401.1482884086647,1000
2024-09-17 13:40:45.473000,401.1545811482163,103
2024-09-17 13:40:45.603000,401.13337456726447,997
2024-09-17 13:40:45.621000,401.1442441045394,95
2024-09-17 13:40:45.819000,401.1254597158571,999
2024-09-17 13:40:45.848000,401.1603651821146,15
2024-09-17 13:40:45.912000,401.1648747434683,996
2024-09-17 13:40:45.968000,401.1458499462635,1004
2024-09-17 13:40:46.463000,401.1338341513942,95
2024-09-17 13:40:47.026000,401.0947404540647,104
2024-09-17 13:40:47.045000,401.14773800717273,97
2024-09-17 13:40:47.047000,401.1297972522117,5
2024-09-17 13:40:47.100000,401.1259561305786,95
2024-09-17 13:40:47.226000,401.1378029397377,95
2024-09-17 13:40:47.294000,401.1232170753671,1005
2024-09-17 13:40:47.351000,401.1065007341496,96
2024-09-17 13:40:47.356000,401.12360704853575,1002
2024-09-17 13:40:47.364000,401.1309626124855,14
2024-09-17 13:40:47.466000,401.1346004237722,12
2024-09-17 13:40:47.496000,401.132401484226,104
2024-09-17 13:40:47.498000,401.1258589155531,995
2024-09-17 13:40:47.500000,401.1239000816591,999
2024-09-17 13:40:47.532000,401.1286792961231,15
2024-09-17 13:40:47.599000,401.14766159775314,6
2024-09-17 13:40:47.601000,401.1287471877221,1001
2024-09-17 13:40:47.676000,401.1238346879608,104
2024-09-17 13:40:47.683000,401.1091698391031,98
2024-09-17 13:40:47.876000,401.1230274197137,98
2024-09-17 13:40:47.951000,401.1215022522405,12
2024-09-17 13:40:48.037000,401.0740871602377,103
2024-09-17 13:40:48.047000,401.0784319194,6
2024-09-17 13:40:48.048000,401.0947778946853,96
2024-09-17 13:40:48.102000,401.0935716167229,9
2024-09-17 13:40:48.117000,401.1025492786279,999
2024-09-17 13:40:48.133000,401.0877074266895,1005
2024-09-17 13:40:48.167000,401.0913236075856,9
2024-09-17 13:40:48.183000,401.06830694389566,14
2024-09-17 13:40:48.226000,401.0846189838173,995
2024-09-17 13:40:48.302000,401.0812375757394,104
2024-09-17 13:40:48.330000,401.0826328195136,5
2024-09-17 13:40:48.392000,401.0694091020262,999
2024-09-17 13:40:48.458000,401.1115867510648,1000
2024-09-17 13:40:48.460000,401.0723301304112,12
2024-09-17 13:40:48.476000,401.082537264061,7
2024-09-17 13:40:48.480000,401.0621075187379,1002
2024-09-17 13:40:48.504000,401.0545493385115,98
2024-09-17 13:40:48.553000,401.0854207605833,9
2024-09-17 13:40:48.605000,401.0837173310431,105
2024-09-17 13:40:48.626000,401.0981137261456,1002
2024-09-17 13:40:48.679000,401.0686292276475,95
2024-09-17 13:40:48.722000,401.1051184554592,101
2024-09-17 13:40:48.727000,401.0708770496439,102
2024-09-17 13:40:48.772000,401.0970228531702,6
2024-09-17 13:40:48.783000,401.0782472199999,1004
2024-09-17 13:40:48.838000,401.0749293460429,105
2024-09-17 13:40:48.846000,401.0986397522744,996
2024-09-17 13:40:48.854000,401.0747247040732,101
2024-09-17 13:40:48.926000,401.0834996237439,104
2024-09-17 13:40:49.105000,401.03971102909054,995
2024-09-17 13:40:49.142000,401.0618644233212,105
2024-09-17 13:40:49.161000,401.03438922769294,999
2024-09-17 13:40:49.166000,401.0516128886857,14
2024-09-17 13:40:49.216000,401.05191877104977,1004
2024-09-17 13:40:49.250000,401.0473770681917,1002
2024-09-17 13:40:49.279000,401.11786194042014,995
2024-09-17 13:40:49.302000,401.0624261609696,6
2024-09-17 13:40:49.345000,401.0539133233131,100
2024-09-17 13:40:49.374000,401.048310888343,8
2024-09-17 13:40:49.396000,401.04808327523966,6
2024-09-17 13:40:49.420000,401.0724168799125,96
2024-09-17 13:40:49.428000,401.0612781207184,998
2024-09-17 13:40:49.438000,401.0664790343835,103
2024-09-17 13:40:49.511000,401.0540911180376,102
2024-09-17 13:40:49.512000,401.1056496343754,5
2024-09-17 13:40:49.550000,401.046272834333,101
2024-09-17 13:40:49.565000,401.0360289539319,14
2024-09-17 13:40:49.582000,401.03994069444536,12
2024-09-17 13:40:49.609000,401.0535233413908,102
2024-09-17 13:40:49.632000,401.09552280721726,103
2024-09-17 13:40:49.730000,401.05459030864864,103
2024-09-17 13:40:49.741000,401.0623649103072,6
2024-09-17 13:40:49.756000,401.05239444050574,104
2024-09-17 13:40:49.758000,401.04280769398497,7
2024-09-17 13:40:49.802000,401.0692756803914,1002
2024-09-17 13:40:49.855000,401.0909317799624,12
2024-09-17 13:40:49.894000,401.0269923412812,96
2024-09-17 13:40:50.163000,401.03918769965776,10
2024-09-17 13:40:50.628000,401.057776775142,10
2024-09-17 13:40:50.695000,401.0508925173642,9
2024-09-17 13:40:51.186000,401.0058258040991,1001
2024-09-17 13:40:51.354000,401.0399371033578,9
2024-09-17 13:40:51.361000,401.0393156221391,103
2024-09-17 13:40:51.385000,401.0010435165148,95
2024-09-17 13:40:51.450000,401.0396923023658,104
2024-09-17 13:40:51.612000,401.0131530735491,105
2024-09-17 13:40:51.666000,400.998472680748,1005
2024-09-17 13:40:51.752000,401.0077015299568,13
2024-09-17 13:40:51.799000,401.01763772330247,104
2024-09-17 13:40:51.802000,401.01144459279686,995
2024-09-17 13:40:51.867000,401.0297264316656,1005
2024-09-17 13:40:51.871000,401.0516014867581,9
2024-09-17 13:40:52.016000,401.0046204444661,1003
2024-09-17 13:40:52.326000,401.0276567536067,13
2024-09-17 13:40:52.656000,401.0067785738013,12
2024-09-17 13:40:52.727000,401.02570658577855,995
2024-09-17 13:40:52.757000,401.0252771739388,999
2024-09-17 13:40:52.773000,401.0133842897767,1001
2024-09-17 13:40:53.133000,401.0132240941883,11
2024-09-17 13:40:53.427000,401.0112965278973,1005
2024-09-17 13:40:53.547000,401.012319267487,999
2024-09-17 13:40:53.743000,401.0205986720255,998
2024-09-17 13:40:53.934000,401.0146803464299,7
2024-09-17 13:40:54.102000,401.0270223014838,9
2024-09-17 13:40:54.126000,401.01960932027976,99
2024-09-17 13:40:55.060000,401.00479198280095,11
2024-09-17 13:40:55.108000,400.9878949003896,995
2024-09-17 13:40:55.224000,400.9832401543079,12
2024-09-17 13:40:55.257000,401.0150923511528,999
2024-09-17 13:40:55.351000,400.99449150041767,105
2024-09-17 13:40:55.435000,400.9899565023541,103
2024-09-17 13:40:55.450000,400.9785126110932,1004
2024-09-17 13:40:55.954000,400.9652182501558,102
2024-09-17 13:40:56.007000,400.9502138257016,995
2024-09-17 13:40:56.114000,400.9740114352493,100
2024-09-17 13:40:56.186000,400.9735099625445,14
2024-09-17 13:40:56.241000,400.9660092977063,1003
2024-09-17 13:40:56.297000,400.9622389840289,6
2024-09-17 13:40:56.397000,400.97230843794176,1002
2024-09-17 13:40:56.450000,400.96196437336727,104
2024-09-17 13:40:56.528000,400.9791027526642,1004
2024-09-17 13:40:56.607000,400.9613106376862,104
2024-09-17 13:40:56.795000,400.95880855777415,1005
2024-09-17 13:40:56.838000,400.9700272482736,95
2024-09-17 13:40:56.912000,400.95762476459697,95
2024-09-17 13:40:56.965000,400.9655284621085,998
2024-09-17 13:40:57.006000,400.91733290374367,1004
2024-09-17 13:40:57.042000,400.90845777850666,103
2024-09-17 13:40:57.076000,400.9275182645727,14
2024-09-17 13:40:57.082000,400.9073713032304,7
2024-09-17 13:40:57.097000,400.9238890960404,14
2024-09-17 13:40:57.115000,400.9281516351192,995
2024-09-17 13:40:57.121000,400.9247594677213,96
2024-09-17 13:40:57.266000,400.9232532753409,99
2024-09-17 13:40:57.288000,400.9246706720326,7
2024-09-17 13:40:57.386000,400.91334185413615,6
2024-09-17 13:40:57.447000,400.9244224426716,998
2024-09-17 13:40:57.522000,400.8907693456992,13
2024-09-17 13:40:57.562000,400.9240057608752,999
2024-09-17 13:40:57.610000,400.9512557540949,1003
2024-09-17 13:40:57.697000,400.90348030145935,13
2024-09-17 13:40:57.785000,400.9391041278116,6
2024-09-17 13:40:57.820000,400.9007181625127,102
2024-09-17 13:40:58.011000,400.8302854068664,9
2024-09-17 13:40:58.077000,400.8752672788825,6
2024-09-17 13:40:58.111000,400.8502806872271,998
2024-09-17 13:40:58.123000,400.8225542677808,102
2024-09-17 13:40:58.197000,400.82697905058666,996
2024-09-17 13:40:58.212000,400.80632845689473,1003
2024-09-17 13:40:58.238000,400.8324279348288,98
2024-09-17 13:40:58.243000,400.8069046550026,98
2024-09-17 13:40:58.267000,400.9034533578233,1001
2024-09-17 13:40:58.297000,400.8335187725517,995
2024-09-17 13:40:58.308000,400.85555714795214,5
2024-09-17 13:40:58.312000,400.8470424008856,11
2024-09-17 13:40:58.329000,400.8114483746101,14
2024-09-17 13:40:58.416000,400.8459417336043,5
2024-09-17 13:40:58.441000,400.8265780098432,95
2024-09-17 13:40:58.473000,400.8295278293903,1000
2024-09-17 13:40:58.474000,400.8218360436471,104
2024-09-17 13:40:58.512000,400.8280685694733,95
2024-09-17 13:40:58.812000,400.8428283147504,6
2024-09-17 13:40:58.817000,400.8546738315869,15
2024-09-17 13:40:58.831000,400.8475116097757,5
2024-09-17 13:40:58.844000,400.89524820059415,14
2024-09-17 13:40:58.847000,400.8339164483791,998
2024-09-17 13:40:58.857000,400.8485949845497,6
2024-09-17 13:40:58.928000,400.8320748899834,100
2024-09-17 13:40:58.993000,400.8857678695732,15
2024-09-17 13:40:59.081000,400.7874827893534,96
2024-09-17 13:40:59.264000,400.7959875499864,105
2024-09-17 13:40:59.302000,400.8137848014261,95
2024-09-17 13:40:59.358000,400.80117520025215,6
2024-09-17 13:40:59.542000,400.7909202429582,100
2024-09-17 13:40:59.590000,400.7792512202113,98
2024-09-17 13:40:59.740000,400.7770214699812,1001
2024-09-17 13:40:59.856000,400.7841357187838,6
2024-09-17 13:40:59.933000,400.7836610276137,1001
2024-09-17 13:40:59.981000,400.77717408194167,98
