Timestamp,Price,Size
2024-09-16 09:40:00.070000,418.9306580200625,995
2024-09-16 09:40:00.091000,418.9261238198361,95
2024-09-16 09:40:00.175000,418.91899307396784,97
2024-09-16 09:40:00.220000,418.948618615561,9
2024-09-16 09:40:00.289000,418.9431193932296,997
2024-09-16 09:40:00.307000,418.93778218154586,15
2024-09-16 09:40:00.307000,418.9340480545027,996
2024-09-16 09:40:00.330000,418.9303872428111,103
2024-09-16 09:40:00.391000,418.92976862669786,96
2024-09-16 09:40:00.485000,418.9178761961338,997
2024-09-16 09:40:00.510000,418.9189097486135,997
2024-09-16 09:40:00.528000,418.9386902564163,104
2024-09-16 09:40:00.540000,418.9165790735782,1005
2024-09-16 09:40:00.579000,418.92217644001295,10
2024-09-16 09:40:00.617000,418.9449247700324,9
2024-09-16 09:40:00.656000,418.924513935879,1002
2024-09-16 09:40:00.669000,418.9432717737847,103
2024-09-16 09:40:00.688000,418.933694336178,6
2024-09-16 09:40:00.761000,418.9409006191945,11
2024-09-16 09:40:00.850000,418.9321587510034,997
2024-09-16 09:40:00.891000,418.9352031931975,97
2024-09-16 09:40:00.914000,418.9396990955808,996
2024-09-16 09:40:01.007000,418.88733743077415,995
2024-09-16 09:40:01.057000,418.9035297379768,1003
2024-09-16 09:40:01.060000,418.9254544592151,996
2024-09-16 09:40:01.153000,418.910659873624,101
2024-09-16 09:40:01.225000,418.8798272804872,1003
2024-09-16 09:40:01.268000,418.9279774841544,1004
2024-09-16 09:40:01.272000,418.9037370844686,1005
2024-09-16 09:40:01.281000,418.8721181366664,6
2024-09-16 09:40:01.336000,418.8854299000404,7
2024-09-16 09:40:01.337000,418.9289383946282,95
2024-09-16 09:40:01.337000,418.9207004526122,1003
2024-09-16 09:40:01.338000,418.8985762846775,1001
2024-09-16 09:40:01.358000,418.8883995416121,1001
2024-09-16 09:40:01.376000,418.92569154081946,1005
2024-09-16 09:40:01.397000,418.86295146735927,1005
2024-09-16 09:40:01.423000,418.93228979532176,98
2024-09-16 09:40:01.526000,418.8762363204332,15
2024-09-16 09:40:01.586000,418.9388560473345,1000
2024-09-16 09:40:01.596000,418.9349129436204,103
2024-09-16 09:40:01.607000,418.9107288556661,14
2024-09-16 09:40:01.630000,418.92881706896463,1001
2024-09-16 09:40:01.687000,418.9300538167074,11
2024-09-16 09:40:01.723000,418.8972462324256,997
2024-09-16 09:40:01.837000,418.9220614594414,999
2024-09-16 09:40:01.863000,418.90318307206815,103
2024-09-16 09:40:01.878000,418.9239812145502,8
2024-09-16 09:40:01.880000,418.8678081198102,1001
2024-09-16 09:40:01.906000,418.8875039089807,1002
2024-09-16 09:40:02.033000,418.8685690440485,102
2024-09-16 09:40:02.133000,418.8999051677074,102
2024-09-16 09:40:02.226000,418.8959477096673,14
2024-09-16 09:40:02.245000,418.88105740700297,102
2024-09-16 09:40:02.295000,418.8801419341461,105
2024-09-16 09:40:02.474000,418.8710216993388,99
2024-09-16 09:40:02.655000,418.8969350627168,101
2024-09-16 09:40:02.936000,418.8876204076823,9
2024-09-16 09:40:03.081000,418.8619064625513,998
2024-09-16 09:40:03.139000,418.8510465373977,99
2024-09-16 09:40:03.208000,418.8525199311226,105
2024-09-16 09:40:03.284000,418.86382465850375,7
2024-09-16 09:40:03.354000,418.8889134422751,102
2024-09-16 09:40:03.384000,418.86143073846193,11
2024-09-16 09:40:03.399000,418.8661264616936,6
2024-09-16 09:40:03.432000,418.86181431971465,7
2024-09-16 09:40:03.648000,418.9079492722765,8
2024-09-16 09:40:03.759000,418.8524487593873,8
2024-09-16 09:40:03.995000,418.854450109042,6
2024-09-16 09:40:04.005000,418.8773224909794,1000
2024-09-16 09:40:04.226000,418.85588079619566,97
2024-09-16 09:40:04.280000,418.886180613298,1000
2024-09-16 09:40:04.294000,418.8851191518056,103
2024-09-16 09:40:04.339000,418.9094174943722,1005
2024-09-16 09:40:04.363000,418.90334001391767,99
2024-09-16 09:40:04.406000,418.9160930172944,96
2024-09-16 09:40:04.421000,418.8579618602151,1001
2024-09-16 09:40:04.479000,418.8794784930424,105
2024-09-16 09:40:04.514000,418.8796150158062,99
2024-09-16 09:40:04.585000,418.8780646803498,999
2024-09-16 09:40:04.592000,418.8765561103199,1003
2024-09-16 09:40:04.666000,418.87288672312224,103
2024-09-16 09:40:04.705000,418.8957474338533,96
2024-09-16 09:40:04.724000,418.9121806084432,97
2024-09-16 09:40:04.826000,418.8808963535691,105
2024-09-16 09:40:04.855000,418.8945104727695,997
2024-09-16 09:40:04.857000,418.88387031938646,1000
2024-09-16 09:40:04.914000,418.8681111733421,97
2024-09-16 09:40:04.954000,418.9090406276,996
2024-09-16 09:40:06.050000,419.0129188279801,105
2024-09-16 09:40:06.058000,418.9612827911867,7
2024-09-16 09:40:06.094000,418.9781538508353,100
2024-09-16 09:40:06.100000,418.9518577473664,1004
2024-09-16 09:40:06.104000,418.92928410841967,102
2024-09-16 09:40:06.209000,418.9681858258595,1004
2024-09-16 09:40:06.247000,418.96150925419846,8
2024-09-16 09:40:06.297000,418.96721388131255,13
2024-09-16 09:40:06.343000,419.00547329698014,98
2024-09-16 09:40:06.391000,418.9314318875113,95
2024-09-16 09:40:06.414000,418.93611189769246,97
2024-09-16 09:40:06.434000,418.9577869508735,999
2024-09-16 09:40:06.441000,418.9045055799235,101
2024-09-16 09:40:06.500000,418.9936749184388,102
2024-09-16 09:40:06.601000,419.00160938993065,8
2024-09-16 09:40:06.714000,418.9927342097917,15
2024-09-16 09:40:06.817000,418.9457653900816,995
2024-09-16 09:40:06.830000,418.95503329933047,104
2024-09-16 09:40:06.887000,418.9585702477729,1003
2024-09-16 09:40:06.891000,418.9288305852405,10
2024-09-16 09:40:06.900000,419.0065826433562,10
2024-09-16 09:40:06.952000,419.0049322976813,7
2024-09-16 09:40:06.989000,418.9641521550022,995
2024-09-16 09:40:07.075000,418.9922539050411,12
2024-09-16 09:40:07.101000,419.0117913400848,995
2024-09-16 09:40:07.118000,419.04767081304266,996
2024-09-16 09:40:07.119000,419.025199825998,998
2024-09-16 09:40:07.139000,418.99614594983,105
2024-09-16 09:40:07.151000,419.01642615535775,8
2024-09-16 09:40:07.251000,419.0036534464776,103
2024-09-16 09:40:07.307000,419.0029840453806,1000
2024-09-16 09:40:07.340000,419.0356356281688,102
2024-09-16 09:40:07.374000,418.9914991908792,998
2024-09-16 09:40:07.404000,418.9920960677921,105
2024-09-16 09:40:07.446000,418.97852235910045,105
2024-09-16 09:40:07.472000,418.9846721534652,99
2024-09-16 09:40:07.490000,418.98019359990417,997
2024-09-16 09:40:07.590000,418.9913099500175,11
2024-09-16 09:40:07.642000,418.996794660828,103
2024-09-16 09:40:07.704000,418.9861167910559,998
2024-09-16 09:40:07.724000,418.9990987901415,103
2024-09-16 09:40:07.729000,418.99357639927047,998
2024-09-16 09:40:07.862000,418.9891808622183,7
2024-09-16 09:40:07.875000,418.9770262296948,105
2024-09-16 09:40:07.918000,419.01217984504126,1005
2024-09-16 09:40:07.937000,419.0025140328649,100
2024-09-16 09:40:07.983000,419.0028379065511,98
2024-09-16 09:40:09.073000,419.0112613753136,7
2024-09-16 09:40:09.152000,419.0319297510489,14
2024-09-16 09:40:09.156000,419.0221520482214,1000
2024-09-16 09:40:09.173000,419.02259010367845,105
2024-09-16 09:40:09.220000,419.0199949378067,98
2024-09-16 09:40:09.237000,419.0380207778273,1004
2024-09-16 09:40:09.520000,419.0330760661365,1005
2024-09-16 09:40:09.523000,419.0165246042048,10
2024-09-16 09:40:09.612000,419.01382508693416,13
2024-09-16 09:40:09.696000,419.0262686949868,997
2024-09-16 09:40:09.709000,419.0161243400036,104
2024-09-16 09:40:09.721000,419.01800786994767,1000
2024-09-16 09:40:09.796000,419.0321655659153,7
2024-09-16 09:40:09.815000,419.0058110443212,8
2024-09-16 09:40:10.763000,419.0404629844883,11
2024-09-16 09:40:11.097000,419.060120737112,8
2024-09-16 09:40:11.126000,419.1185375524293,998
2024-09-16 09:40:11.140000,419.0658290813759,1000
2024-09-16 09:40:11.176000,419.1380036085685,5
2024-09-16 09:40:11.180000,419.0677700069752,1002
2024-09-16 09:40:11.243000,419.1257236414209,11
2024-09-16 09:40:11.309000,419.0796355968487,5
2024-09-16 09:40:11.368000,419.12865671699774,13
2024-09-16 09:40:11.371000,419.1181495760438,1004
2024-09-16 09:40:11.379000,419.0855166157809,9
2024-09-16 09:40:11.412000,419.125822595496,1000
2024-09-16 09:40:11.459000,419.1227938663369,105
2024-09-16 09:40:11.469000,419.1510372033436,1002
2024-09-16 09:40:11.485000,419.1190323137401,1002
2024-09-16 09:40:11.495000,419.05960989323006,101
2024-09-16 09:40:11.543000,419.0475062818302,15
2024-09-16 09:40:11.657000,419.1290231563136,998
2024-09-16 09:40:11.690000,419.1153204350293,98
2024-09-16 09:40:11.729000,419.14621754349537,99
2024-09-16 09:40:11.771000,419.1228200580819,96
2024-09-16 09:40:11.779000,419.1472985813776,10
2024-09-16 09:40:11.802000,419.1288418402848,97
2024-09-16 09:40:11.816000,419.1116929943285,102
2024-09-16 09:40:11.842000,419.0639351554809,102
2024-09-16 09:40:11.877000,419.0638190455731,998
2024-09-16 09:40:11.936000,419.1545662097975,13
2024-09-16 09:40:11.969000,419.13180672566807,1001
2024-09-16 09:40:12.111000,419.1214102734931,7
2024-09-16 09:40:12.161000,419.1948973441018,103
2024-09-16 09:40:12.236000,419.1804016811057,99
2024-09-16 09:40:12.270000,419.15488110738136,100
2024-09-16 09:40:12.280000,419.2690442814827,99
2024-09-16 09:40:12.312000,419.2680849373803,104
2024-09-16 09:40:12.313000,419.1579476906858,1003
2024-09-16 09:40:12.380000,419.2068573295124,10
2024-09-16 09:40:12.406000,419.1715559420795,1000
2024-09-16 09:40:12.441000,419.1270074360098,96
2024-09-16 09:40:12.460000,419.2460289102109,997
2024-09-16 09:40:12.555000,419.2589432711503,103
2024-09-16 09:40:12.662000,419.1590768745819,8
2024-09-16 09:40:12.731000,419.27461258439024,997
2024-09-16 09:40:12.808000,419.23348621676666,8
2024-09-16 09:40:12.813000,419.12244701801615,1001
2024-09-16 09:40:12.852000,419.1813743968662,97
2024-09-16 09:40:12.921000,419.1964030390259,96
2024-09-16 09:40:12.949000,419.2599777456312,8
2024-09-16 09:40:12.978000,419.1210639101292,101
2024-09-16 09:40:12.992000,419.2673910416476,995
2024-09-16 09:40:13.004000,419.2205734652147,104
2024-09-16 09:40:13.053000,419.2751388116579,99
2024-09-16 09:40:13.076000,419.2595467347914,15
2024-09-16 09:40:13.140000,419.268125116017,5
2024-09-16 09:40:13.170000,419.3038561126889,10
2024-09-16 09:40:13.182000,419.23245701855313,999
2024-09-16 09:40:13.375000,419.2650030108159,1004
2024-09-16 09:40:13.483000,419.29412953176137,105
2024-09-16 09:40:13.519000,419.30078292381125,1003
2024-09-16 09:40:13.538000,419.2791521808627,99
2024-09-16 09:40:13.570000,419.2184489128575,996
2024-09-16 09:40:13.703000,419.2290861628166,99
2024-09-16 09:40:13.709000,419.2650410199996,1000
2024-09-16 09:40:13.851000,419.2339494898123,103
2024-09-16 09:40:14.004000,419.1894026237959,9
2024-09-16 09:40:14.018000,419.1921620370843,1003
2024-09-16 09:40:14.047000,419.2105615275939,97
2024-09-16 09:40:14.063000,419.2209956166343,6
2024-09-16 09:40:14.064000,419.21039182122615,104
2024-09-16 09:40:14.136000,419.18919109891567,1003
2024-09-16 09:40:14.235000,419.2019440928051,11
2024-09-16 09:40:14.235000,419.2284038277903,95
2024-09-16 09:40:14.236000,419.2358633233486,98
2024-09-16 09:40:14.288000,419.21865013156696,11
2024-09-16 09:40:14.321000,419.2124729173273,998
2024-09-16 09:40:14.390000,419.20560023469824,8
2024-09-16 09:40:14.396000,419.19939974326377,996
2024-09-16 09:40:14.421000,419.217622813879,14
2024-09-16 09:40:14.498000,419.2009449458962,999
2024-09-16 09:40:14.557000,419.2221642179188,97
2024-09-16 09:40:14.665000,419.2059164534565,99
2024-09-16 09:40:14.666000,419.21580309922007,95
2024-09-16 09:40:14.732000,419.1970107050829,1001
2024-09-16 09:40:14.748000,419.22218155188426,98
2024-09-16 09:40:14.749000,419.1984264929068,1005
2024-09-16 09:40:14.755000,419.19482092985953,10
2024-09-16 09:40:14.835000,419.2210924900155,996
2024-09-16 09:40:14.935000,419.19787725561,7
2024-09-16 09:40:15.018000,419.21503881603246,12
2024-09-16 09:40:15.175000,419.22189405924905,6
2024-09-16 09:40:15.529000,419.2103657237637,10
2024-09-16 09:40:15.540000,419.2027402231134,102
2024-09-16 09:40:15.703000,419.2043982382493,9
2024-09-16 09:40:15.713000,419.1963916674861,15
2024-09-16 09:40:16.217000,419.24047776998674,1005
2024-09-16 09:40:16.490000,419.2423586657771,100
2024-09-16 09:40:16.512000,419.23843223169433,1004
2024-09-16 09:40:16.550000,419.22653797619887,101
2024-09-16 09:40:16.566000,419.2333448002626,1005
2024-09-16 09:40:16.724000,419.2347855312696,99
2024-09-16 09:40:16.732000,419.2103416923574,10
2024-09-16 09:40:16.744000,419.24591510502927,96
2024-09-16 09:40:16.759000,419.2360989370911,6
2024-09-16 09:40:16.759000,419.2290836770536,97
2024-09-16 09:40:16.776000,419.23351955566017,14
2024-09-16 09:40:16.973000,419.2397716263282,99
2024-09-16 09:40:17.009000,419.202979449228,9
2024-09-16 09:40:17.023000,419.2443078219615,97
2024-09-16 09:40:17.061000,419.23142340219454,101
2024-09-16 09:40:17.139000,419.21529780822567,97
2024-09-16 09:40:17.217000,419.198510850721,995
2024-09-16 09:40:17.248000,419.2172577411538,100
2024-09-16 09:40:17.282000,419.2409239541781,7
2024-09-16 09:40:17.307000,419.22818963067687,14
2024-09-16 09:40:17.370000,419.2341347680445,95
2024-09-16 09:40:17.399000,419.2157899677032,101
2024-09-16 09:40:17.454000,419.2379164607864,1002
2024-09-16 09:40:17.551000,419.2157773184711,11
2024-09-16 09:40:17.566000,419.2148240777555,12
2024-09-16 09:40:17.577000,419.2227688560394,15
2024-09-16 09:40:17.705000,419.2035390329696,95
2024-09-16 09:40:17.745000,419.2428232870309,95
2024-09-16 09:40:17.831000,419.2381807064929,100
2024-09-16 09:40:17.846000,419.2167251533035,12
2024-09-16 09:40:17.959000,419.22557050543935,995
2024-09-16 09:40:19.022000,419.200153826674,12
2024-09-16 09:40:19.088000,419.2376937048679,100
2024-09-16 09:40:19.239000,419.1937084509281,97
2024-09-16 09:40:19.252000,419.20417931502817,10
2024-09-16 09:40:19.361000,419.1842763238894,998
2024-09-16 09:40:19.382000,419.1875691520863,1003
2024-09-16 09:40:19.384000,419.182640302747,1005
2024-09-16 09:40:19.386000,419.202660933889,998
2024-09-16 09:40:19.473000,419.2086792868837,103
2024-09-16 09:40:19.515000,419.2162273531552,997
2024-09-16 09:40:19.560000,419.1835681758842,10
2024-09-16 09:40:19.612000,419.2008674589102,11
2024-09-16 09:40:19.771000,419.1970591988892,5
2024-09-16 09:40:20.069000,419.2457452709742,9
2024-09-16 09:40:20.082000,419.2374153727435,98
2024-09-16 09:40:20.148000,419.26497994363547,1003
2024-09-16 09:40:20.159000,419.2416010322514,102
2024-09-16 09:40:20.160000,419.2453199556425,103
2024-09-16 09:40:20.162000,419.24312837359,1004
2024-09-16 09:40:20.206000,419.20363500788346,1003
2024-09-16 09:40:20.234000,419.2171318241107,14
2024-09-16 09:40:20.240000,419.2516491073152,1002
2024-09-16 09:40:20.273000,419.23684367091295,8
2024-09-16 09:40:20.280000,419.2678849142927,101
2024-09-16 09:40:20.314000,419.20566258499485,97
2024-09-16 09:40:20.339000,419.2425186396621,97
2024-09-16 09:40:20.459000,419.2434011437266,1005
2024-09-16 09:40:20.567000,419.2540449228258,100
2024-09-16 09:40:20.614000,419.2429167342318,97
2024-09-16 09:40:20.623000,419.2052859944167,8
2024-09-16 09:40:20.691000,419.2638479111368,1002
2024-09-16 09:40:20.708000,419.275734125462,998
2024-09-16 09:40:20.758000,419.2128708301468,11
2024-09-16 09:40:20.807000,419.2211809539617,5
2024-09-16 09:40:20.824000,419.18142221938473,105
2024-09-16 09:40:20.866000,419.2513958734053,1001
2024-09-16 09:40:20.885000,419.2240598859895,995
2024-09-16 09:40:20.887000,419.24611209456776,997
2024-09-16 09:40:20.893000,419.2717111461815,1005
2024-09-16 09:40:20.903000,419.2689420458507,1001
2024-09-16 09:40:20.924000,419.2472131323752,999
2024-09-16 09:40:21.239000,419.2317564053138,101
2024-09-16 09:40:21.485000,419.1938005223522,6
2024-09-16 09:40:21.613000,419.2353545674897,11
2024-09-16 09:40:21.711000,419.1967014986396,9
2024-09-16 09:40:21.873000,419.2388097134199,6
2024-09-16 09:40:21.941000,419.207699268866,995
2024-09-16 09:40:22.016000,419.08136897195686,103
2024-09-16 09:40:22.041000,419.1027831942999,996
2024-09-16 09:40:22.057000,419.12206355739465,1005
2024-09-16 09:40:22.091000,419.0937305597669,996
2024-09-16 09:40:22.115000,419.0889895152997,105
2024-09-16 09:40:22.196000,419.09999007990393,996
2024-09-16 09:40:22.202000,419.1704897975485,15
2024-09-16 09:40:22.203000,419.0773927885006,1004
2024-09-16 09:40:22.213000,419.09447955298987,5
2024-09-16 09:40:22.240000,419.1186102645101,996
2024-09-16 09:40:22.245000,419.1182526245593,9
2024-09-16 09:40:22.252000,419.0877320942455,14
2024-09-16 09:40:22.423000,419.14942122253575,101
2024-09-16 09:40:22.506000,419.1023425182604,95
2024-09-16 09:40:22.605000,419.0474338770557,97
2024-09-16 09:40:22.612000,419.0593390711216,14
2024-09-16 09:40:22.659000,419.1091904769263,997
2024-09-16 09:40:22.670000,419.1745737733763,11
2024-09-16 09:40:22.683000,419.0767670493876,102
2024-09-16 09:40:22.692000,419.0845703479982,105
2024-09-16 09:40:22.695000,419.1045425115988,99
2024-09-16 09:40:22.708000,419.1173524537994,99
2024-09-16 09:40:22.794000,419.09490348745874,12
2024-09-16 09:40:22.811000,419.0983977569602,8
2024-09-16 09:40:22.835000,419.1699257443648,98
2024-09-16 09:40:22.891000,419.07049346214006,99
2024-09-16 09:40:22.912000,419.0969152814784,5
2024-09-16 09:40:22.924000,419.0756882630653,6
2024-09-16 09:40:22.940000,419.0458440861961,98
2024-09-16 09:40:23.045000,419.0625633399782,100
2024-09-16 09:40:23.154000,419.0587420140625,103
2024-09-16 09:40:23.391000,419.0577587408641,10
2024-09-16 09:40:23.397000,419.0709350753654,95
2024-09-16 09:40:24.004000,419.0848715043675,10
2024-09-16 09:40:24.005000,419.0624927263386,14
2024-09-16 09:40:24.029000,419.09669702929136,103
2024-09-16 09:40:24.034000,419.0829791226489,96
2024-09-16 09:40:24.069000,419.0846280361642,99
2024-09-16 09:40:24.082000,419.063649817332,997
2024-09-16 09:40:24.092000,419.0515431961592,6
2024-09-16 09:40:24.215000,419.0757005699398,10
2024-09-16 09:40:24.246000,419.0585206610155,1005
2024-09-16 09:40:24.261000,419.0741495270804,1001
2024-09-16 09:40:24.281000,419.1137221500645,999
2024-09-16 09:40:24.322000,419.06516843599945,97
2024-09-16 09:40:24.425000,419.1076979783549,5
2024-09-16 09:40:24.466000,419.0684778983043,1002
2024-09-16 09:40:24.510000,419.1109195529791,7
2024-09-16 09:40:24.720000,419.1022149280661,998
2024-09-16 09:40:24.731000,419.0561489164433,97
2024-09-16 09:40:24.802000,419.0764817651918,5
2024-09-16 09:40:24.869000,419.0676954652642,14
2024-09-16 09:40:24.902000,419.0935863373836,8
2024-09-16 09:40:24.949000,419.0673602717594,14
2024-09-16 09:40:25.107000,418.95971402781856,1000
2024-09-16 09:40:25.111000,418.96086852654247,105
2024-09-16 09:40:25.146000,418.9479775159641,995
2024-09-16 09:40:25.188000,418.9221680914314,15
2024-09-16 09:40:25.189000,419.0055176628636,99
2024-09-16 09:40:25.198000,418.9767110975712,99
2024-09-16 09:40:25.225000,419.0240682813272,101
2024-09-16 09:40:25.235000,419.0270188854511,10
2024-09-16 09:40:25.270000,418.9461097552769,1001
2024-09-16 09:40:25.314000,419.02915936372864,102
2024-09-16 09:40:25.372000,418.9615749714925,101
2024-09-16 09:40:25.420000,418.9578065494087,999
2024-09-16 09:40:25.432000,419.0093054601384,10
2024-09-16 09:40:25.434000,418.9647371136194,95
2024-09-16 09:40:25.434000,419.01907005733614,997
2024-09-16 09:40:25.467000,418.9633845498736,99
2024-09-16 09:40:25.530000,418.9538115439482,10
2024-09-16 09:40:25.539000,419.0090511093008,15
2024-09-16 09:40:25.540000,418.9488267509095,12
2024-09-16 09:40:25.543000,419.01460804759455,9
2024-09-16 09:40:25.564000,418.9173891204171,97
2024-09-16 09:40:25.711000,418.92812749151454,105
2024-09-16 09:40:25.768000,419.0304305469923,1003
2024-09-16 09:40:25.790000,419.0389658070458,104
2024-09-16 09:40:25.868000,419.0166546988056,103
2024-09-16 09:40:25.872000,418.942422370317,12
2024-09-16 09:40:25.919000,418.9498083905653,1001
2024-09-16 09:40:26.006000,418.9613266809192,997
2024-09-16 09:40:26.033000,418.9280677404023,97
2024-09-16 09:40:26.075000,418.9385774456148,998
2024-09-16 09:40:26.114000,418.9463773295266,9
2024-09-16 09:40:26.139000,418.9786416306807,15
2024-09-16 09:40:26.208000,418.9798207550529,104
2024-09-16 09:40:26.313000,418.9954873963167,998
2024-09-16 09:40:26.347000,418.95364350447016,1005
2024-09-16 09:40:26.352000,418.9809191507677,1002
2024-09-16 09:40:26.437000,418.94457518389,999
2024-09-16 09:40:26.450000,418.9536280400414,997
2024-09-16 09:40:26.466000,418.9928997692312,95
2024-09-16 09:40:26.466000,418.9539622731284,1001
2024-09-16 09:40:26.511000,418.95942084508897,102
2024-09-16 09:40:26.518000,418.936640424426,11
2024-09-16 09:40:26.579000,418.9273286305587,1002
2024-09-16 09:40:26.610000,418.9370321952544,997
2024-09-16 09:40:26.633000,418.990455246148,98
2024-09-16 09:40:26.698000,418.951934105596,12
2024-09-16 09:40:26.730000,418.9400802754611,14
2024-09-16 09:40:26.857000,418.93001973818514,11
2024-09-16 09:40:27.081000,419.0047360402209,999
2024-09-16 09:40:27.823000,418.9937883828508,996
2024-09-16 09:40:28.051000,419.04250478469527,9
2024-09-16 09:40:28.071000,419.0469271972037,997
2024-09-16 09:40:28.085000,419.0425891302617,1003
2024-09-16 09:40:28.095000,419.0261644866764,12
2024-09-16 09:40:28.318000,419.0402746413877,996
2024-09-16 09:40:28.370000,419.0341578871337,1005
2024-09-16 09:40:28.388000,419.0652189076726,101
2024-09-16 09:40:28.396000,418.99788905828615,10
2024-09-16 09:40:28.664000,419.0434418887948,7
2024-09-16 09:40:28.770000,419.01065805822896,105
2024-09-16 09:40:28.882000,419.03934360821967,8
2024-09-16 09:40:29.013000,419.0935287874435,999
2024-09-16 09:40:29.055000,419.093460501731,7
2024-09-16 09:40:29.071000,419.074636138658,12
2024-09-16 09:40:29.095000,419.06202171771423,5
2024-09-16 09:40:29.180000,419.134278786124,5
2024-09-16 09:40:29.209000,419.0916091844024,97
2024-09-16 09:40:29.218000,419.0622553565182,10
2024-09-16 09:40:29.260000,419.0743523786687,103
2024-09-16 09:40:29.280000,419.0644134314436,997
2024-09-16 09:40:29.292000,419.1111758847833,15
2024-09-16 09:40:29.335000,419.0639288760348,96
2024-09-16 09:40:29.389000,419.11525319592806,1004
2024-09-16 09:40:29.403000,419.12256460455,995
2024-09-16 09:40:29.408000,419.1306892351645,10
2024-09-16 09:40:29.463000,419.05052635958657,14
2024-09-16 09:40:29.470000,419.08466455839385,1000
2024-09-16 09:40:29.563000,419.0733082489732,103
2024-09-16 09:40:29.568000,419.1307889175153,96
2024-09-16 09:40:29.709000,419.1083469467386,1004
2024-09-16 09:40:29.716000,419.0937642949871,101
2024-09-16 09:40:29.790000,419.13177978813366,8
2024-09-16 09:40:29.792000,419.0654388238665,103
2024-09-16 09:40:29.826000,419.0749997070337,9
2024-09-16 09:40:29.855000,419.0789341274735,105
2024-09-16 09:40:29.867000,419.0788127090397,1001
2024-09-16 09:40:30.162000,419.0225969104923,1003
2024-09-16 09:40:30.223000,419.1275538994173,995
2024-09-16 09:40:30.258000,419.0639931322,1001
2024-09-16 09:40:30.275000,419.0838160698978,104
2024-09-16 09:40:30.292000,419.0285397748679,100
2024-09-16 09:40:30.316000,419.125925698914,998
2024-09-16 09:40:30.335000,419.0793303031912,997
2024-09-16 09:40:30.336000,419.1278772425746,15
2024-09-16 09:40:30.484000,419.0715352201975,102
2024-09-16 09:40:30.503000,419.0338045503774,11
2024-09-16 09:40:30.635000,419.0446469410486,8
2024-09-16 09:40:30.822000,419.0860102348301,1000
2024-09-16 09:40:30.832000,419.0539434291271,998
2024-09-16 09:40:30.954000,419.1302032143147,1005
2024-09-16 09:40:31.003000,419.0626081681554,7
2024-09-16 09:40:31.097000,419.0397633101256,8
2024-09-16 09:40:31.190000,419.034269836064,104
2024-09-16 09:40:31.272000,419.0432846207796,102
2024-09-16 09:40:31.367000,419.0649501532326,996
2024-09-16 09:40:31.510000,419.04515069038575,14
2024-09-16 09:40:31.527000,419.0624495152163,12
2024-09-16 09:40:31.535000,419.05638187920914,1004
2024-09-16 09:40:31.609000,419.0543625611638,9
2024-09-16 09:40:31.619000,419.0682269712706,995
2024-09-16 09:40:31.631000,419.044229103436,97
2024-09-16 09:40:31.656000,419.0464144893226,105
2024-09-16 09:40:31.676000,419.0372403971927,104
2024-09-16 09:40:31.681000,419.02973016302417,95
2024-09-16 09:40:31.683000,419.0396547884196,95
2024-09-16 09:40:31.770000,419.0767094338907,95
2024-09-16 09:40:31.781000,419.0570052363013,11
2024-09-16 09:40:32.313000,419.0441086919332,95
2024-09-16 09:40:32.393000,419.048893433052,12
2024-09-16 09:40:32.548000,419.0584519919514,8
2024-09-16 09:40:32.782000,419.0436106868635,12
2024-09-16 09:40:33.073000,419.0257857820008,96
2024-09-16 09:40:33.139000,419.0423584498423,1001
2024-09-16 09:40:33.163000,419.0569873138576,997
2024-09-16 09:40:33.180000,419.041132146124,100
2024-09-16 09:40:33.253000,419.048185045108,5
2024-09-16 09:40:33.329000,419.0231474571119,105
2024-09-16 09:40:33.348000,419.0203443857233,7
2024-09-16 09:40:33.429000,419.0388870515116,101
2024-09-16 09:40:33.456000,419.0045508096783,100
2024-09-16 09:40:33.504000,419.0325930629605,102
2024-09-16 09:40:33.524000,419.0553475273641,13
2024-09-16 09:40:33.535000,419.0440716076888,97
2024-09-16 09:40:33.538000,419.0131637990849,6
2024-09-16 09:40:33.593000,419.0432074458641,95
2024-09-16 09:40:33.674000,419.0534627986688,996
2024-09-16 09:40:33.692000,419.04177735585546,13
2024-09-16 09:40:33.748000,419.0387521951562,1003
2024-09-16 09:40:33.823000,419.048974775456,15
2024-09-16 09:40:33.929000,419.0310711830234,996
2024-09-16 09:40:33.968000,419.0223260724434,14
2024-09-16 09:40:33.996000,419.0417341077639,999
2024-09-16 09:40:34.002000,419.0490804470944,8
2024-09-16 09:40:34.045000,419.12500562775415,1000
2024-09-16 09:40:34.079000,419.1108927645906,1002
2024-09-16 09:40:34.108000,419.09950070088297,98
2024-09-16 09:40:34.119000,419.1014038967018,7
2024-09-16 09:40:34.264000,419.03342594420434,999
2024-09-16 09:40:34.285000,419.1131758679153,1003
2024-09-16 09:40:34.319000,419.1247487780229,1003
2024-09-16 09:40:34.356000,419.11987187066,101
2024-09-16 09:40:34.399000,419.1220288698633,102
2024-09-16 09:40:34.403000,419.1284717263108,98
2024-09-16 09:40:34.413000,419.1132566074807,998
2024-09-16 09:40:34.419000,419.106307731229,101
2024-09-16 09:40:34.422000,419.0555160847673,11
2024-09-16 09:40:34.461000,419.0970011851677,999
2024-09-16 09:40:34.541000,419.06591213240495,104
2024-09-16 09:40:34.567000,419.0692091227252,99
2024-09-16 09:40:34.568000,419.0793529251258,13
2024-09-16 09:40:34.654000,419.036231474048,995
2024-09-16 09:40:34.767000,419.1188330542261,7
2024-09-16 09:40:34.790000,419.0971761124792,95
2024-09-16 09:40:34.795000,419.02954870170726,14
2024-09-16 09:40:34.859000,419.11033829399065,7
2024-09-16 09:40:34.885000,419.12030623659297,1005
2024-09-16 09:40:35.042000,419.1321867528108,14
2024-09-16 09:40:35.082000,419.1127882889882,104
2024-09-16 09:40:35.125000,419.1130616626759,995
2024-09-16 09:40:35.144000,419.1281833065492,5
2024-09-16 09:40:35.144000,419.137400167027,14
2024-09-16 09:40:35.159000,419.1416664147253,105
2024-09-16 09:40:35.181000,419.1278670121951,98
2024-09-16 09:40:35.189000,419.0876211237532,96
2024-09-16 09:40:35.208000,419.0626128298753,13
2024-09-16 09:40:35.220000,419.0793777227776,1005
2024-09-16 09:40:35.237000,419.0795496456931,1003
2024-09-16 09:40:35.291000,419.13084426977775,997
2024-09-16 09:40:35.306000,419.145572479813,8
2024-09-16 09:40:35.371000,419.1492668094669,997
2024-09-16 09:40:35.442000,419.1661584285793,997
2024-09-16 09:40:35.466000,419.0758085762544,99
2024-09-16 09:40:35.471000,419.11440710314537,1002
2024-09-16 09:40:35.604000,419.1300750865173,10
2024-09-16 09:40:35.637000,419.13635549485525,104
2024-09-16 09:40:35.639000,419.140681876749,7
2024-09-16 09:40:35.668000,419.1137301769838,96
2024-09-16 09:40:35.713000,419.125179719999,14
2024-09-16 09:40:35.766000,419.14869549209294,103
2024-09-16 09:40:35.790000,419.1305222834085,102
2024-09-16 09:40:35.886000,419.1330559073368,1002
2024-09-16 09:40:35.911000,419.1365542004712,998
2024-09-16 09:40:35.960000,419.0904589575654,999
2024-09-16 09:40:36.261000,419.1975383420244,996
2024-09-16 09:40:36.413000,419.1829787201253,102
2024-09-16 09:40:36.419000,419.1956497726904,14
2024-09-16 09:40:36.543000,419.1288564818653,996
2024-09-16 09:40:36.577000,419.1340125672746,1000
2024-09-16 09:40:36.626000,419.180068280428,1005
2024-09-16 09:40:36.655000,419.1225336893437,15
2024-09-16 09:40:36.701000,419.1783978385266,105
2024-09-16 09:40:36.713000,419.1677675095376,11
2024-09-16 09:40:36.812000,419.1904489860556,11
2024-09-16 09:40:36.837000,419.17567941281936,104
2024-09-16 09:40:36.871000,419.1472839118513,15
2024-09-16 09:40:36.993000,419.17712027553046,99
2024-09-16 09:40:37.004000,419.2215266669193,6
2024-09-16 09:40:37.049000,419.23832157316576,9
2024-09-16 09:40:37.058000,419.2458509449921,100
2024-09-16 09:40:37.164000,419.2391618666711,11
2024-09-16 09:40:37.208000,419.2425561379504,1001
2024-09-16 09:40:37.262000,419.236734510632,1003
2024-09-16 09:40:37.282000,419.2217099990157,96
2024-09-16 09:40:37.293000,419.23688027461344,7
2024-09-16 09:40:37.298000,419.2579865524219,102
2024-09-16 09:40:37.311000,419.2133090322055,97
2024-09-16 09:40:37.400000,419.175242237594,95
2024-09-16 09:40:37.539000,419.2236997799164,6
2024-09-16 09:40:37.549000,419.1716294131903,100
2024-09-16 09:40:37.631000,419.1751339955813,15
2024-09-16 09:40:37.722000,419.20499508341567,103
2024-09-16 09:40:37.742000,419.14765332850175,1002
2024-09-16 09:40:37.749000,419.24765219311047,9
2024-09-16 09:40:37.753000,419.22852053529726,15
2024-09-16 09:40:37.800000,419.2061609257161,6
2024-09-16 09:40:37.829000,419.24902278137387,1002
2024-09-16 09:40:37.869000,419.1803786752329,8
2024-09-16 09:40:37.888000,419.2445472813685,996
2024-09-16 09:40:37.894000,419.2340476793672,13
2024-09-16 09:40:37.902000,419.23219926601286,1002
2024-09-16 09:40:37.948000,419.196664536678,997
2024-09-16 09:40:37.985000,419.20670385104427,102
2024-09-16 09:40:38.102000,419.2827940870175,995
2024-09-16 09:40:38.306000,419.2657475691845,99
2024-09-16 09:40:38.363000,419.2720803856024,999
2024-09-16 09:40:38.668000,419.2521397838736,105
2024-09-16 09:40:39.015000,419.2779407320599,1001
2024-09-16 09:40:39.028000,419.2822390777295,998
2024-09-16 09:40:39.091000,419.3009298125041,98
2024-09-16 09:40:39.147000,419.2953137318525,97
2024-09-16 09:40:39.236000,419.28595107003366,105
2024-09-16 09:40:39.351000,419.27308824679295,99
2024-09-16 09:40:39.398000,419.28349332863183,997
2024-09-16 09:40:39.491000,419.279682601079,1000
2024-09-16 09:40:39.608000,419.27151465559024,998
2024-09-16 09:40:39.655000,419.2714838360034,1004
2024-09-16 09:40:39.778000,419.2750008487706,100
2024-09-16 09:40:39.894000,419.283041272784,12
2024-09-16 09:40:39.928000,419.2633670637171,1003
2024-09-16 09:40:39.976000,419.2777211978411,95
2024-09-16 09:40:40.017000,419.2778140438871,104
2024-09-16 09:40:40.069000,419.2126755733034,9
2024-09-16 09:40:40.176000,419.2844496724385,99
2024-09-16 09:40:40.205000,419.2571946606666,11
2024-09-16 09:40:40.400000,419.2765326015478,995
2024-09-16 09:40:40.440000,419.27871451082086,1003
2024-09-16 09:40:40.530000,419.2287166840501,96
2024-09-16 09:40:40.650000,419.2713916713636,97
2024-09-16 09:40:40.720000,419.2539407243185,98
2024-09-16 09:40:40.727000,419.28196111296046,997
2024-09-16 09:40:40.838000,419.2717863650875,100
2024-09-16 09:40:40.844000,419.2755512106235,15
2024-09-16 09:40:40.861000,419.26788596501706,6
2024-09-16 09:40:40.891000,419.26526049032645,96
2024-09-16 09:40:40.952000,419.2461726254014,1001
2024-09-16 09:40:41.003000,419.1662670914986,1005
2024-09-16 09:40:41.052000,419.1786222205458,12
2024-09-16 09:40:41.163000,419.165707130477,96
2024-09-16 09:40:41.196000,419.1711393822727,100
2024-09-16 09:40:41.217000,419.152086493648,1002
2024-09-16 09:40:41.229000,419.1401119646872,6
2024-09-16 09:40:41.256000,419.1672215748659,999
2024-09-16 09:40:41.256000,419.1764362569784,9
2024-09-16 09:40:41.391000,419.1787779602023,10
2024-09-16 09:40:41.474000,419.1665285076248,12
2024-09-16 09:40:41.521000,419.1789921355096,11
2024-09-16 09:40:41.558000,419.1497831403483,998
2024-09-16 09:40:41.560000,419.1848936045055,1001
2024-09-16 09:40:41.623000,419.1778258195482,1001
2024-09-16 09:40:41.627000,419.1919460097839,999
2024-09-16 09:40:41.629000,419.1690379594895,5
2024-09-16 09:40:41.664000,419.1535132198494,101
2024-09-16 09:40:41.666000,419.148624150914,104
2024-09-16 09:40:41.681000,419.16539719573103,102
2024-09-16 09:40:41.820000,419.1588586822722,103
2024-09-16 09:40:41.873000,419.16607809596303,96
2024-09-16 09:40:41.905000,419.17618844113593,1002
2024-09-16 09:40:41.924000,419.1756335771759,1003
2024-09-16 09:40:41.941000,419.181445813079,104
2024-09-16 09:40:41.957000,419.1625336667556,105
2024-09-16 09:40:41.977000,419.1836723405645,98
2024-09-16 09:40:41.992000,419.1776808373404,5
2024-09-16 09:40:41.993000,419.1659452746557,996
2024-09-16 09:40:42.074000,419.1641511029057,97
2024-09-16 09:40:42.202000,419.1719145724344,101
2024-09-16 09:40:42.204000,419.19161707819,96
2024-09-16 09:40:42.237000,419.1703248993048,14
2024-09-16 09:40:42.331000,419.1586933768206,998
2024-09-16 09:40:42.352000,419.1405597751659,5
2024-09-16 09:40:42.525000,419.15355438566974,9
2024-09-16 09:40:42.545000,419.1630720825008,14
2024-09-16 09:40:42.595000,419.17816880177736,1005
2024-09-16 09:40:42.768000,419.1840416983308,95
2024-09-16 09:40:42.775000,419.1992995137293,996
2024-09-16 09:40:42.832000,419.18298501295305,11
2024-09-16 09:40:42.948000,419.1520716033706,6
2024-09-16 09:40:43.066000,419.2526166210623,996
2024-09-16 09:40:43.133000,419.2384171961328,996
2024-09-16 09:40:43.149000,419.2447925709432,12
2024-09-16 09:40:43.175000,419.2614767431903,101
2024-09-16 09:40:43.188000,419.2661773864845,6
2024-09-16 09:40:43.210000,419.27148278610383,98
2024-09-16 09:40:43.212000,419.24115117281775,105
2024-09-16 09:40:43.217000,419.3045720584368,13
2024-09-16 09:40:43.225000,419.2326231884351,95
2024-09-16 09:40:43.342000,419.2822703049954,1002
2024-09-16 09:40:43.379000,419.2873386198269,100
2024-09-16 09:40:43.382000,419.2617207951964,1001
2024-09-16 09:40:43.388000,419.21888793559367,96
2024-09-16 09:40:43.401000,419.21868420987937,1005
2024-09-16 09:40:43.410000,419.2350079117238,14
2024-09-16 09:40:43.487000,419.3056108282945,9
2024-09-16 09:40:43.500000,419.25080361715897,100
2024-09-16 09:40:43.547000,419.2618986156208,97
2024-09-16 09:40:43.548000,419.2395213962269,5
2024-09-16 09:40:43.632000,419.241125483747,6
2024-09-16 09:40:43.639000,419.2284620403008,96
2024-09-16 09:40:43.729000,419.27759345047406,102
2024-09-16 09:40:43.734000,419.2378903457703,15
2024-09-16 09:40:43.758000,419.2877952597523,102
2024-09-16 09:40:43.768000,419.2747031929646,1002
2024-09-16 09:40:43.802000,419.2476906994764,1004
2024-09-16 09:40:43.855000,419.2358174622336,7
2024-09-16 09:40:43.894000,419.2256671778846,996
2024-09-16 09:40:43.993000,419.30525312993353,6
2024-09-16 09:40:44.002000,419.258977797012,996
2024-09-16 09:40:44.002000,419.2735731925019,999
2024-09-16 09:40:44.076000,419.2772659149573,10
2024-09-16 09:40:44.238000,419.3014500038501,7
2024-09-16 09:40:44.243000,419.3002045001583,101
2024-09-16 09:40:44.322000,419.2956075639577,11
2024-09-16 09:40:44.342000,419.28368457572327,14
2024-09-16 09:40:44.346000,419.2951412011353,15
2024-09-16 09:40:44.426000,419.30798849858,97
2024-09-16 09:40:44.452000,419.2596859753055,12
2024-09-16 09:40:44.486000,419.2718869909416,996
2024-09-16 09:40:44.493000,419.2691433985456,105
2024-09-16 09:40:44.537000,419.2344671928472,995
2024-09-16 09:40:44.541000,419.31469940809455,1002
2024-09-16 09:40:44.795000,419.2927706453927,98
2024-09-16 09:40:44.823000,419.3017293093475,99
2024-09-16 09:40:44.934000,419.2626167961097,11
2024-09-16 09:40:44.950000,419.2819421483161,13
2024-09-16 09:40:44.975000,419.2724380362856,98
2024-09-16 09:40:45.401000,419.3035717873434,1001
2024-09-16 09:40:45.516000,419.3071693814704,97
2024-09-16 09:40:45.620000,419.3017134860647,101
2024-09-16 09:40:45.853000,419.297263610461,13
2024-09-16 09:40:46.063000,419.3411534821906,15
2024-09-16 09:40:46.072000,419.3296449420439,12
2024-09-16 09:40:46.141000,419.3487242258501,9
2024-09-16 09:40:46.256000,419.3354176747445,13
2024-09-16 09:40:46.296000,419.3325397819252,8
2024-09-16 09:40:46.692000,419.3316810299975,1003
2024-09-16 09:40:46.728000,419.3255485749835,12
2024-09-16 09:40:46.730000,419.3663820865822,1004
2024-09-16 09:40:46.765000,419.3382867551078,95
2024-09-16 09:40:46.828000,419.3243922475421,101
2024-09-16 09:40:46.963000,419.31739660579535,1003
2024-09-16 09:40:47.121000,419.3228470597936,997
2024-09-16 09:40:47.193000,419.2477567605165,103
2024-09-16 09:40:47.280000,419.2307644947687,7
2024-09-16 09:40:47.314000,419.33219645972,97
2024-09-16 09:40:47.347000,419.24157678124783,102
2024-09-16 09:40:47.398000,419.2288863530954,10
2024-09-16 09:40:47.414000,419.32460989502266,998
2024-09-16 09:40:47.449000,419.3155877248202,999
2024-09-16 09:40:47.457000,419.2300065686897,100
2024-09-16 09:40:47.525000,419.24332532614267,105
2024-09-16 09:40:47.561000,419.2675862400116,105
2024-09-16 09:40:47.735000,419.335443879586,7
2024-09-16 09:40:47.751000,419.3035150697408,5
2024-09-16 09:40:47.755000,419.2737699924255,104
2024-09-16 09:40:47.804000,419.2916039377452,1003
2024-09-16 09:40:48.033000,419.2114825185676,12
2024-09-16 09:40:48.041000,419.2309806909458,105
2024-09-16 09:40:48.083000,419.23123901241513,1001
2024-09-16 09:40:48.173000,419.1801902602078,11
2024-09-16 09:40:48.184000,419.1818437615316,102
2024-09-16 09:40:48.199000,419.1694783419012,95
2024-09-16 09:40:48.268000,419.2205357121626,5
2024-09-16 09:40:48.372000,419.1837366032321,8
2024-09-16 09:40:48.377000,419.2152678396182,996
2024-09-16 09:40:48.439000,419.22808956199896,101
2024-09-16 09:40:48.473000,419.2051131269749,1003
2024-09-16 09:40:48.500000,419.22757527503467,100
2024-09-16 09:40:48.505000,419.1948657465932,11
2024-09-16 09:40:48.519000,419.2297040391835,101
2024-09-16 09:40:48.530000,419.2107773555325,1000
2024-09-16 09:40:48.727000,419.1802781208824,102
2024-09-16 09:40:48.751000,419.2303344694181,95
2024-09-16 09:40:48.759000,419.2294891102058,101
2024-09-16 09:40:48.822000,419.1756915935824,11
2024-09-16 09:40:48.868000,419.190463570442,998
2024-09-16 09:40:48.909000,419.23462044599535,104
2024-09-16 09:40:48.959000,419.1935784005586,10
2024-09-16 09:40:48.980000,419.177879621082,12
2024-09-16 09:40:48.983000,419.1995747773461,12
2024-09-16 09:40:49.016000,419.2493881527003,7
2024-09-16 09:40:49.042000,419.2215050525093,101
2024-09-16 09:40:49.055000,419.2406885216422,100
2024-09-16 09:40:49.088000,419.2164308164264,5
2024-09-16 09:40:49.103000,419.2412245341666,995
2024-09-16 09:40:49.132000,419.1681722271065,103
2024-09-16 09:40:49.160000,419.1999079917047,105
2024-09-16 09:40:49.193000,419.2483601768394,13
2024-09-16 09:40:49.464000,419.2490093822095,1000
2024-09-16 09:40:49.489000,419.207485468993,11
2024-09-16 09:40:49.553000,419.20589577924,104
2024-09-16 09:40:49.593000,419.225125787318,996
2024-09-16 09:40:49.608000,419.180586758422,13
2024-09-16 09:40:49.682000,419.24357272875005,103
2024-09-16 09:40:49.685000,419.2125904555744,11
2024-09-16 09:40:49.702000,419.2232409010588,1000
2024-09-16 09:40:49.782000,419.2139308879091,7
2024-09-16 09:40:49.801000,419.2261305021125,11
2024-09-16 09:40:49.836000,419.2206077523842,1001
2024-09-16 09:40:49.885000,419.2350123945148,5
2024-09-16 09:40:49.910000,419.1990121730298,999
2024-09-16 09:40:49.959000,419.1685659962481,6
2024-09-16 09:40:49.960000,419.2182010867196,100
2024-09-16 09:40:49.965000,419.2301921906482,997
2024-09-16 09:40:49.984000,419.2108087515612,105
2024-09-16 09:40:50.019000,419.2258085246317,102
2024-09-16 09:40:50.049000,419.2800817104725,5
2024-09-16 09:40:50.068000,419.2263717337023,10
2024-09-16 09:40:50.125000,419.27690143777215,997
2024-09-16 09:40:50.157000,419.28563036655567,102
2024-09-16 09:40:50.164000,419.2981535145919,5
2024-09-16 09:40:50.186000,419.2602237267145,105
2024-09-16 09:40:50.201000,419.3047035127529,1000
2024-09-16 09:40:50.203000,419.26873039671335,7
2024-09-16 09:40:50.296000,419.2597309759198,1000
2024-09-16 09:40:50.302000,419.2751844427812,1005
2024-09-16 09:40:50.422000,419.2857491621695,9
2024-09-16 09:40:50.653000,419.2332640414559,10
2024-09-16 09:40:50.729000,419.2575881129823,11
2024-09-16 09:40:50.835000,419.2608442496892,10
2024-09-16 09:40:51.261000,419.2792963581124,14
2024-09-16 09:40:51.287000,419.31674932021934,99
2024-09-16 09:40:51.312000,419.27202425638256,1004
2024-09-16 09:40:51.332000,419.3083579894352,105
2024-09-16 09:40:51.402000,419.315261097004,11
2024-09-16 09:40:51.443000,419.2994937457267,1004
2024-09-16 09:40:51.480000,419.29054900387,995
2024-09-16 09:40:51.593000,419.2798312383567,12
2024-09-16 09:40:51.611000,419.314362068606,997
2024-09-16 09:40:51.618000,419.3051557253404,6
2024-09-16 09:40:51.620000,419.27290263814746,8
2024-09-16 09:40:51.626000,419.28261891062544,95
2024-09-16 09:40:51.848000,419.28958203837306,1000
2024-09-16 09:40:51.856000,419.28718532826616,100
2024-09-16 09:40:51.899000,419.2882583165965,11
2024-09-16 09:40:51.910000,419.2651948895569,10
2024-09-16 09:40:51.923000,419.2981972571268,7
2024-09-16 09:40:51.940000,419.26316158912846,6
2024-09-16 09:40:51.940000,419.28100258412127,12
2024-09-16 09:40:51.943000,419.3184305112243,996
2024-09-16 09:40:52.030000,419.3080574322711,9
2024-09-16 09:40:52.406000,419.3487690798996,96
2024-09-16 09:40:52.487000,419.3446732314037,102
2024-09-16 09:40:52.555000,419.3477947686498,997
2024-09-16 09:40:52.718000,419.3434247661503,103
2024-09-16 09:40:52.955000,419.3390748481542,13
2024-09-16 09:40:53.026000,419.3243557182548,6
2024-09-16 09:40:53.501000,419.31854507527856,96
2024-09-16 09:40:53.640000,419.3198387256371,13
2024-09-16 09:40:55.023000,419.28966396865866,96
2024-09-16 09:40:55.064000,419.3139017449065,103
2024-09-16 09:40:55.149000,419.3153871009916,1003
2024-09-16 09:40:55.201000,419.332642973024,101
2024-09-16 09:40:55.277000,419.2968362593257,999
2024-09-16 09:40:55.279000,419.33049370063947,96
2024-09-16 09:40:55.288000,419.3534244568392,104
2024-09-16 09:40:55.306000,419.30243584444895,998
2024-09-16 09:40:55.324000,419.31551431744055,1001
2024-09-16 09:40:55.361000,419.27864181530936,14
2024-09-16 09:40:55.376000,419.31601808517416,11
2024-09-16 09:40:55.447000,419.2963770763057,12
2024-09-16 09:40:55.473000,419.29655431974646,1002
2024-09-16 09:40:55.533000,419.3190015448206,997
2024-09-16 09:40:55.553000,419.3405606476538,102
2024-09-16 09:40:55.571000,419.3221166147316,9
2024-09-16 09:40:55.575000,419.3626573635692,1004
2024-09-16 09:40:55.635000,419.337400424402,12
2024-09-16 09:40:55.718000,419.3454737554222,101
2024-09-16 09:40:55.771000,419.3547727045247,997
2024-09-16 09:40:55.820000,419.33143882166746,13
2024-09-16 09:40:55.827000,419.3365846099804,7
2024-09-16 09:40:55.903000,419.31674840927,98
2024-09-16 09:40:55.904000,419.333959018136,96
2024-09-16 09:40:55.907000,419.3563300109542,6
2024-09-16 09:40:55.909000,419.2769628973039,14
2024-09-16 09:40:55.922000,419.3175497636216,998
2024-09-16 09:40:55.972000,419.3291805330192,99
2024-09-16 09:40:56.039000,419.3181657658277,5
2024-09-16 09:40:56.080000,419.3215462810066,995
2024-09-16 09:40:56.118000,419.2869596913794,101
2024-09-16 09:40:56.231000,419.2666603929524,101
2024-09-16 09:40:56.242000,419.29307671842287,100
2024-09-16 09:40:56.301000,419.241580124701,1004
2024-09-16 09:40:56.317000,419.2900230708898,13
2024-09-16 09:40:56.424000,419.2682637559543,11
2024-09-16 09:40:56.443000,419.2611616752128,14
2024-09-16 09:40:56.449000,419.32016098355575,95
2024-09-16 09:40:56.481000,419.2858855563876,1005
2024-09-16 09:40:56.505000,419.2742942514974,1005
2024-09-16 09:40:56.531000,419.3044027213925,105
2024-09-16 09:40:56.541000,419.30735240508267,997
2024-09-16 09:40:56.575000,419.2323211511616,101
2024-09-16 09:40:56.578000,419.287293404397,9
2024-09-16 09:40:56.583000,419.3103515757007,998
2024-09-16 09:40:56.631000,419.29336947891983,95
2024-09-16 09:40:56.649000,419.3106117551706,9
2024-09-16 09:40:56.666000,419.2973308291456,999
2024-09-16 09:40:56.697000,419.2820626574074,7
2024-09-16 09:40:56.734000,419.3108309881362,999
2024-09-16 09:40:56.743000,419.276563976742,997
2024-09-16 09:40:56.772000,419.2975243241888,997
2024-09-16 09:40:56.800000,419.3184943005143,99
2024-09-16 09:40:56.810000,419.29046962479214,95
2024-09-16 09:40:56.869000,419.230857701595,105
2024-09-16 09:40:56.920000,419.3117881080721,5
2024-09-16 09:40:57.151000,419.2892933791915,996
2024-09-16 09:40:57.185000,419.29940312957854,8
2024-09-16 09:40:57.538000,419.29244742850136,100
2024-09-16 09:40:57.910000,419.279372491855,97
2024-09-16 09:40:58.038000,419.2326791916324,999
2024-09-16 09:40:58.213000,419.3013628718247,1001
2024-09-16 09:40:58.318000,419.26242494490384,997
2024-09-16 09:40:58.402000,419.2549298070933,1000
2024-09-16 09:40:58.412000,419.26254209920864,99
2024-09-16 09:40:58.486000,419.2646367682716,14
2024-09-16 09:40:58.519000,419.2977948159104,7
2024-09-16 09:40:58.534000,419.31399359806863,995
2024-09-16 09:40:58.535000,419.22585010245535,103
2024-09-16 09:40:58.623000,419.2579352905981,102
2024-09-16 09:40:58.655000,419.3017945365721,998
2024-09-16 09:40:58.665000,419.2672024809265,1004
2024-09-16 09:40:58.697000,419.2758073337283,1001
2024-09-16 09:40:58.766000,419.26818664790073,8
2024-09-16 09:40:58.792000,419.22155060850736,997
2024-09-16 09:40:58.838000,419.25687300516455,1002
2024-09-16 09:40:58.891000,419.29676095839534,997
2024-09-16 09:40:58.904000,419.2724244092709,999
2024-09-16 09:40:58.930000,419.30374716326287,96
2024-09-16 09:40:58.956000,419.27871458157233,101
2024-09-16 09:40:58.965000,419.2968660961313,1004
2024-09-16 09:40:59.124000,419.1966743388294,996
2024-09-16 09:40:59.147000,419.2093640239031,99
2024-09-16 09:40:59.150000,419.2285347358289,995
2024-09-16 09:40:59.156000,419.21484773064856,1005
2024-09-16 09:40:59.235000,419.2166429998181,102
2024-09-16 09:40:59.281000,419.2205780028124,96
2024-09-16 09:40:59.378000,419.1991796271223,14
2024-09-16 09:40:59.388000,419.22245339103824,96
2024-09-16 09:40:59.419000,419.2112669477772,15
2024-09-16 09:40:59.468000,419.2085473695537,101
2024-09-16 09:40:59.477000,419.19085176681295,9
2024-09-16 09:40:59.612000,419.2138461102661,96
2024-09-16 09:40:59.650000,419.213519951866,11
2024-09-16 09:40:59.684000,419.218551599218,103
2024-09-16 09:40:59.686000,419.2258612809875,96
2024-09-16 09:40:59.689000,419.2083972437696,104
2024-09-16 09:40:59.700000,419.2136599501528,95
2024-09-16 09:40:59.701000,419.22459461067984,98
2024-09-16 09:40:59.737000,419.20656162884273,6
2024-09-16 09:40:59.772000,419.2026598570591,98
2024-09-16 09:40:59.773000,419.1906164553469,10
2024-09-16 09:40:59.787000,419.2023008349706,1003
2024-09-16 09:40:59.787000,419.2170061049785,102
2024-09-16 09:40:59.865000,419.1985140450847,1004
2024-09-16 09:40:59.920000,419.2247536335683,96
