Timestamp,Price,Size
2024-09-16 12:33:00.073000,415.66640087363845,996
2024-09-16 12:33:00.079000,415.65160784755886,14
2024-09-16 12:33:00.088000,415.64043508956615,15
2024-09-16 12:33:00.389000,415.6467569382723,996
2024-09-16 12:33:00.442000,415.6541404662637,1000
2024-09-16 12:33:00.509000,415.6434499560279,1005
2024-09-16 12:33:00.536000,415.6442285781219,1005
2024-09-16 12:33:00.807000,415.6589680075393,995
2024-09-16 12:33:00.874000,415.6404124742788,995
2024-09-16 12:33:00.939000,415.6343351601533,997
2024-09-16 12:33:00.984000,415.6497980509229,998
2024-09-16 12:33:01.030000,415.6494794011261,101
2024-09-16 12:33:01.115000,415.6655692795181,105
2024-09-16 12:33:01.141000,415.6884698457557,6
2024-09-16 12:33:01.141000,415.6809460515596,995
2024-09-16 12:33:01.175000,415.6783933715217,9
2024-09-16 12:33:01.201000,415.6782866695355,10
2024-09-16 12:33:01.308000,415.6578299816682,999
2024-09-16 12:33:01.333000,415.64743256297527,10
2024-09-16 12:33:01.372000,415.6253048378082,998
2024-09-16 12:33:01.384000,415.6663541841052,999
2024-09-16 12:33:01.496000,415.6739167676784,6
2024-09-16 12:33:01.691000,415.6720195585739,10
2024-09-16 12:33:01.694000,415.6434464042752,8
2024-09-16 12:33:01.751000,415.66116221313126,100
2024-09-16 12:33:01.761000,415.6791611500309,11
2024-09-16 12:33:01.814000,415.61721182245685,10
2024-09-16 12:33:01.845000,415.636330213753,97
2024-09-16 12:33:01.863000,415.6145977322727,1004
2024-09-16 12:33:01.911000,415.6792853356165,1005
2024-09-16 12:33:02.345000,415.7006505717875,1000
2024-09-16 12:33:02.552000,415.7043829971046,101
2024-09-16 12:33:02.560000,415.70097780987294,12
2024-09-16 12:33:02.991000,415.70583393090897,9
2024-09-16 12:33:03.129000,415.68784780949534,5
2024-09-16 12:33:03.132000,415.7220949370382,15
2024-09-16 12:33:03.178000,415.7024745645943,102
2024-09-16 12:33:03.179000,415.6673283619167,997
2024-09-16 12:33:03.193000,415.7281555728654,6
2024-09-16 12:33:03.216000,415.6929216830053,95
2024-09-16 12:33:03.232000,415.7074261926246,1003
2024-09-16 12:33:03.264000,415.72529397725015,105
2024-09-16 12:33:03.449000,415.7072255958301,998
2024-09-16 12:33:03.532000,415.6900489134173,15
2024-09-16 12:33:03.626000,415.69255950580856,13
2024-09-16 12:33:03.667000,415.6864591287615,15
2024-09-16 12:33:03.715000,415.6709044702689,96
2024-09-16 12:33:03.721000,415.7349687122613,995
2024-09-16 12:33:03.725000,415.69311974000505,105
2024-09-16 12:33:03.833000,415.6995341701715,998
2024-09-16 12:33:03.907000,415.71134678915735,96
2024-09-16 12:33:03.940000,415.68157082286297,15
2024-09-16 12:33:04.172000,415.6574298171266,8
2024-09-16 12:33:04.413000,415.67050595144775,1003
2024-09-16 12:33:04.460000,415.6776868222417,15
2024-09-16 12:33:04.654000,415.6979337903177,13
2024-09-16 12:33:04.707000,415.6946494939976,98
2024-09-16 12:33:04.728000,415.69479043043305,105
2024-09-16 12:33:05.055000,415.6675805703733,104
2024-09-16 12:33:05.174000,415.6431245553379,102
2024-09-16 12:33:05.181000,415.6605176801668,7
2024-09-16 12:33:05.263000,415.6529575726333,101
2024-09-16 12:33:05.332000,415.6912162789185,103
2024-09-16 12:33:05.347000,415.6762651789852,1001
2024-09-16 12:33:05.383000,415.6256300721256,9
2024-09-16 12:33:05.384000,415.67934625172165,101
2024-09-16 12:33:05.446000,415.665671653059,97
2024-09-16 12:33:05.475000,415.67738648368527,13
2024-09-16 12:33:05.476000,415.6352246314107,14
2024-09-16 12:33:05.510000,415.6461441309718,7
2024-09-16 12:33:05.606000,415.647930118529,1003
2024-09-16 12:33:05.619000,415.64304725541047,995
2024-09-16 12:33:05.635000,415.6576362408968,996
2024-09-16 12:33:05.716000,415.64065908215554,1001
2024-09-16 12:33:05.735000,415.66350541634034,105
2024-09-16 12:33:05.789000,415.6734324313537,15
2024-09-16 12:33:05.798000,415.6842927538288,1003
2024-09-16 12:33:05.824000,415.6749873666418,8
2024-09-16 12:33:05.910000,415.6588765960972,13
2024-09-16 12:33:05.927000,415.69491989414416,8
2024-09-16 12:33:06.038000,415.6145123761977,5
2024-09-16 12:33:06.063000,415.6615229984188,1002
2024-09-16 12:33:06.142000,415.6444652587972,8
2024-09-16 12:33:06.151000,415.6435577943266,102
2024-09-16 12:33:06.191000,415.6239175263051,97
2024-09-16 12:33:06.311000,415.6210035107064,1000
2024-09-16 12:33:06.344000,415.6272365817397,14
2024-09-16 12:33:06.368000,415.6475927274848,103
2024-09-16 12:33:06.466000,415.6152382993286,95
2024-09-16 12:33:06.635000,415.63036585996485,996
2024-09-16 12:33:06.743000,415.6319810452979,996
2024-09-16 12:33:06.776000,415.6399932437106,14
2024-09-16 12:33:06.807000,415.6299520359949,12
2024-09-16 12:33:06.861000,415.6638702858178,1000
2024-09-16 12:33:06.926000,415.61045593769137,13
2024-09-16 12:33:07.001000,415.6740170620701,996
2024-09-16 12:33:07.001000,415.64567874199935,995
2024-09-16 12:33:07.048000,415.6637033772751,1005
2024-09-16 12:33:07.063000,415.6411949526053,101
2024-09-16 12:33:07.114000,415.6810051724998,99
2024-09-16 12:33:07.169000,415.6662774268882,998
2024-09-16 12:33:07.201000,415.6488615060499,10
2024-09-16 12:33:07.254000,415.67177450313824,1005
2024-09-16 12:33:07.300000,415.6848853463511,104
2024-09-16 12:33:07.302000,415.6579594575465,7
2024-09-16 12:33:07.315000,415.63860660865976,9
2024-09-16 12:33:07.482000,415.66971389491454,11
2024-09-16 12:33:07.493000,415.64516657438816,6
2024-09-16 12:33:07.525000,415.6374233453541,101
2024-09-16 12:33:07.776000,415.6478494745692,999
2024-09-16 12:33:07.814000,415.6655850757549,10
2024-09-16 12:33:07.906000,415.6610585738065,105
2024-09-16 12:33:07.917000,415.6609967864649,10
2024-09-16 12:33:07.944000,415.6723219187157,1005
2024-09-16 12:33:10.043000,415.6587683578298,1003
2024-09-16 12:33:10.127000,415.63453935260446,97
2024-09-16 12:33:10.165000,415.6084217786422,1001
2024-09-16 12:33:10.178000,415.6219290215703,99
2024-09-16 12:33:10.204000,415.6569330816169,10
2024-09-16 12:33:10.311000,415.61610948762416,6
2024-09-16 12:33:10.319000,415.6632613949384,5
2024-09-16 12:33:10.352000,415.62915050758346,97
2024-09-16 12:33:10.453000,415.6581756175569,101
2024-09-16 12:33:10.482000,415.6061024751152,9
2024-09-16 12:33:10.573000,415.65647753099466,102
2024-09-16 12:33:10.753000,415.6139728398058,104
2024-09-16 12:33:10.772000,415.618117544254,101
2024-09-16 12:33:10.802000,415.625811166092,10
2024-09-16 12:33:10.931000,415.60630591342687,1000
2024-09-16 12:33:11.017000,415.5872425843529,5
2024-09-16 12:33:11.059000,415.6106587941992,13
2024-09-16 12:33:11.090000,415.62464269836585,15
2024-09-16 12:33:11.099000,415.6425040922295,14
2024-09-16 12:33:11.101000,415.6615964892628,102
2024-09-16 12:33:11.177000,415.6370660967223,104
2024-09-16 12:33:11.186000,415.6397038191273,105
2024-09-16 12:33:11.201000,415.6859607524291,99
2024-09-16 12:33:11.225000,415.6370107661083,7
2024-09-16 12:33:11.235000,415.6410845171557,8
2024-09-16 12:33:11.271000,415.68236272177614,5
2024-09-16 12:33:11.290000,415.64569022667786,996
2024-09-16 12:33:11.321000,415.60203664114994,999
2024-09-16 12:33:11.356000,415.6187066113875,997
2024-09-16 12:33:11.372000,415.6306217253569,7
2024-09-16 12:33:11.408000,415.6106813786944,998
2024-09-16 12:33:11.457000,415.61734590973896,95
2024-09-16 12:33:11.504000,415.6114444007105,1005
2024-09-16 12:33:11.561000,415.63286811587807,98
2024-09-16 12:33:11.582000,415.6349157207577,99
2024-09-16 12:33:11.595000,415.5850733622337,100
2024-09-16 12:33:11.700000,415.6767985703329,996
2024-09-16 12:33:11.731000,415.63397901889846,5
2024-09-16 12:33:11.841000,415.63999835857805,103
2024-09-16 12:33:11.937000,415.639149604118,96
2024-09-16 12:33:13.056000,415.654640242947,99
2024-09-16 12:33:13.083000,415.666513251052,9
2024-09-16 12:33:13.100000,415.5903131580306,10
2024-09-16 12:33:13.108000,415.5797732984199,1003
2024-09-16 12:33:13.302000,415.63391745670526,995
2024-09-16 12:33:13.308000,415.6513935985009,105
2024-09-16 12:33:13.393000,415.6312140431114,996
2024-09-16 12:33:13.429000,415.5793036696152,12
2024-09-16 12:33:13.456000,415.6157955393249,1004
2024-09-16 12:33:13.491000,415.572619640643,999
2024-09-16 12:33:13.588000,415.57386175313246,995
2024-09-16 12:33:13.603000,415.6014246101553,6
2024-09-16 12:33:13.613000,415.5836076733116,1002
2024-09-16 12:33:13.645000,415.5815954972932,96
2024-09-16 12:33:13.696000,415.64215891134,999
2024-09-16 12:33:13.708000,415.5874461807118,1002
2024-09-16 12:33:13.737000,415.6555067781717,1004
2024-09-16 12:33:13.855000,415.6373026238369,6
2024-09-16 12:33:13.881000,415.5793077592813,97
2024-09-16 12:33:13.900000,415.6096225555911,98
2024-09-16 12:33:14.056000,415.5253114194391,98
2024-09-16 12:33:14.060000,415.54349998502585,15
2024-09-16 12:33:14.081000,415.46906322249134,101
2024-09-16 12:33:14.089000,415.5244380701072,9
2024-09-16 12:33:14.176000,415.53207845459445,97
2024-09-16 12:33:14.245000,415.5816493097579,1002
2024-09-16 12:33:14.277000,415.485436256032,100
2024-09-16 12:33:14.341000,415.516081695696,997
2024-09-16 12:33:14.385000,415.54825535949504,999
2024-09-16 12:33:14.387000,415.5329754391684,99
2024-09-16 12:33:14.388000,415.557190551532,11
2024-09-16 12:33:14.411000,415.5577940795541,11
2024-09-16 12:33:14.594000,415.5405440678276,102
2024-09-16 12:33:14.613000,415.46882927905,101
2024-09-16 12:33:14.819000,415.4893750199428,1004
2024-09-16 12:33:14.828000,415.57480183021016,1003
2024-09-16 12:33:14.923000,415.5184114065037,8
2024-09-16 12:33:14.939000,415.53324423659126,1002
2024-09-16 12:33:14.945000,415.46474952774,15
2024-09-16 12:33:15.125000,415.47582606354376,100
2024-09-16 12:33:15.308000,415.4612718387251,1000
2024-09-16 12:33:15.317000,415.467533247602,998
2024-09-16 12:33:15.366000,415.4425108716304,997
2024-09-16 12:33:15.439000,415.45420331185295,1003
2024-09-16 12:33:15.520000,415.4540185704809,8
2024-09-16 12:33:15.521000,415.47235011286944,101
2024-09-16 12:33:15.533000,415.4620973534895,10
2024-09-16 12:33:15.725000,415.47792494993394,13
2024-09-16 12:33:15.803000,415.4537582734491,1002
2024-09-16 12:33:15.833000,415.4729683474636,97
2024-09-16 12:33:15.921000,415.48638127733335,100
2024-09-16 12:33:16.001000,415.54160150973104,995
2024-09-16 12:33:16.005000,415.5460636678145,104
2024-09-16 12:33:16.013000,415.47067084703065,96
2024-09-16 12:33:16.039000,415.5176815737706,15
2024-09-16 12:33:16.122000,415.52076423536056,99
2024-09-16 12:33:16.134000,415.6244247380431,1002
2024-09-16 12:33:16.152000,415.6223505999461,102
2024-09-16 12:33:16.240000,415.5815222512352,1001
2024-09-16 12:33:16.264000,415.6281098970925,1005
2024-09-16 12:33:16.355000,415.62067746884776,102
2024-09-16 12:33:16.388000,415.581225800861,11
2024-09-16 12:33:16.451000,415.6114107966809,14
2024-09-16 12:33:16.526000,415.5923934331061,1000
2024-09-16 12:33:16.602000,415.5812652984681,12
2024-09-16 12:33:16.640000,415.6164969386065,1001
2024-09-16 12:33:16.664000,415.4665550624831,101
2024-09-16 12:33:16.667000,415.6252248919704,7
2024-09-16 12:33:16.684000,415.61816426243394,104
2024-09-16 12:33:16.729000,415.5053854354687,1003
2024-09-16 12:33:16.754000,415.4535577122364,10
2024-09-16 12:33:16.801000,415.5136210808843,12
2024-09-16 12:33:16.850000,415.517255468607,9
2024-09-16 12:33:16.857000,415.6238087570178,101
2024-09-16 12:33:16.887000,415.5771900080919,997
2024-09-16 12:33:16.892000,415.51049112906935,12
2024-09-16 12:33:16.901000,415.4714493789693,1001
2024-09-16 12:33:16.943000,415.5006161341192,997
2024-09-16 12:33:17.091000,415.6278124601535,14
2024-09-16 12:33:17.240000,415.6285660862618,997
2024-09-16 12:33:17.293000,415.6114082827935,97
2024-09-16 12:33:17.522000,415.627511830846,98
2024-09-16 12:33:17.557000,415.6252457134672,97
2024-09-16 12:33:17.791000,415.6288551892016,15
2024-09-16 12:33:17.996000,415.6347571803532,1002
2024-09-16 12:33:18.055000,415.6429692878831,11
2024-09-16 12:33:18.092000,415.6295697263228,998
2024-09-16 12:33:18.195000,415.63912684115337,8
2024-09-16 12:33:18.256000,415.6210415524546,14
2024-09-16 12:33:18.376000,415.63662907767474,1002
2024-09-16 12:33:18.513000,415.6157000262228,11
2024-09-16 12:33:18.521000,415.6339794889543,99
2024-09-16 12:33:18.673000,415.62691475132414,1001
2024-09-16 12:33:18.674000,415.6143325581909,996
2024-09-16 12:33:18.755000,415.6232545758349,14
2024-09-16 12:33:18.794000,415.6301794166711,14
2024-09-16 12:33:18.844000,415.6201116914046,98
2024-09-16 12:33:18.881000,415.6144977202241,95
2024-09-16 12:33:18.968000,415.61092088522014,1003
2024-09-16 12:33:19.257000,415.6253396954135,98
2024-09-16 12:33:19.258000,415.6360631155196,995
2024-09-16 12:33:20.017000,415.6747782122802,5
2024-09-16 12:33:20.086000,415.6622683748493,5
2024-09-16 12:33:20.175000,415.6757874146441,1002
2024-09-16 12:33:20.265000,415.66199975140586,7
2024-09-16 12:33:20.309000,415.6559778278532,105
2024-09-16 12:33:20.372000,415.6368456848516,105
2024-09-16 12:33:20.466000,415.65344519223606,99
2024-09-16 12:33:20.491000,415.63751461672535,12
2024-09-16 12:33:20.638000,415.6434268400823,995
2024-09-16 12:33:20.668000,415.67403705205504,5
2024-09-16 12:33:20.772000,415.6706309594923,1000
2024-09-16 12:33:20.874000,415.6573163891149,10
2024-09-16 12:33:20.915000,415.6538660333182,996
2024-09-16 12:33:21.005000,415.6260552919966,1002
2024-09-16 12:33:21.101000,415.6492888120383,6
2024-09-16 12:33:21.127000,415.6392954327658,12
2024-09-16 12:33:21.201000,415.61063149694775,999
2024-09-16 12:33:21.216000,415.6090909743654,1000
2024-09-16 12:33:21.237000,415.6386256358829,101
2024-09-16 12:33:21.243000,415.6436649934297,96
2024-09-16 12:33:21.300000,415.65295846262006,8
2024-09-16 12:33:21.512000,415.631387518835,102
2024-09-16 12:33:21.540000,415.6411614870426,100
2024-09-16 12:33:21.612000,415.6642738850614,14
2024-09-16 12:33:21.709000,415.6535849323923,995
2024-09-16 12:33:21.715000,415.63089323271015,12
2024-09-16 12:33:21.733000,415.6541305723911,8
2024-09-16 12:33:21.780000,415.6386630707473,104
2024-09-16 12:33:21.790000,415.6571907812416,12
2024-09-16 12:33:21.853000,415.65551284320327,95
2024-09-16 12:33:21.856000,415.6413570775411,95
2024-09-16 12:33:21.879000,415.64127164495216,12
2024-09-16 12:33:21.880000,415.6272303448803,15
2024-09-16 12:33:21.882000,415.6439986427783,103
2024-09-16 12:33:21.981000,415.6444149678628,12
2024-09-16 12:33:22.072000,415.6117747554616,104
2024-09-16 12:33:22.108000,415.6167780193868,999
2024-09-16 12:33:22.116000,415.64278642974966,999
2024-09-16 12:33:22.159000,415.63210225831074,997
2024-09-16 12:33:22.170000,415.62087816253467,101
2024-09-16 12:33:22.374000,415.5977277450693,100
2024-09-16 12:33:22.431000,415.6469931711595,98
2024-09-16 12:33:22.593000,415.6166722546193,999
2024-09-16 12:33:22.740000,415.6185635883644,1000
2024-09-16 12:33:22.816000,415.6049100401282,100
2024-09-16 12:33:23.166000,415.6129081335051,96
2024-09-16 12:33:23.214000,415.6020205604679,1000
2024-09-16 12:33:23.261000,415.624900072751,97
2024-09-16 12:33:23.276000,415.5740603807188,996
2024-09-16 12:33:23.300000,415.5977845928739,999
2024-09-16 12:33:23.402000,415.5814657511024,1001
2024-09-16 12:33:23.434000,415.628304315511,96
2024-09-16 12:33:23.456000,415.63639689758446,1002
2024-09-16 12:33:23.468000,415.60846697668313,5
2024-09-16 12:33:23.487000,415.6111696097694,102
2024-09-16 12:33:23.506000,415.6135016390943,98
2024-09-16 12:33:23.620000,415.6234979523702,101
2024-09-16 12:33:23.721000,415.5738296986274,1005
2024-09-16 12:33:23.728000,415.6101410006275,1004
2024-09-16 12:33:23.734000,415.602104192981,10
2024-09-16 12:33:23.801000,415.6365874001772,1001
2024-09-16 12:33:23.818000,415.6189849817152,1003
2024-09-16 12:33:23.840000,415.6104227694832,103
2024-09-16 12:33:23.874000,415.57472932923054,104
2024-09-16 12:33:23.931000,415.6426072734511,95
2024-09-16 12:33:23.963000,415.6084256916161,996
2024-09-16 12:33:24.028000,415.5755537097382,100
2024-09-16 12:33:24.068000,415.62496156825495,1004
2024-09-16 12:33:24.098000,415.5446762460456,1000
2024-09-16 12:33:24.115000,415.6083478689831,7
2024-09-16 12:33:24.128000,415.5659659753061,6
2024-09-16 12:33:24.196000,415.5652340189192,96
2024-09-16 12:33:24.332000,415.6150013940554,8
2024-09-16 12:33:24.344000,415.5956697202295,97
2024-09-16 12:33:24.560000,415.5819624427769,997
2024-09-16 12:33:24.623000,415.6003750663082,97
2024-09-16 12:33:24.631000,415.62566634434825,997
2024-09-16 12:33:24.651000,415.5682229743207,101
2024-09-16 12:33:24.688000,415.5704216834821,9
2024-09-16 12:33:24.749000,415.5659707195431,104
2024-09-16 12:33:24.779000,415.5742380764402,5
2024-09-16 12:33:24.857000,415.5785709832169,11
2024-09-16 12:33:24.912000,415.5661416337632,99
2024-09-16 12:33:24.950000,415.5669343796248,1003
2024-09-16 12:33:24.977000,415.6029947217721,1001
2024-09-16 12:33:24.982000,415.5810054084551,5
2024-09-16 12:33:24.992000,415.5697135759642,12
2024-09-16 12:33:25.131000,415.582959977412,11
2024-09-16 12:33:25.327000,415.59499675963167,1004
2024-09-16 12:33:25.485000,415.5700012494031,97
2024-09-16 12:33:25.546000,415.5675930356175,9
2024-09-16 12:33:25.564000,415.5726922619386,997
2024-09-16 12:33:25.643000,415.56374500323074,11
2024-09-16 12:33:25.660000,415.5679789147904,14
2024-09-16 12:33:25.694000,415.5845618350817,998
2024-09-16 12:33:25.712000,415.5913549149428,104
2024-09-16 12:33:25.830000,415.5460540390823,5
2024-09-16 12:33:25.930000,415.5394533240054,6
2024-09-16 12:33:26.193000,415.6624681640806,12
2024-09-16 12:33:26.227000,415.6686054140163,14
2024-09-16 12:33:26.232000,415.62149716399495,12
2024-09-16 12:33:26.432000,415.5785366514869,997
2024-09-16 12:33:26.461000,415.66268190177146,10
2024-09-16 12:33:26.661000,415.6633106372281,1000
2024-09-16 12:33:26.711000,415.5892701263388,999
2024-09-16 12:33:26.756000,415.64774552552456,104
2024-09-16 12:33:26.790000,415.6301502962153,997
2024-09-16 12:33:26.809000,415.6313117290504,6
2024-09-16 12:33:26.931000,415.6599568341547,101
2024-09-16 12:33:26.981000,415.64000069128105,1002
2024-09-16 12:33:27.061000,415.6727896534161,95
2024-09-16 12:33:27.064000,415.67521478748654,97
2024-09-16 12:33:27.068000,415.6785580221216,12
2024-09-16 12:33:27.124000,415.65369909205606,104
2024-09-16 12:33:27.134000,415.6807397253722,11
2024-09-16 12:33:27.160000,415.6838252703308,105
2024-09-16 12:33:27.306000,415.6752509548926,1000
2024-09-16 12:33:27.358000,415.67656922478335,1000
2024-09-16 12:33:27.359000,415.6457981433485,1004
2024-09-16 12:33:27.396000,415.6578415506475,9
2024-09-16 12:33:27.396000,415.6735981042087,1003
2024-09-16 12:33:27.407000,415.6757345696319,10
2024-09-16 12:33:27.484000,415.6759108137863,5
2024-09-16 12:33:27.494000,415.68394160447343,10
2024-09-16 12:33:27.507000,415.69132856185513,104
2024-09-16 12:33:27.512000,415.663645622748,11
2024-09-16 12:33:27.539000,415.6465009906289,7
2024-09-16 12:33:27.549000,415.6635670586489,95
2024-09-16 12:33:27.640000,415.6606720417125,1003
2024-09-16 12:33:27.662000,415.68295854246657,7
2024-09-16 12:33:27.691000,415.66666747130137,13
2024-09-16 12:33:27.710000,415.6872691528063,98
2024-09-16 12:33:27.918000,415.6860642587408,998
2024-09-16 12:33:27.929000,415.66351035221805,7
2024-09-16 12:33:27.978000,415.6457630793423,1001
2024-09-16 12:33:28.076000,415.64504849088377,6
2024-09-16 12:33:28.142000,415.6302759099776,14
2024-09-16 12:33:28.143000,415.67825829066425,13
2024-09-16 12:33:28.149000,415.69324380762623,100
2024-09-16 12:33:28.177000,415.68678004621495,99
2024-09-16 12:33:28.180000,415.6941204732516,100
2024-09-16 12:33:28.567000,415.7058862223381,97
2024-09-16 12:33:28.749000,415.6693293056451,104
2024-09-16 12:33:28.764000,415.6659836528468,8
2024-09-16 12:33:28.788000,415.6689362925691,96
2024-09-16 12:33:28.825000,415.6421268091693,999
2024-09-16 12:33:28.956000,415.6896153168496,101
2024-09-16 12:33:30.030000,415.5914006885925,999
2024-09-16 12:33:30.094000,415.61575738263343,999
2024-09-16 12:33:30.111000,415.6131407573467,997
2024-09-16 12:33:30.119000,415.5925406889765,999
2024-09-16 12:33:30.147000,415.6176407717265,8
2024-09-16 12:33:30.184000,415.6294258138293,95
2024-09-16 12:33:30.243000,415.6153106481004,995
2024-09-16 12:33:30.244000,415.6557863527596,7
2024-09-16 12:33:30.278000,415.6683303865668,9
2024-09-16 12:33:30.308000,415.64913933402346,15
2024-09-16 12:33:30.436000,415.610567380837,15
2024-09-16 12:33:30.468000,415.6394341197603,1001
2024-09-16 12:33:30.508000,415.632886725523,8
2024-09-16 12:33:30.520000,415.61033686205536,100
2024-09-16 12:33:30.531000,415.61686675045473,995
2024-09-16 12:33:30.594000,415.6563570890766,101
2024-09-16 12:33:30.616000,415.6337497054159,7
2024-09-16 12:33:30.622000,415.64519054452654,10
2024-09-16 12:33:30.644000,415.614147901595,104
2024-09-16 12:33:30.744000,415.6171250148694,1005
2024-09-16 12:33:30.815000,415.6156476271431,1001
2024-09-16 12:33:30.886000,415.6028477156088,995
2024-09-16 12:33:30.999000,415.6266609851128,97
2024-09-16 12:33:31.055000,415.6136180344778,99
2024-09-16 12:33:31.117000,415.6294331971835,99
2024-09-16 12:33:31.118000,415.6144987521228,1001
2024-09-16 12:33:31.159000,415.6515169332341,7
2024-09-16 12:33:31.184000,415.6176502922025,1004
2024-09-16 12:33:31.236000,415.621632763617,1005
2024-09-16 12:33:31.261000,415.619691956885,1000
2024-09-16 12:33:31.265000,415.6710271928636,7
2024-09-16 12:33:31.269000,415.6013471605512,1002
2024-09-16 12:33:31.322000,415.6133483748487,1000
2024-09-16 12:33:31.325000,415.63965114664455,104
2024-09-16 12:33:31.358000,415.60541188594505,997
2024-09-16 12:33:31.359000,415.63342918600887,997
2024-09-16 12:33:31.371000,415.6321003021978,6
2024-09-16 12:33:31.410000,415.61521667961375,12
2024-09-16 12:33:31.444000,415.622752308363,100
2024-09-16 12:33:31.480000,415.59638617621744,12
2024-09-16 12:33:31.562000,415.6257547923773,10
2024-09-16 12:33:31.641000,415.6205608337676,1003
2024-09-16 12:33:31.678000,415.64510527853406,9
2024-09-16 12:33:31.703000,415.63755332836297,13
2024-09-16 12:33:31.775000,415.63476478912526,105
2024-09-16 12:33:31.789000,415.6422179762049,14
2024-09-16 12:33:31.816000,415.65590214124734,14
2024-09-16 12:33:31.851000,415.6132895692891,95
2024-09-16 12:33:31.880000,415.64810525815307,103
2024-09-16 12:33:31.888000,415.6150327110083,997
2024-09-16 12:33:31.936000,415.60884071855617,104
2024-09-16 12:33:31.955000,415.6319630003184,7
2024-09-16 12:33:31.979000,415.6076509739777,999
2024-09-16 12:33:32.122000,415.6540663450386,1001
2024-09-16 12:33:32.495000,415.6547065154236,101
2024-09-16 12:33:32.619000,415.6808818028453,995
2024-09-16 12:33:32.717000,415.6597074797075,1000
2024-09-16 12:33:32.803000,415.6973838796301,15
2024-09-16 12:33:32.817000,415.6585742695172,105
2024-09-16 12:33:32.857000,415.65231165241744,1001
2024-09-16 12:33:32.874000,415.6616209594011,101
2024-09-16 12:33:33.102000,415.6910203183713,6
2024-09-16 12:33:33.103000,415.69264781379616,97
2024-09-16 12:33:34.024000,415.6855766857352,15
2024-09-16 12:33:34.080000,415.71147557783314,995
2024-09-16 12:33:34.131000,415.7217031231689,7
2024-09-16 12:33:34.134000,415.7176322619126,14
2024-09-16 12:33:34.337000,415.7018140873158,15
2024-09-16 12:33:34.371000,415.7174502569087,12
2024-09-16 12:33:34.445000,415.7271936720572,1003
2024-09-16 12:33:34.445000,415.6823484665477,98
2024-09-16 12:33:34.460000,415.7305909204955,1001
2024-09-16 12:33:34.481000,415.7310395881077,6
2024-09-16 12:33:34.532000,415.69356071235467,1005
2024-09-16 12:33:34.574000,415.7141438348157,14
2024-09-16 12:33:34.650000,415.7223368825215,1002
2024-09-16 12:33:34.749000,415.6796602179736,95
2024-09-16 12:33:34.754000,415.7182041671041,105
2024-09-16 12:33:34.776000,415.6955256497169,14
2024-09-16 12:33:34.796000,415.70200184969184,5
2024-09-16 12:33:34.807000,415.69890531015176,5
2024-09-16 12:33:34.809000,415.6765073216315,1002
2024-09-16 12:33:34.828000,415.71538640731865,996
2024-09-16 12:33:34.832000,415.7128674159961,999
2024-09-16 12:33:34.853000,415.720332262509,96
2024-09-16 12:33:34.989000,415.6908755131591,95
2024-09-16 12:33:35.016000,415.731366032245,104
2024-09-16 12:33:35.028000,415.6866540592196,98
2024-09-16 12:33:35.040000,415.7110099710916,995
2024-09-16 12:33:35.048000,415.6968154816512,102
2024-09-16 12:33:35.057000,415.7157255319854,103
2024-09-16 12:33:35.102000,415.707726122357,1000
2024-09-16 12:33:35.121000,415.75468334588606,15
2024-09-16 12:33:35.188000,415.6844529773509,11
2024-09-16 12:33:35.265000,415.70853796548255,102
2024-09-16 12:33:35.296000,415.7318631487424,101
2024-09-16 12:33:35.302000,415.7716977935827,10
2024-09-16 12:33:35.429000,415.6997250457566,100
2024-09-16 12:33:35.466000,415.67300876461184,1005
2024-09-16 12:33:35.469000,415.7038198861562,10
2024-09-16 12:33:35.492000,415.75079607564805,1001
2024-09-16 12:33:35.515000,415.72335189522096,999
2024-09-16 12:33:35.565000,415.73599176796574,100
2024-09-16 12:33:35.591000,415.69288860835104,995
2024-09-16 12:33:35.622000,415.7595928458112,1005
2024-09-16 12:33:35.718000,415.7856382703524,9
2024-09-16 12:33:35.859000,415.780056932771,996
2024-09-16 12:33:35.864000,415.71338987925895,1001
2024-09-16 12:33:35.885000,415.6972305649666,6
2024-09-16 12:33:35.954000,415.7028061473275,104
2024-09-16 12:33:35.959000,415.7748925835865,1001
2024-09-16 12:33:35.964000,415.7144502019108,10
2024-09-16 12:33:36.636000,415.78447915707306,996
2024-09-16 12:33:36.822000,415.7779697859583,97
2024-09-16 12:33:36.967000,415.7868425093537,104
2024-09-16 12:33:37.057000,415.8042201949738,96
2024-09-16 12:33:37.119000,415.8031038102855,1002
2024-09-16 12:33:37.167000,415.8138797021065,6
2024-09-16 12:33:37.287000,415.8130356992712,995
2024-09-16 12:33:37.394000,415.8739966716062,97
2024-09-16 12:33:37.468000,415.8563115567917,997
2024-09-16 12:33:37.486000,415.8191321214165,105
2024-09-16 12:33:37.552000,415.8041909458957,1003
2024-09-16 12:33:37.652000,415.8204472171173,95
2024-09-16 12:33:37.672000,415.7946609275905,101
2024-09-16 12:33:37.812000,415.84751901067807,8
2024-09-16 12:33:37.817000,415.8156300049485,96
2024-09-16 12:33:37.890000,415.815616699294,997
2024-09-16 12:33:37.977000,415.821011572285,99
2024-09-16 12:33:38.628000,415.8721293147956,103
2024-09-16 12:33:38.667000,415.866861918608,11
2024-09-16 12:33:38.741000,415.8483179134649,1002
2024-09-16 12:33:38.840000,415.8706917847816,12
2024-09-16 12:33:38.847000,415.85582282566224,9
2024-09-16 12:33:38.892000,415.8633263916919,12
2024-09-16 12:33:38.970000,415.8596612093096,1000
2024-09-16 12:33:39.111000,415.8792988185561,999
2024-09-16 12:33:39.153000,415.8842223016827,102
2024-09-16 12:33:39.153000,415.8809646325341,99
2024-09-16 12:33:39.415000,415.87793688209854,998
2024-09-16 12:33:39.469000,415.8994334359349,97
2024-09-16 12:33:39.530000,415.8661843650054,96
2024-09-16 12:33:39.550000,415.8772241766995,12
2024-09-16 12:33:39.571000,415.904507492466,1000
2024-09-16 12:33:39.588000,415.89561657788647,998
2024-09-16 12:33:39.725000,415.8865656641741,96
2024-09-16 12:33:39.733000,415.92061547462606,99
2024-09-16 12:33:39.770000,415.90833676648185,96
2024-09-16 12:33:39.854000,415.9050115849422,1001
2024-09-16 12:33:39.885000,415.8745032857984,103
2024-09-16 12:33:39.970000,415.9066240585152,9
2024-09-16 12:33:40.059000,415.82607858499966,102
2024-09-16 12:33:40.085000,415.8656593726527,5
2024-09-16 12:33:40.096000,415.8592333036384,104
2024-09-16 12:33:40.103000,415.90205532214895,98
2024-09-16 12:33:40.137000,415.9027419004847,999
2024-09-16 12:33:40.141000,415.8350142344388,96
2024-09-16 12:33:40.182000,415.8983888547929,1004
2024-09-16 12:33:40.216000,415.8751050061204,1003
2024-09-16 12:33:40.227000,415.8892998220754,1003
2024-09-16 12:33:40.353000,415.854047432526,11
2024-09-16 12:33:40.430000,415.9213825744756,15
2024-09-16 12:33:40.504000,415.8943258913212,99
2024-09-16 12:33:40.504000,415.8438147370917,995
2024-09-16 12:33:40.546000,415.8461919381489,102
2024-09-16 12:33:40.590000,415.8985637153198,1002
2024-09-16 12:33:40.650000,415.9394100039205,15
2024-09-16 12:33:40.661000,415.8249109655599,6
2024-09-16 12:33:40.673000,415.86321056950834,999
2024-09-16 12:33:40.724000,415.82730633074624,7
2024-09-16 12:33:40.752000,415.8698040461493,105
2024-09-16 12:33:40.808000,415.8665561797564,1001
2024-09-16 12:33:40.866000,415.8309686998989,10
2024-09-16 12:33:40.900000,415.85761669370936,1000
2024-09-16 12:33:40.941000,415.8391789486625,105
2024-09-16 12:33:40.963000,415.9615451655562,1002
2024-09-16 12:33:40.983000,415.83647621171286,11
2024-09-16 12:33:41.026000,415.8857024200423,10
2024-09-16 12:33:41.051000,415.9397321092371,1004
2024-09-16 12:33:41.202000,415.9683458807107,14
2024-09-16 12:33:41.320000,415.9208012556063,11
2024-09-16 12:33:41.345000,415.9207826415879,999
2024-09-16 12:33:41.476000,415.9520258239733,1005
2024-09-16 12:33:41.485000,415.9253059814636,6
2024-09-16 12:33:41.585000,415.9247228763808,1002
2024-09-16 12:33:41.670000,415.9017042449405,1001
2024-09-16 12:33:41.673000,415.89377624954005,995
2024-09-16 12:33:41.761000,415.9355028835812,996
2024-09-16 12:33:41.844000,415.9021022088914,1003
2024-09-16 12:33:41.873000,415.929535579715,104
2024-09-16 12:33:41.920000,415.8857211313838,8
2024-09-16 12:33:41.967000,415.9796437856788,6
2024-09-16 12:33:42.107000,416.014132794572,97
2024-09-16 12:33:42.117000,415.9798364277005,8
2024-09-16 12:33:42.165000,415.9456799323109,1003
2024-09-16 12:33:42.505000,416.010746662695,8
2024-09-16 12:33:42.524000,415.941376568379,1002
2024-09-16 12:33:42.532000,416.0558122178628,1001
2024-09-16 12:33:42.543000,416.021356562295,1000
2024-09-16 12:33:42.577000,416.0051658389696,97
2024-09-16 12:33:42.587000,416.05807895598775,6
2024-09-16 12:33:42.630000,416.0377735395911,95
2024-09-16 12:33:42.745000,415.9930396902696,1003
2024-09-16 12:33:42.800000,416.0608295867313,998
2024-09-16 12:33:42.803000,416.05236254958106,998
2024-09-16 12:33:42.806000,416.0575096412357,104
2024-09-16 12:33:42.871000,416.0476598722937,12
2024-09-16 12:33:42.883000,416.0591054997752,9
2024-09-16 12:33:42.897000,416.0225809124876,104
2024-09-16 12:33:42.960000,415.9984144547474,14
2024-09-16 12:33:43.004000,416.0516413517177,105
2024-09-16 12:33:43.034000,416.0736831963659,1000
2024-09-16 12:33:43.066000,416.079210297825,1004
2024-09-16 12:33:43.079000,416.0465467669287,1005
2024-09-16 12:33:43.091000,416.1846484478797,100
2024-09-16 12:33:43.101000,416.1888360399416,1002
2024-09-16 12:33:43.139000,416.0704683478451,100
2024-09-16 12:33:43.204000,416.1925823660368,11
2024-09-16 12:33:43.381000,416.164656953502,1001
2024-09-16 12:33:43.456000,416.14035964349824,999
2024-09-16 12:33:43.484000,416.1217856980068,97
2024-09-16 12:33:43.531000,416.0886246228864,1000
2024-09-16 12:33:43.565000,416.0635772198801,1001
2024-09-16 12:33:43.567000,416.2096274990028,999
2024-09-16 12:33:43.653000,416.0515661436102,95
2024-09-16 12:33:43.698000,416.1801092233597,6
2024-09-16 12:33:43.784000,416.189367635988,15
2024-09-16 12:33:43.839000,416.154971514102,102
2024-09-16 12:33:43.927000,416.1927184743525,1000
2024-09-16 12:33:43.998000,416.1919432686676,13
2024-09-16 12:33:44.093000,416.20288684788005,996
2024-09-16 12:33:44.117000,416.1902735207692,101
2024-09-16 12:33:44.118000,416.20535077926905,96
2024-09-16 12:33:44.170000,416.19910872089673,101
2024-09-16 12:33:44.173000,416.22091549479535,100
2024-09-16 12:33:44.277000,416.18509579162,1003
2024-09-16 12:33:44.321000,416.1782741582582,15
2024-09-16 12:33:44.398000,416.1953149683216,100
2024-09-16 12:33:44.603000,416.1875611440125,104
2024-09-16 12:33:44.723000,416.20583465091937,999
2024-09-16 12:33:44.748000,416.19890270432666,98
2024-09-16 12:33:44.778000,416.1669188852108,103
2024-09-16 12:33:44.808000,416.1775598836824,97
2024-09-16 12:33:45.011000,416.16325953863713,1001
2024-09-16 12:33:45.048000,416.1549775953529,98
2024-09-16 12:33:45.064000,416.1640119309298,8
2024-09-16 12:33:45.141000,416.15374797708125,1001
2024-09-16 12:33:45.226000,416.1812034656166,995
2024-09-16 12:33:45.264000,416.2279293609016,9
2024-09-16 12:33:45.319000,416.15593570688776,15
2024-09-16 12:33:45.422000,416.2362047588239,998
2024-09-16 12:33:45.425000,416.1716473858261,97
2024-09-16 12:33:45.449000,416.20863392634936,15
2024-09-16 12:33:45.505000,416.215966525812,102
2024-09-16 12:33:45.584000,416.159019103197,998
2024-09-16 12:33:45.738000,416.1715571851341,7
2024-09-16 12:33:45.760000,416.1720643449401,103
2024-09-16 12:33:45.845000,416.16145359720895,996
2024-09-16 12:33:46.070000,416.1874601682522,998
2024-09-16 12:33:46.150000,416.2391575688391,99
2024-09-16 12:33:46.188000,416.2175489562868,105
2024-09-16 12:33:46.238000,416.2345279997655,9
2024-09-16 12:33:46.241000,416.18530145016433,1005
2024-09-16 12:33:46.262000,416.2271020791456,104
2024-09-16 12:33:46.300000,416.20604199028617,12
2024-09-16 12:33:46.343000,416.223326061432,14
2024-09-16 12:33:46.344000,416.1831303815196,96
2024-09-16 12:33:46.486000,416.2253216233733,96
2024-09-16 12:33:46.507000,416.2335006008889,9
2024-09-16 12:33:46.750000,416.21595822608055,13
2024-09-16 12:33:46.970000,416.2224724244334,11
2024-09-16 12:33:47.009000,416.2428289728043,11
2024-09-16 12:33:47.077000,416.2653005664151,12
2024-09-16 12:33:47.182000,416.248217224338,95
2024-09-16 12:33:47.205000,416.2489121058351,7
2024-09-16 12:33:47.286000,416.2768435406442,1004
2024-09-16 12:33:47.291000,416.2563352392443,1003
2024-09-16 12:33:47.426000,416.2685319969938,6
2024-09-16 12:33:47.426000,416.2423748195713,105
2024-09-16 12:33:47.431000,416.2689988999893,97
2024-09-16 12:33:47.524000,416.23652900526224,996
2024-09-16 12:33:47.566000,416.2525334685717,99
2024-09-16 12:33:47.569000,416.2681508437273,11
2024-09-16 12:33:47.576000,416.2420744260215,12
2024-09-16 12:33:47.586000,416.2717277625438,9
2024-09-16 12:33:47.606000,416.2496174347448,103
2024-09-16 12:33:47.620000,416.2659604970735,996
2024-09-16 12:33:47.667000,416.251441532117,999
2024-09-16 12:33:47.852000,416.26779991384,8
2024-09-16 12:33:47.861000,416.2469417400106,1001
2024-09-16 12:33:47.863000,416.2596975265792,100
2024-09-16 12:33:47.918000,416.2663218630478,11
2024-09-16 12:33:47.954000,416.2392309250985,14
2024-09-16 12:33:48.914000,416.2650453307841,1003
2024-09-16 12:33:49.322000,416.2396661051273,99
2024-09-16 12:33:49.354000,416.23780170217583,99
2024-09-16 12:33:49.388000,416.23556281943183,1004
2024-09-16 12:33:49.550000,416.2443117117858,102
2024-09-16 12:33:49.665000,416.2361814381488,8
2024-09-16 12:33:49.676000,416.229162579828,104
2024-09-16 12:33:49.731000,416.23526478821657,995
2024-09-16 12:33:49.877000,416.2597662790837,15
2024-09-16 12:33:49.881000,416.2482162866641,96
2024-09-16 12:33:49.911000,416.2285293932229,105
2024-09-16 12:33:51.103000,416.1585227811781,1005
2024-09-16 12:33:51.204000,416.2322488182674,105
2024-09-16 12:33:51.364000,416.1360673606952,8
2024-09-16 12:33:51.382000,416.1831885987061,103
2024-09-16 12:33:51.456000,416.1368290213183,96
2024-09-16 12:33:51.518000,416.1408723750955,1003
2024-09-16 12:33:51.539000,416.22762253123307,96
2024-09-16 12:33:51.597000,416.1530900949202,997
2024-09-16 12:33:51.665000,416.16438282963713,995
2024-09-16 12:33:51.753000,416.2259958565261,98
2024-09-16 12:33:51.801000,416.1660325270856,98
2024-09-16 12:33:51.835000,416.1550955498119,95
2024-09-16 12:33:51.950000,416.209527015891,1003
2024-09-16 12:33:51.992000,416.1523474655657,15
2024-09-16 12:33:52.020000,416.2109549301237,1004
2024-09-16 12:33:52.043000,416.1956905442908,102
2024-09-16 12:33:52.082000,416.1999096895176,95
2024-09-16 12:33:52.161000,416.1500392005086,997
2024-09-16 12:33:52.163000,416.1834690046114,95
2024-09-16 12:33:52.260000,416.2054837350215,15
2024-09-16 12:33:52.300000,416.1554304993804,102
2024-09-16 12:33:52.336000,416.1517673317098,101
2024-09-16 12:33:52.340000,416.1516851139564,95
2024-09-16 12:33:52.349000,416.2168090845984,1002
2024-09-16 12:33:52.361000,416.1674482859038,995
2024-09-16 12:33:52.370000,416.1582764887529,95
2024-09-16 12:33:52.404000,416.1908205626799,95
2024-09-16 12:33:52.460000,416.20823693060447,99
2024-09-16 12:33:52.486000,416.2128064972449,105
2024-09-16 12:33:52.492000,416.17501305702064,1004
2024-09-16 12:33:52.536000,416.2107111979533,1004
2024-09-16 12:33:52.551000,416.2185166811565,99
2024-09-16 12:33:52.741000,416.2214437001098,100
2024-09-16 12:33:52.755000,416.1638310140748,1001
2024-09-16 12:33:52.777000,416.21957994378187,105
2024-09-16 12:33:52.806000,416.21467403287176,102
2024-09-16 12:33:52.811000,416.2029306748356,99
2024-09-16 12:33:52.812000,416.2080407417436,13
2024-09-16 12:33:52.841000,416.2124710629905,98
2024-09-16 12:33:53.037000,416.2014001523765,99
2024-09-16 12:33:53.145000,416.2116705949341,99
2024-09-16 12:33:53.165000,416.2041575533469,7
2024-09-16 12:33:53.249000,416.2198712894033,8
2024-09-16 12:33:53.331000,416.2183470350736,5
2024-09-16 12:33:53.429000,416.2387748090904,8
2024-09-16 12:33:53.496000,416.2075090274551,1000
2024-09-16 12:33:53.606000,416.20737506251214,105
2024-09-16 12:33:53.615000,416.2416392719154,105
2024-09-16 12:33:53.643000,416.2038866622457,98
2024-09-16 12:33:53.658000,416.199675203829,996
2024-09-16 12:33:53.728000,416.2024289615076,102
2024-09-16 12:33:53.762000,416.2273210293088,101
2024-09-16 12:33:53.785000,416.1920097424809,105
2024-09-16 12:33:53.821000,416.2123062922966,11
2024-09-16 12:33:53.937000,416.21377369730993,995
2024-09-16 12:33:53.940000,416.2009597891197,97
2024-09-16 12:33:53.983000,416.2095098105067,101
2024-09-16 12:33:54.054000,416.20131631434987,14
2024-09-16 12:33:54.087000,416.23919216170674,95
2024-09-16 12:33:54.942000,416.2446070858652,12
2024-09-16 12:33:55.008000,416.22006670660886,13
2024-09-16 12:33:55.251000,416.2543683395657,13
2024-09-16 12:33:55.256000,416.2341131430713,1005
2024-09-16 12:33:55.282000,416.1981662693145,1002
2024-09-16 12:33:55.388000,416.2017659104968,1003
2024-09-16 12:33:55.454000,416.2344630965001,100
2024-09-16 12:33:55.644000,416.2407236793411,13
2024-09-16 12:33:55.750000,416.23248117415335,6
2024-09-16 12:33:55.766000,416.2032383535751,15
2024-09-16 12:33:55.918000,416.19897519096594,998
2024-09-16 12:33:56.108000,416.2594930144355,995
2024-09-16 12:33:56.587000,416.2546354058873,96
2024-09-16 12:33:56.875000,416.2565291017503,96
2024-09-16 12:33:56.932000,416.2535983592892,6
2024-09-16 12:33:57.154000,416.2658605465608,5
2024-09-16 12:33:57.986000,416.2709643111419,997
2024-09-16 12:33:58.186000,416.2557871327074,7
2024-09-16 12:33:58.215000,416.2509603822157,103
2024-09-16 12:33:58.360000,416.25796641672366,13
2024-09-16 12:33:58.400000,416.2567388927841,104
2024-09-16 12:33:58.417000,416.2613953428766,13
2024-09-16 12:33:58.532000,416.2748923075859,1004
2024-09-16 12:33:58.549000,416.2553875947078,9
2024-09-16 12:33:58.652000,416.26642939610633,11
2024-09-16 12:33:58.681000,416.2478348695621,104
2024-09-16 12:33:58.711000,416.25296031908897,102
2024-09-16 12:33:58.975000,416.2599709888024,8
2024-09-16 12:33:58.984000,416.2632725754361,98
2024-09-16 12:33:59.023000,416.21181694751226,104
2024-09-16 12:33:59.176000,416.2673138536107,1001
2024-09-16 12:33:59.341000,416.2083128802126,1003
2024-09-16 12:33:59.439000,416.20669185137854,1005
2024-09-16 12:33:59.472000,416.2281667403053,7
2024-09-16 12:33:59.497000,416.2124536337003,15
2024-09-16 12:33:59.684000,416.21759185115616,98
2024-09-16 12:33:59.843000,416.2417007726349,1003
2024-09-16 12:33:59.860000,416.2401701757255,1001
