Timestamp,Price,Size
2024-09-18 10:30:00.008000,411.0850408340641,15
2024-09-18 10:30:00.048000,411.0725150072997,96
2024-09-18 10:30:00.088000,411.0978455957903,1002
2024-09-18 10:30:00.160000,411.0604773560416,1002
2024-09-18 10:30:00.184000,411.0952195535894,98
2024-09-18 10:30:00.194000,411.07325954428205,1001
2024-09-18 10:30:00.241000,411.0834802681289,15
2024-09-18 10:30:00.394000,411.0435981079782,996
2024-09-18 10:30:00.445000,411.07154881649234,13
2024-09-18 10:30:00.454000,411.09818396116464,103
2024-09-18 10:30:00.457000,411.0888676619702,998
2024-09-18 10:30:00.531000,411.0875688638044,98
2024-09-18 10:30:00.547000,411.0673940806898,1001
2024-09-18 10:30:00.549000,411.0852380845116,8
2024-09-18 10:30:00.573000,411.0782264673389,997
2024-09-18 10:30:00.647000,411.0777529915691,10
2024-09-18 10:30:00.667000,411.0640075392552,1000
2024-09-18 10:30:00.764000,411.04970846442745,15
2024-09-18 10:30:00.858000,411.0669496051268,8
2024-09-18 10:30:00.954000,411.0866169960906,1004
2024-09-18 10:30:01.015000,411.1014258450092,10
2024-09-18 10:30:01.027000,411.08411333909385,996
2024-09-18 10:30:01.034000,411.0406977070722,102
2024-09-18 10:30:01.040000,411.1040144395669,997
2024-09-18 10:30:01.249000,411.1008839459786,1004
2024-09-18 10:30:01.267000,411.0294098655737,5
2024-09-18 10:30:01.447000,411.1001859290012,8
2024-09-18 10:30:01.486000,411.1132019430767,11
2024-09-18 10:30:01.521000,411.11016148664345,103
2024-09-18 10:30:01.538000,411.0790802103322,1002
2024-09-18 10:30:01.543000,411.1157513189879,14
2024-09-18 10:30:01.568000,411.0299095080811,997
2024-09-18 10:30:01.644000,411.02997451244863,105
2024-09-18 10:30:01.725000,411.0848277591574,998
2024-09-18 10:30:01.868000,411.1053881900706,99
2024-09-18 10:30:01.917000,411.03069226187534,102
2024-09-18 10:30:01.935000,411.0675688850168,15
2024-09-18 10:30:01.959000,411.103720709156,14
2024-09-18 10:30:02.199000,411.1444856810445,101
2024-09-18 10:30:02.214000,411.1400979456095,8
2024-09-18 10:30:02.329000,411.1373161225332,12
2024-09-18 10:30:02.332000,411.1037552684884,7
2024-09-18 10:30:02.400000,411.1094871439784,105
2024-09-18 10:30:02.456000,411.1200437454428,103
2024-09-18 10:30:02.473000,411.1182990195037,1005
2024-09-18 10:30:02.541000,411.1247112293122,15
2024-09-18 10:30:02.578000,411.11336290035393,996
2024-09-18 10:30:02.597000,411.10730769612616,101
2024-09-18 10:30:02.609000,411.1318719492736,104
2024-09-18 10:30:02.714000,411.1042032424218,14
2024-09-18 10:30:02.785000,411.0650324740728,8
2024-09-18 10:30:02.935000,411.0640265361695,96
2024-09-18 10:30:02.942000,411.1252026048703,12
2024-09-18 10:30:02.956000,411.0678873172442,1005
2024-09-18 10:30:03.008000,411.14187241800806,102
2024-09-18 10:30:03.098000,411.1335071040469,12
2024-09-18 10:30:03.105000,411.10335621904034,6
2024-09-18 10:30:03.276000,411.1430760456901,103
2024-09-18 10:30:03.357000,411.1359567425336,15
2024-09-18 10:30:03.393000,411.1179317123601,6
2024-09-18 10:30:03.686000,411.14741615887584,998
2024-09-18 10:30:03.688000,411.101582222868,100
2024-09-18 10:30:03.690000,411.1299864576335,105
2024-09-18 10:30:03.818000,411.1271590183455,995
2024-09-18 10:30:03.819000,411.13525995483786,102
2024-09-18 10:30:03.866000,411.0926204679294,12
2024-09-18 10:30:04.072000,411.0856875350205,102
2024-09-18 10:30:04.200000,411.0783761999583,1002
2024-09-18 10:30:04.223000,411.0941563582779,100
2024-09-18 10:30:04.283000,411.1087795631307,8
2024-09-18 10:30:04.293000,411.0678051031821,1004
2024-09-18 10:30:04.303000,411.06221857078,1002
2024-09-18 10:30:04.377000,411.0862026869458,15
2024-09-18 10:30:04.430000,411.0854878743107,996
2024-09-18 10:30:04.469000,411.059256655913,997
2024-09-18 10:30:04.506000,411.1317453755902,1004
2024-09-18 10:30:04.508000,411.14627206222633,7
2024-09-18 10:30:04.547000,411.0805624515254,8
2024-09-18 10:30:04.577000,411.1041773606024,101
2024-09-18 10:30:04.755000,411.08640917942313,105
2024-09-18 10:30:04.777000,411.083968864133,10
2024-09-18 10:30:04.804000,411.07554991155376,11
2024-09-18 10:30:04.873000,411.0851900133258,96
2024-09-18 10:30:04.925000,411.0802006550883,98
2024-09-18 10:30:04.990000,411.0776742837248,1004
2024-09-18 10:30:05.046000,411.0698259282368,100
2024-09-18 10:30:05.064000,411.0411004744897,998
2024-09-18 10:30:05.110000,411.0557036795671,8
2024-09-18 10:30:05.215000,411.0231300962028,8
2024-09-18 10:30:05.244000,411.0780042266495,97
2024-09-18 10:30:05.346000,411.0239732758928,95
2024-09-18 10:30:05.375000,411.0776452237248,995
2024-09-18 10:30:05.399000,411.0400223277309,5
2024-09-18 10:30:05.463000,411.0772061888148,1001
2024-09-18 10:30:05.471000,411.0624361450048,99
2024-09-18 10:30:05.508000,411.01680327253126,1002
2024-09-18 10:30:05.630000,411.0714510971792,5
2024-09-18 10:30:05.652000,411.0780589288457,100
2024-09-18 10:30:05.750000,411.0953741067403,999
2024-09-18 10:30:05.775000,411.04410581824106,15
2024-09-18 10:30:05.874000,411.05111557885033,14
2024-09-18 10:30:05.901000,411.0886057294405,1004
2024-09-18 10:30:05.980000,411.0730809578136,998
2024-09-18 10:30:05.992000,411.0296566525423,8
2024-09-18 10:30:07.027000,411.101345224625,1000
2024-09-18 10:30:07.034000,411.0829699496804,8
2024-09-18 10:30:07.092000,411.0637293557996,97
2024-09-18 10:30:07.118000,411.1259479727519,1005
2024-09-18 10:30:07.164000,411.15087065169416,104
2024-09-18 10:30:07.206000,411.0713993341402,7
2024-09-18 10:30:07.244000,411.0587044703275,1000
2024-09-18 10:30:07.270000,411.1614026244887,10
2024-09-18 10:30:07.346000,411.1174682987789,1004
2024-09-18 10:30:07.353000,411.136099176542,996
2024-09-18 10:30:07.438000,411.1447315143197,14
2024-09-18 10:30:07.460000,411.0976761534823,1002
2024-09-18 10:30:07.498000,411.15451107833,999
2024-09-18 10:30:07.530000,411.1120347968073,95
2024-09-18 10:30:07.535000,411.12201870607424,999
2024-09-18 10:30:07.536000,411.1123968871792,1004
2024-09-18 10:30:07.571000,411.0816412531324,102
2024-09-18 10:30:07.642000,411.1120716660187,1000
2024-09-18 10:30:07.658000,411.172979545261,997
2024-09-18 10:30:07.681000,411.1421191682692,1001
2024-09-18 10:30:07.765000,411.123175828839,1005
2024-09-18 10:30:07.768000,411.08355943228514,997
2024-09-18 10:30:07.786000,411.0750216747807,1004
2024-09-18 10:30:07.795000,411.0684880784469,10
2024-09-18 10:30:07.821000,411.0770069857004,997
2024-09-18 10:30:07.831000,411.1622534541697,99
2024-09-18 10:30:07.858000,411.1346232966869,996
2024-09-18 10:30:07.877000,411.11039441275096,98
2024-09-18 10:30:07.913000,411.0866215040184,8
2024-09-18 10:30:07.928000,411.0683455108084,998
2024-09-18 10:30:08.040000,411.1207490874044,14
2024-09-18 10:30:08.042000,411.158738868312,9
2024-09-18 10:30:08.120000,411.1612983905958,1000
2024-09-18 10:30:08.134000,411.13395575327473,97
2024-09-18 10:30:08.143000,411.1658475010904,104
2024-09-18 10:30:08.249000,411.1599256512694,98
2024-09-18 10:30:08.286000,411.1723481150112,95
2024-09-18 10:30:08.312000,411.1452542716181,1003
2024-09-18 10:30:08.339000,411.1174813391846,6
2024-09-18 10:30:08.353000,411.1361220272647,5
2024-09-18 10:30:08.362000,411.1210853278809,13
2024-09-18 10:30:08.385000,411.17090813692096,7
2024-09-18 10:30:08.395000,411.1154513658482,104
2024-09-18 10:30:08.399000,411.1579458627217,101
2024-09-18 10:30:08.544000,411.1613229250849,15
2024-09-18 10:30:08.554000,411.1718012652659,995
2024-09-18 10:30:08.647000,411.12824868414776,12
2024-09-18 10:30:08.685000,411.122769819258,101
2024-09-18 10:30:08.703000,411.1756021369709,1002
2024-09-18 10:30:08.719000,411.169558099259,1002
2024-09-18 10:30:08.749000,411.1506076398733,1004
2024-09-18 10:30:08.856000,411.16732350255,96
2024-09-18 10:30:08.924000,411.13998553160746,1000
2024-09-18 10:30:08.937000,411.1116707984002,1002
2024-09-18 10:30:09.010000,411.1576858626794,97
2024-09-18 10:30:09.011000,411.1848298110002,5
2024-09-18 10:30:09.111000,411.1708510066846,95
2024-09-18 10:30:09.119000,411.1732358068338,996
2024-09-18 10:30:09.119000,411.1562906613461,15
2024-09-18 10:30:09.186000,411.15706190835726,101
2024-09-18 10:30:09.306000,411.1658049614629,95
2024-09-18 10:30:09.359000,411.1785747086655,14
2024-09-18 10:30:09.505000,411.186470561532,105
2024-09-18 10:30:09.615000,411.1831243128476,15
2024-09-18 10:30:09.684000,411.1869700524271,12
2024-09-18 10:30:09.783000,411.1565884906738,101
2024-09-18 10:30:09.875000,411.16820008445416,6
2024-09-18 10:30:10.050000,411.1372964535172,998
2024-09-18 10:30:10.100000,411.1652033585655,1003
2024-09-18 10:30:10.104000,411.1309034377011,1001
2024-09-18 10:30:10.143000,411.1732988617939,14
2024-09-18 10:30:10.143000,411.1524770362151,1003
2024-09-18 10:30:10.155000,411.1410100341844,1004
2024-09-18 10:30:10.305000,411.1358939995185,996
2024-09-18 10:30:10.358000,411.154904632322,999
2024-09-18 10:30:10.363000,411.1464232930928,996
2024-09-18 10:30:10.400000,411.140596257066,997
2024-09-18 10:30:10.518000,411.1567252574617,98
2024-09-18 10:30:10.613000,411.1453132950836,15
2024-09-18 10:30:10.621000,411.1587244612471,104
2024-09-18 10:30:10.635000,411.1534913508327,102
2024-09-18 10:30:10.671000,411.1312458424917,95
2024-09-18 10:30:10.721000,411.1249377615608,99
2024-09-18 10:30:10.769000,411.1309292838513,1002
2024-09-18 10:30:10.791000,411.1657056090348,6
2024-09-18 10:30:10.805000,411.1390951223887,103
2024-09-18 10:30:10.817000,411.1676873058621,103
2024-09-18 10:30:10.854000,411.1619559873308,95
2024-09-18 10:30:10.869000,411.1453838368904,15
2024-09-18 10:30:10.908000,411.1295344665306,96
2024-09-18 10:30:10.942000,411.1342222173032,15
2024-09-18 10:30:10.994000,411.1368396920701,1003
2024-09-18 10:30:11.245000,411.1903451162747,7
2024-09-18 10:30:11.280000,411.2075874629404,1003
2024-09-18 10:30:11.417000,411.1869391984332,995
2024-09-18 10:30:11.479000,411.18783681382064,1003
2024-09-18 10:30:11.607000,411.18325759168494,998
2024-09-18 10:30:11.618000,411.1938172448535,1005
2024-09-18 10:30:11.722000,411.2155198725032,98
2024-09-18 10:30:12.034000,411.193039049986,999
2024-09-18 10:30:12.063000,411.1829499178942,11
2024-09-18 10:30:12.094000,411.189141722161,104
2024-09-18 10:30:12.182000,411.1858121161209,10
2024-09-18 10:30:12.239000,411.1651041315448,9
2024-09-18 10:30:12.240000,411.1909984708968,7
2024-09-18 10:30:12.255000,411.174098041399,995
2024-09-18 10:30:12.279000,411.1699931205579,14
2024-09-18 10:30:12.284000,411.1960650080511,1000
2024-09-18 10:30:12.300000,411.1904068325017,103
2024-09-18 10:30:12.357000,411.18511427098986,7
2024-09-18 10:30:12.392000,411.1688662556989,100
2024-09-18 10:30:12.405000,411.1740557987732,12
2024-09-18 10:30:12.410000,411.1851111354422,996
2024-09-18 10:30:12.572000,411.18377678582505,997
2024-09-18 10:30:12.581000,411.1719582602421,105
2024-09-18 10:30:12.614000,411.1957523316996,100
2024-09-18 10:30:12.628000,411.1897159997478,1003
2024-09-18 10:30:12.648000,411.19097545688834,1005
2024-09-18 10:30:12.709000,411.1697673541055,96
2024-09-18 10:30:12.856000,411.16802227823786,997
2024-09-18 10:30:12.896000,411.1677167549226,100
2024-09-18 10:30:13.110000,411.1408785697081,105
2024-09-18 10:30:13.305000,411.145843091208,1001
2024-09-18 10:30:13.401000,411.1700409311189,13
2024-09-18 10:30:13.545000,411.17087789375046,13
2024-09-18 10:30:13.831000,411.1464988973426,11
2024-09-18 10:30:14.751000,411.1654600061741,995
2024-09-18 10:30:14.803000,411.1500262235694,996
2024-09-18 10:30:15.001000,411.15519969521455,9
2024-09-18 10:30:15.103000,411.1346743731863,5
2024-09-18 10:30:15.107000,411.1627142445508,14
2024-09-18 10:30:15.141000,411.1470029768445,95
2024-09-18 10:30:15.142000,411.1490939290745,1001
2024-09-18 10:30:15.178000,411.1676776067328,998
2024-09-18 10:30:15.290000,411.13514238286416,998
2024-09-18 10:30:15.434000,411.1672602597798,997
2024-09-18 10:30:15.453000,411.1371976727505,996
2024-09-18 10:30:15.464000,411.1784727850589,105
2024-09-18 10:30:15.466000,411.16592492121583,11
2024-09-18 10:30:15.491000,411.14399163100353,998
2024-09-18 10:30:15.577000,411.167287123577,13
2024-09-18 10:30:15.621000,411.13016115642034,15
2024-09-18 10:30:15.626000,411.13086764688535,7
2024-09-18 10:30:15.684000,411.1691075588334,104
2024-09-18 10:30:15.776000,411.1455274851157,98
2024-09-18 10:30:15.841000,411.1442725399867,997
2024-09-18 10:30:15.883000,411.1651995388728,12
2024-09-18 10:30:16.117000,411.13607614080536,999
2024-09-18 10:30:16.147000,411.10484031394736,95
2024-09-18 10:30:16.235000,411.1268213281103,9
2024-09-18 10:30:16.255000,411.120565887708,999
2024-09-18 10:30:16.307000,411.113368375906,999
2024-09-18 10:30:16.309000,411.10951659075255,1002
2024-09-18 10:30:16.351000,411.1380848926101,995
2024-09-18 10:30:16.426000,411.1370389772037,8
2024-09-18 10:30:16.437000,411.1429022566237,997
2024-09-18 10:30:16.455000,411.10052038488936,999
2024-09-18 10:30:16.459000,411.130714510736,15
2024-09-18 10:30:16.486000,411.1389432471747,97
2024-09-18 10:30:16.496000,411.1021842355959,98
2024-09-18 10:30:16.508000,411.1135871274957,1002
2024-09-18 10:30:16.767000,411.10880131487687,1005
2024-09-18 10:30:17.545000,411.145648546063,104
2024-09-18 10:30:18.036000,411.1424103467231,1000
2024-09-18 10:30:18.121000,411.1218638329,100
2024-09-18 10:30:18.250000,411.1577859933352,8
2024-09-18 10:30:18.265000,411.1378423715716,11
2024-09-18 10:30:18.317000,411.12410211353546,1005
2024-09-18 10:30:18.342000,411.14940592776594,99
2024-09-18 10:30:18.372000,411.1697971606845,7
2024-09-18 10:30:18.388000,411.1628696973616,105
2024-09-18 10:30:18.455000,411.1151974985323,1004
2024-09-18 10:30:18.459000,411.1357367529922,99
2024-09-18 10:30:18.503000,411.1713650196608,14
2024-09-18 10:30:18.504000,411.1510804784869,10
2024-09-18 10:30:18.542000,411.1405934641263,1000
2024-09-18 10:30:18.560000,411.1154565529648,5
2024-09-18 10:30:18.588000,411.1677861733946,15
2024-09-18 10:30:18.590000,411.1138435715138,100
2024-09-18 10:30:18.656000,411.14411150328425,102
2024-09-18 10:30:18.683000,411.1818914098991,9
2024-09-18 10:30:18.879000,411.1368224400774,96
2024-09-18 10:30:18.917000,411.13570339168285,7
2024-09-18 10:30:18.948000,411.1711972031611,13
2024-09-18 10:30:18.981000,411.1176749461415,96
2024-09-18 10:30:19.154000,411.1548607896023,96
2024-09-18 10:30:20.058000,411.1521329444835,1004
2024-09-18 10:30:20.062000,411.1526904564027,7
2024-09-18 10:30:20.080000,411.13524805629606,97
2024-09-18 10:30:20.150000,411.13317089586405,7
2024-09-18 10:30:20.152000,411.1647177853801,97
2024-09-18 10:30:20.177000,411.1504498863903,998
2024-09-18 10:30:20.191000,411.1598652599882,1001
2024-09-18 10:30:20.196000,411.16851313993766,997
2024-09-18 10:30:20.215000,411.1621428179941,996
2024-09-18 10:30:20.269000,411.15211689930175,11
2024-09-18 10:30:20.289000,411.1565341142797,12
2024-09-18 10:30:20.405000,411.1462142225957,102
2024-09-18 10:30:20.424000,411.16672652091904,101
2024-09-18 10:30:20.473000,411.1555255061592,999
2024-09-18 10:30:20.608000,411.1553179320312,101
2024-09-18 10:30:20.622000,411.1345397857913,12
2024-09-18 10:30:20.622000,411.15012382256833,15
2024-09-18 10:30:20.686000,411.1629784858672,998
2024-09-18 10:30:20.699000,411.1527377356972,96
2024-09-18 10:30:20.725000,411.1521769009655,5
2024-09-18 10:30:20.745000,411.1721909060944,1000
2024-09-18 10:30:20.754000,411.15719938176346,104
2024-09-18 10:30:20.756000,411.1463484083955,95
2024-09-18 10:30:20.841000,411.126466558731,1004
2024-09-18 10:30:20.879000,411.1822346709439,7
2024-09-18 10:30:20.908000,411.1575883324124,997
2024-09-18 10:30:20.911000,411.15542617848325,12
2024-09-18 10:30:20.958000,411.1639286409945,1003
2024-09-18 10:30:20.968000,411.1400853411579,98
2024-09-18 10:30:21.030000,411.1731371298376,95
2024-09-18 10:30:21.033000,411.172098233052,7
2024-09-18 10:30:21.077000,411.1720921388398,99
2024-09-18 10:30:21.145000,411.1654239631309,104
2024-09-18 10:30:21.276000,411.1993524076978,1003
2024-09-18 10:30:21.457000,411.1688885469943,101
2024-09-18 10:30:21.463000,411.1653645206305,7
2024-09-18 10:30:21.486000,411.15455733480775,1004
2024-09-18 10:30:21.580000,411.1704490398005,998
2024-09-18 10:30:21.652000,411.1688523145749,1003
2024-09-18 10:30:21.676000,411.1639934240119,1005
2024-09-18 10:30:21.807000,411.1791791971993,13
2024-09-18 10:30:21.812000,411.18702180044687,100
2024-09-18 10:30:22.118000,411.1881906381884,105
2024-09-18 10:30:22.198000,411.2195795546485,95
2024-09-18 10:30:22.341000,411.1738370460632,7
2024-09-18 10:30:22.477000,411.2174243711784,999
2024-09-18 10:30:22.480000,411.1977723599795,997
2024-09-18 10:30:22.703000,411.2043046408953,102
2024-09-18 10:30:22.836000,411.2000456818463,97
2024-09-18 10:30:24.040000,411.242638813399,99
2024-09-18 10:30:24.054000,411.33967754877295,101
2024-09-18 10:30:24.198000,411.3080693703075,1003
2024-09-18 10:30:24.199000,411.2918854536225,1002
2024-09-18 10:30:24.204000,411.34392311848217,15
2024-09-18 10:30:24.222000,411.3099148198883,998
2024-09-18 10:30:24.305000,411.3223731374099,99
2024-09-18 10:30:24.388000,411.3044525515873,96
2024-09-18 10:30:24.527000,411.3355001890928,103
2024-09-18 10:30:24.539000,411.2619962482625,14
2024-09-18 10:30:24.548000,411.288751757096,997
2024-09-18 10:30:24.608000,411.2768032049003,1005
2024-09-18 10:30:24.640000,411.3317154638274,98
2024-09-18 10:30:24.647000,411.3320711712003,1002
2024-09-18 10:30:24.712000,411.2802839834079,997
2024-09-18 10:30:24.789000,411.2953640822817,97
2024-09-18 10:30:24.880000,411.3244174108537,8
2024-09-18 10:30:24.946000,411.3123787201959,102
2024-09-18 10:30:24.967000,411.2679128870511,99
2024-09-18 10:30:24.991000,411.335227760626,103
2024-09-18 10:30:24.998000,411.32469057940216,12
2024-09-18 10:30:25.002000,411.30609231371614,99
2024-09-18 10:30:25.012000,411.2898583258662,998
2024-09-18 10:30:25.218000,411.2808719634651,105
2024-09-18 10:30:25.233000,411.2921535029069,1002
2024-09-18 10:30:25.301000,411.2750121555952,9
2024-09-18 10:30:25.318000,411.2657081362041,5
2024-09-18 10:30:25.318000,411.2986439938008,98
2024-09-18 10:30:25.325000,411.3284047277724,1000
2024-09-18 10:30:25.361000,411.2943260180124,96
2024-09-18 10:30:25.426000,411.32337328043536,1004
2024-09-18 10:30:25.450000,411.31294278989856,102
2024-09-18 10:30:25.458000,411.2633886878528,102
2024-09-18 10:30:25.487000,411.2915650360028,9
2024-09-18 10:30:25.582000,411.30969380674645,1000
2024-09-18 10:30:25.582000,411.2692055187284,1003
2024-09-18 10:30:25.588000,411.2874089601084,14
2024-09-18 10:30:25.621000,411.2818542718588,997
2024-09-18 10:30:25.724000,411.3227812914642,8
2024-09-18 10:30:25.780000,411.2892958163021,96
2024-09-18 10:30:26.099000,411.3304793193025,5
2024-09-18 10:30:26.174000,411.31044447137,99
2024-09-18 10:30:26.175000,411.3465556929708,95
2024-09-18 10:30:26.197000,411.3291378941429,99
2024-09-18 10:30:26.393000,411.3087177540572,998
2024-09-18 10:30:26.441000,411.28023403205736,95
2024-09-18 10:30:26.455000,411.3297075586879,1000
2024-09-18 10:30:26.460000,411.28992562744526,95
2024-09-18 10:30:26.480000,411.3358391312589,14
2024-09-18 10:30:26.521000,411.281369947765,1005
2024-09-18 10:30:26.768000,411.348526709175,1004
2024-09-18 10:30:26.850000,411.3298983211823,998
2024-09-18 10:30:26.867000,411.2961623337353,997
2024-09-18 10:30:26.930000,411.29754944266807,9
2024-09-18 10:30:27.011000,411.3448233334541,1001
2024-09-18 10:30:27.018000,411.32922157290926,996
2024-09-18 10:30:27.088000,411.3566433717296,1002
2024-09-18 10:30:27.107000,411.34630331084657,99
2024-09-18 10:30:27.168000,411.38359032540586,105
2024-09-18 10:30:27.200000,411.3349998743831,14
2024-09-18 10:30:27.414000,411.3901288644061,102
2024-09-18 10:30:27.528000,411.3350222868668,1001
2024-09-18 10:30:27.582000,411.3303736082681,15
2024-09-18 10:30:27.672000,411.3782764039637,997
2024-09-18 10:30:27.672000,411.39490105312814,8
2024-09-18 10:30:27.674000,411.3320878460319,9
2024-09-18 10:30:27.729000,411.3415878703217,96
2024-09-18 10:30:27.748000,411.3476637067047,102
2024-09-18 10:30:27.751000,411.3191364932485,98
2024-09-18 10:30:27.787000,411.3412777205304,97
2024-09-18 10:30:27.801000,411.318422094713,1005
2024-09-18 10:30:27.858000,411.34434547069714,9
2024-09-18 10:30:27.885000,411.3317587314574,12
2024-09-18 10:30:27.926000,411.3158519532899,95
2024-09-18 10:30:27.947000,411.33654842093057,11
2024-09-18 10:30:27.966000,411.3425995906068,105
2024-09-18 10:30:27.972000,411.3758920402452,8
2024-09-18 10:30:29.023000,411.370400953082,102
2024-09-18 10:30:29.098000,411.344666620307,996
2024-09-18 10:30:29.144000,411.3818783018177,1004
2024-09-18 10:30:29.146000,411.3874288287186,6
2024-09-18 10:30:29.281000,411.3739400788767,9
2024-09-18 10:30:29.293000,411.3482181067872,14
2024-09-18 10:30:29.331000,411.36014681483886,5
2024-09-18 10:30:29.332000,411.3652752438188,96
2024-09-18 10:30:29.335000,411.3757107455101,8
2024-09-18 10:30:29.389000,411.3524996377729,10
2024-09-18 10:30:29.430000,411.3536160494346,101
2024-09-18 10:30:29.439000,411.3656526002442,1001
2024-09-18 10:30:29.557000,411.3616263034446,1002
2024-09-18 10:30:29.623000,411.338608273511,11
2024-09-18 10:30:29.705000,411.326456023102,6
2024-09-18 10:30:29.720000,411.3633323013524,97
2024-09-18 10:30:29.792000,411.3737350339439,1004
2024-09-18 10:30:29.876000,411.3892028570541,7
2024-09-18 10:30:29.903000,411.3938906358261,999
2024-09-18 10:30:29.912000,411.3682192176445,102
2024-09-18 10:30:29.929000,411.3879470851987,97
2024-09-18 10:30:29.996000,411.35460796972205,999
2024-09-18 10:30:29.997000,411.3613615037808,103
2024-09-18 10:30:30.018000,411.4095160716151,1003
2024-09-18 10:30:30.046000,411.3873693524952,6
2024-09-18 10:30:30.048000,411.40571112369406,12
2024-09-18 10:30:30.066000,411.3945356304674,5
2024-09-18 10:30:30.113000,411.3875630006235,12
2024-09-18 10:30:30.144000,411.36659775068335,7
2024-09-18 10:30:30.244000,411.3698500864148,996
2024-09-18 10:30:30.264000,411.4038956542199,996
2024-09-18 10:30:30.334000,411.3509314709587,1005
2024-09-18 10:30:30.346000,411.3994718954538,1002
2024-09-18 10:30:30.348000,411.3670058210534,11
2024-09-18 10:30:30.414000,411.3831423540473,103
2024-09-18 10:30:30.422000,411.4076398705803,13
2024-09-18 10:30:30.596000,411.3902544684168,101
2024-09-18 10:30:30.604000,411.4059240476363,1002
2024-09-18 10:30:30.655000,411.4165145594658,10
2024-09-18 10:30:30.688000,411.34348158576233,104
2024-09-18 10:30:30.692000,411.3864221907059,11
2024-09-18 10:30:30.723000,411.3239673745076,996
2024-09-18 10:30:30.803000,411.40680578595857,1002
2024-09-18 10:30:31.138000,411.4537737504215,13
2024-09-18 10:30:31.190000,411.4377387953581,998
2024-09-18 10:30:31.204000,411.4347496564867,101
2024-09-18 10:30:31.229000,411.4084850729077,5
2024-09-18 10:30:31.351000,411.4017448152737,5
2024-09-18 10:30:31.521000,411.40458764035856,8
2024-09-18 10:30:31.671000,411.38320856678064,999
2024-09-18 10:30:31.851000,411.4448440260017,995
2024-09-18 10:30:31.874000,411.4110718553921,99
2024-09-18 10:30:31.876000,411.4435288233781,105
2024-09-18 10:30:31.920000,411.4200440107391,13
2024-09-18 10:30:31.946000,411.4009972016545,101
2024-09-18 10:30:31.947000,411.4009692767735,105
2024-09-18 10:30:31.985000,411.423169535725,9
2024-09-18 10:30:32.013000,411.4447277935001,103
2024-09-18 10:30:32.031000,411.4095887852613,104
2024-09-18 10:30:32.038000,411.411118316928,5
2024-09-18 10:30:32.058000,411.4500420277152,1005
2024-09-18 10:30:32.073000,411.419126265276,15
2024-09-18 10:30:32.129000,411.4713130401038,15
2024-09-18 10:30:32.177000,411.4299470694887,999
2024-09-18 10:30:32.210000,411.45238036922535,104
2024-09-18 10:30:32.260000,411.4603353394424,98
2024-09-18 10:30:32.260000,411.4328654318425,13
2024-09-18 10:30:32.317000,411.4122573735322,1003
2024-09-18 10:30:32.318000,411.4512157163259,10
2024-09-18 10:30:32.322000,411.4467219947978,102
2024-09-18 10:30:32.338000,411.385398581641,100
2024-09-18 10:30:32.356000,411.45476655940354,1002
2024-09-18 10:30:32.521000,411.41593811255353,100
2024-09-18 10:30:32.589000,411.390118724025,12
2024-09-18 10:30:32.711000,411.3822502369175,999
2024-09-18 10:30:32.747000,411.4235580292004,5
2024-09-18 10:30:32.753000,411.427765816852,995
2024-09-18 10:30:32.783000,411.3763026358096,95
2024-09-18 10:30:32.783000,411.4455413192727,1005
2024-09-18 10:30:32.865000,411.4400714761587,96
2024-09-18 10:30:32.900000,411.4643126101856,6
2024-09-18 10:30:32.929000,411.44748546376144,13
2024-09-18 10:30:32.968000,411.36383172978174,95
2024-09-18 10:30:32.990000,411.4148090606911,8
2024-09-18 10:30:33.065000,411.38171582896655,97
2024-09-18 10:30:33.168000,411.3860345848794,7
2024-09-18 10:30:33.208000,411.3681267353221,1000
2024-09-18 10:30:33.237000,411.385489300847,95
2024-09-18 10:30:33.369000,411.3291292468173,104
2024-09-18 10:30:33.370000,411.32642640017264,1005
2024-09-18 10:30:33.386000,411.362692536417,10
2024-09-18 10:30:33.420000,411.38919755194496,998
2024-09-18 10:30:33.646000,411.3834738754391,103
2024-09-18 10:30:33.677000,411.3211938612072,95
2024-09-18 10:30:33.765000,411.3746298156761,995
2024-09-18 10:30:33.800000,411.385805614996,1001
2024-09-18 10:30:33.834000,411.3466975141503,12
2024-09-18 10:30:33.860000,411.3736624891079,995
2024-09-18 10:30:33.894000,411.3342305056234,1003
2024-09-18 10:30:33.901000,411.3845702618825,99
2024-09-18 10:30:33.994000,411.4134879274735,1003
2024-09-18 10:30:34.005000,411.1910487374519,97
2024-09-18 10:30:34.037000,411.2924578312383,995
2024-09-18 10:30:34.089000,411.28775732809487,5
2024-09-18 10:30:34.158000,411.2919708352295,100
2024-09-18 10:30:34.163000,411.1862264032443,104
2024-09-18 10:30:34.209000,411.2937150937849,996
2024-09-18 10:30:34.313000,411.2961828085865,103
2024-09-18 10:30:34.334000,411.2215224336011,96
2024-09-18 10:30:34.384000,411.29486200799306,15
2024-09-18 10:30:34.388000,411.29684855512585,999
2024-09-18 10:30:34.480000,411.204103704493,105
2024-09-18 10:30:34.529000,411.2285621762704,6
2024-09-18 10:30:34.537000,411.1615742993275,100
2024-09-18 10:30:34.551000,411.2439010405229,11
2024-09-18 10:30:34.553000,411.19092453001946,96
2024-09-18 10:30:34.594000,411.28563512118967,101
2024-09-18 10:30:34.706000,411.1921266197126,999
2024-09-18 10:30:34.766000,411.2664473679265,98
2024-09-18 10:30:34.793000,411.2214756994408,8
2024-09-18 10:30:34.919000,411.2910421050588,1005
2024-09-18 10:30:34.973000,411.1580815978895,98
2024-09-18 10:30:34.974000,411.2299262221376,5
2024-09-18 10:30:34.985000,411.2476323267165,996
2024-09-18 10:30:35.178000,411.1806826493308,995
2024-09-18 10:30:35.186000,411.194719575251,1004
2024-09-18 10:30:35.265000,411.1856994527847,103
2024-09-18 10:30:35.954000,411.194957734305,99
2024-09-18 10:30:36.011000,411.2654926039399,6
2024-09-18 10:30:36.018000,411.2546807891901,13
2024-09-18 10:30:36.030000,411.2102612471792,10
2024-09-18 10:30:36.046000,411.26201043750353,996
2024-09-18 10:30:36.049000,411.2113595912296,12
2024-09-18 10:30:36.090000,411.24870043149616,105
2024-09-18 10:30:36.141000,411.1961429151604,95
2024-09-18 10:30:36.199000,411.24008104019777,11
2024-09-18 10:30:36.234000,411.2123344605916,12
2024-09-18 10:30:36.325000,411.2174505866465,99
2024-09-18 10:30:36.331000,411.2100334499691,15
2024-09-18 10:30:36.433000,411.2255763166292,998
2024-09-18 10:30:36.519000,411.2711844156684,997
2024-09-18 10:30:36.520000,411.2648802486903,996
2024-09-18 10:30:36.688000,411.1850567980569,1003
2024-09-18 10:30:36.694000,411.1946771251286,102
2024-09-18 10:30:36.838000,411.2288676755804,997
2024-09-18 10:30:36.873000,411.23691596430905,102
2024-09-18 10:30:36.898000,411.2262233466647,1000
2024-09-18 10:30:36.971000,411.2222387077383,103
2024-09-18 10:30:37.123000,411.2545307848823,7
2024-09-18 10:30:37.274000,411.2465069373448,101
2024-09-18 10:30:37.468000,411.2393078223454,96
2024-09-18 10:30:37.690000,411.25740198008873,95
2024-09-18 10:30:38.206000,411.25442888336255,102
2024-09-18 10:30:38.215000,411.2288301855896,101
2024-09-18 10:30:38.230000,411.31384716223016,1004
2024-09-18 10:30:38.276000,411.2579594545384,1005
2024-09-18 10:30:38.286000,411.29686574569126,104
2024-09-18 10:30:38.289000,411.2300689691159,104
2024-09-18 10:30:38.294000,411.3021703059013,101
2024-09-18 10:30:38.368000,411.2731421244365,1001
2024-09-18 10:30:38.383000,411.2806332405716,14
2024-09-18 10:30:38.454000,411.2572203607716,99
2024-09-18 10:30:38.484000,411.3188721991034,96
2024-09-18 10:30:38.584000,411.2081131926678,103
2024-09-18 10:30:38.704000,411.2537758245274,995
2024-09-18 10:30:38.726000,411.24365594368015,12
2024-09-18 10:30:38.729000,411.2244971280082,996
2024-09-18 10:30:38.755000,411.2401465788552,7
2024-09-18 10:30:38.760000,411.3057948799543,96
2024-09-18 10:30:38.783000,411.2413506231444,11
2024-09-18 10:30:38.857000,411.2357648424286,12
2024-09-18 10:30:38.880000,411.2525204226416,14
2024-09-18 10:30:38.943000,411.3249318254004,8
2024-09-18 10:30:38.948000,411.2689424158993,1005
2024-09-18 10:30:39.102000,411.26074748418006,14
2024-09-18 10:30:39.119000,411.25495500419936,1005
2024-09-18 10:30:39.207000,411.325918117954,98
2024-09-18 10:30:39.255000,411.2707021508479,9
2024-09-18 10:30:39.257000,411.27238243199866,12
2024-09-18 10:30:39.271000,411.3777174041901,1002
2024-09-18 10:30:39.272000,411.2572030753781,1005
2024-09-18 10:30:39.278000,411.2650117652943,15
2024-09-18 10:30:39.293000,411.2587775339002,1003
2024-09-18 10:30:39.335000,411.2592182606553,104
2024-09-18 10:30:39.352000,411.31305356466464,1005
2024-09-18 10:30:39.395000,411.3586070296666,995
2024-09-18 10:30:39.422000,411.32482125165046,1004
2024-09-18 10:30:39.441000,411.2978823852925,995
2024-09-18 10:30:39.488000,411.2715583644317,5
2024-09-18 10:30:39.509000,411.2704088066709,99
2024-09-18 10:30:39.509000,411.2678865717064,96
2024-09-18 10:30:39.521000,411.26173935645545,997
2024-09-18 10:30:39.637000,411.243726273682,9
2024-09-18 10:30:39.637000,411.2860039599692,98
2024-09-18 10:30:39.847000,411.26825051851375,99
2024-09-18 10:30:39.881000,411.3026146738861,995
2024-09-18 10:30:40.091000,411.3704352323329,9
2024-09-18 10:30:40.197000,411.3849644196838,1002
2024-09-18 10:30:40.295000,411.3675641802639,1005
2024-09-18 10:30:40.315000,411.3857825380411,996
2024-09-18 10:30:40.430000,411.36948757637,7
2024-09-18 10:30:40.539000,411.371384384449,10
2024-09-18 10:30:40.590000,411.3813389241287,1000
2024-09-18 10:30:40.638000,411.38705071284,999
2024-09-18 10:30:41.016000,411.2914251839194,995
2024-09-18 10:30:41.097000,411.284944623269,100
2024-09-18 10:30:41.104000,411.3044051563378,9
2024-09-18 10:30:41.133000,411.30746879105305,11
2024-09-18 10:30:41.136000,411.3234779393237,10
2024-09-18 10:30:41.204000,411.3122655216844,103
2024-09-18 10:30:41.295000,411.31597829003385,104
2024-09-18 10:30:41.304000,411.3252989071533,105
2024-09-18 10:30:41.343000,411.31165090754655,12
2024-09-18 10:30:41.351000,411.3140639936974,10
2024-09-18 10:30:41.439000,411.3011351491171,1000
2024-09-18 10:30:41.452000,411.3186181011127,15
2024-09-18 10:30:41.468000,411.3085074297198,101
2024-09-18 10:30:41.520000,411.3618041733248,14
2024-09-18 10:30:41.542000,411.3309849707396,105
2024-09-18 10:30:41.558000,411.32227083492506,10
2024-09-18 10:30:41.632000,411.32382889067577,15
2024-09-18 10:30:41.640000,411.2995774726615,995
2024-09-18 10:30:41.685000,411.32644608179135,997
2024-09-18 10:30:41.751000,411.3188348854756,1000
2024-09-18 10:30:41.769000,411.3162740260285,1001
2024-09-18 10:30:41.821000,411.3049585891741,104
2024-09-18 10:30:41.866000,411.3174324537956,5
2024-09-18 10:30:41.917000,411.33016919996345,9
2024-09-18 10:30:41.922000,411.33477360901406,14
2024-09-18 10:30:41.974000,411.33885974782464,98
2024-09-18 10:30:42.023000,411.4013329793548,5
2024-09-18 10:30:42.035000,411.3827222550244,102
2024-09-18 10:30:42.071000,411.403887221935,1003
2024-09-18 10:30:42.099000,411.358654114284,102
2024-09-18 10:30:42.229000,411.4056771479227,100
2024-09-18 10:30:42.239000,411.33204755762415,1000
2024-09-18 10:30:42.242000,411.389072774947,998
2024-09-18 10:30:42.264000,411.39628686530654,104
2024-09-18 10:30:42.312000,411.3920782397344,96
2024-09-18 10:30:42.344000,411.37289240910087,101
2024-09-18 10:30:42.347000,411.344473459247,13
2024-09-18 10:30:42.515000,411.3046432687167,7
2024-09-18 10:30:42.530000,411.3903267290429,10
2024-09-18 10:30:42.661000,411.3608094571047,97
2024-09-18 10:30:42.707000,411.3820578158736,7
2024-09-18 10:30:42.712000,411.3681936817449,1004
2024-09-18 10:30:42.868000,411.3557758370357,98
2024-09-18 10:30:42.907000,411.36334316340793,999
2024-09-18 10:30:42.935000,411.3411285958828,13
2024-09-18 10:30:42.963000,411.399362086538,998
2024-09-18 10:30:42.987000,411.3010119631915,12
2024-09-18 10:30:43.232000,411.3629721821304,95
2024-09-18 10:30:43.289000,411.3596281212463,101
2024-09-18 10:30:43.307000,411.3660361807305,99
2024-09-18 10:30:43.324000,411.36399576097017,13
2024-09-18 10:30:43.349000,411.363013325833,102
2024-09-18 10:30:43.523000,411.3847467669476,101
2024-09-18 10:30:43.622000,411.3649717089342,104
2024-09-18 10:30:43.824000,411.3419230437912,9
2024-09-18 10:30:43.824000,411.3637453245045,13
2024-09-18 10:30:43.890000,411.3691475017107,1004
2024-09-18 10:30:43.919000,411.3531787846311,12
2024-09-18 10:30:44.070000,411.3522935777099,97
2024-09-18 10:30:44.111000,411.4084483894295,1004
2024-09-18 10:30:44.182000,411.3772395937032,996
2024-09-18 10:30:44.293000,411.37306003683113,100
2024-09-18 10:30:44.300000,411.4095226849577,995
2024-09-18 10:30:44.324000,411.4112196436565,997
2024-09-18 10:30:44.720000,411.4085756766083,97
2024-09-18 10:30:44.746000,411.3954914089691,1001
2024-09-18 10:30:44.952000,411.3508636128914,101
2024-09-18 10:30:45.647000,411.4016455654852,99
2024-09-18 10:30:46.025000,411.4116121986614,14
2024-09-18 10:30:46.046000,411.4292098887575,1001
2024-09-18 10:30:46.119000,411.40682241057726,996
2024-09-18 10:30:46.137000,411.459939174398,12
2024-09-18 10:30:46.198000,411.4420724938658,9
2024-09-18 10:30:46.207000,411.4145609388309,1002
2024-09-18 10:30:46.256000,411.4317095119691,995
2024-09-18 10:30:46.315000,411.4149446795631,1004
2024-09-18 10:30:46.357000,411.4161113300544,5
2024-09-18 10:30:46.433000,411.44770280892976,1002
2024-09-18 10:30:46.466000,411.4344786468063,6
2024-09-18 10:30:46.469000,411.43483998652033,105
2024-09-18 10:30:46.514000,411.4162409549052,997
2024-09-18 10:30:46.530000,411.4060996333535,101
2024-09-18 10:30:46.542000,411.4388080080821,1004
2024-09-18 10:30:46.629000,411.41485429647565,7
2024-09-18 10:30:46.713000,411.4585267114759,103
2024-09-18 10:30:46.792000,411.4161207757039,10
2024-09-18 10:30:46.895000,411.4311370821968,105
2024-09-18 10:30:46.925000,411.4375962299574,1003
2024-09-18 10:30:46.993000,411.4495249871899,1004
2024-09-18 10:30:46.996000,411.44267993200185,96
2024-09-18 10:30:48,411.4794015924396,103
2024-09-18 10:30:48.022000,411.4323164740227,104
2024-09-18 10:30:48.044000,411.4850365933717,104
2024-09-18 10:30:48.188000,411.4400833909751,11
2024-09-18 10:30:48.197000,411.4672146021851,995
2024-09-18 10:30:48.321000,411.4578634357696,1002
2024-09-18 10:30:48.373000,411.4295652125844,102
2024-09-18 10:30:48.388000,411.4294451829768,10
2024-09-18 10:30:48.440000,411.4495140677311,1002
2024-09-18 10:30:48.546000,411.4444679361669,103
2024-09-18 10:30:48.593000,411.4494246433402,997
2024-09-18 10:30:48.736000,411.48265115594165,997
2024-09-18 10:30:48.870000,411.4646241668465,15
2024-09-18 10:30:48.886000,411.45314048205086,10
2024-09-18 10:30:48.955000,411.4687518974724,8
2024-09-18 10:30:49.018000,411.46826129618006,101
2024-09-18 10:30:49.054000,411.466750437138,10
2024-09-18 10:30:49.100000,411.44077828050393,15
2024-09-18 10:30:49.103000,411.4863802514335,100
2024-09-18 10:30:49.136000,411.4634362067681,104
2024-09-18 10:30:49.193000,411.4942045781468,102
2024-09-18 10:30:49.195000,411.4775252177883,96
2024-09-18 10:30:49.232000,411.4312659056439,13
2024-09-18 10:30:49.255000,411.4314450986786,15
2024-09-18 10:30:49.260000,411.46580259840704,99
2024-09-18 10:30:49.369000,411.4641142500385,999
2024-09-18 10:30:49.381000,411.4774273058332,11
2024-09-18 10:30:49.412000,411.42707022380847,15
2024-09-18 10:30:49.479000,411.4283479135925,998
2024-09-18 10:30:49.491000,411.4667076061209,11
2024-09-18 10:30:49.497000,411.4776872353322,95
2024-09-18 10:30:49.545000,411.4738743658424,998
2024-09-18 10:30:49.584000,411.469110372852,13
2024-09-18 10:30:49.640000,411.4852011012363,7
2024-09-18 10:30:49.651000,411.4670867761864,103
2024-09-18 10:30:49.681000,411.4739094696596,13
2024-09-18 10:30:49.699000,411.4705171685764,9
2024-09-18 10:30:49.709000,411.4595760931626,96
2024-09-18 10:30:49.777000,411.48749848342266,1002
2024-09-18 10:30:49.778000,411.47128374691977,13
2024-09-18 10:30:49.850000,411.4332287229974,98
2024-09-18 10:30:49.862000,411.4734347597434,1005
2024-09-18 10:30:49.865000,411.427806503894,1000
2024-09-18 10:30:50.069000,411.4015023394743,15
2024-09-18 10:30:50.071000,411.39376537643415,15
2024-09-18 10:30:50.221000,411.3655568935106,12
2024-09-18 10:30:50.241000,411.4153268148679,997
2024-09-18 10:30:50.249000,411.3892339965165,96
2024-09-18 10:30:50.286000,411.39602383683945,1003
2024-09-18 10:30:50.289000,411.3754785384644,14
2024-09-18 10:30:50.326000,411.4133059510687,13
2024-09-18 10:30:50.352000,411.4119408891832,9
2024-09-18 10:30:50.381000,411.37716083491057,97
2024-09-18 10:30:50.387000,411.4171492709153,1002
2024-09-18 10:30:50.409000,411.4241069877802,1002
2024-09-18 10:30:50.427000,411.4327055541065,1002
2024-09-18 10:30:50.430000,411.3949000390416,6
2024-09-18 10:30:50.431000,411.4213664889068,100
2024-09-18 10:30:50.466000,411.4031974026494,6
2024-09-18 10:30:50.480000,411.400060842024,96
2024-09-18 10:30:50.486000,411.4174456299132,996
2024-09-18 10:30:50.494000,411.3642044098018,98
2024-09-18 10:30:50.580000,411.4164366379846,1004
2024-09-18 10:30:50.595000,411.3890849677746,99
2024-09-18 10:30:50.644000,411.3557344992969,5
2024-09-18 10:30:50.837000,411.4276409045106,996
2024-09-18 10:30:50.846000,411.36117621003416,99
2024-09-18 10:30:50.868000,411.3789970042876,12
2024-09-18 10:30:50.908000,411.4280590276588,11
2024-09-18 10:30:50.945000,411.3642584339596,1001
2024-09-18 10:30:50.950000,411.385004147353,99
2024-09-18 10:30:50.965000,411.4140599352799,97
2024-09-18 10:30:51.017000,411.36219812612967,998
2024-09-18 10:30:51.065000,411.3705611135933,8
2024-09-18 10:30:51.099000,411.3146854049656,998
2024-09-18 10:30:51.170000,411.37867932631815,12
2024-09-18 10:30:51.177000,411.34243877951934,1004
2024-09-18 10:30:51.225000,411.37556670911147,103
2024-09-18 10:30:51.253000,411.33629178756087,998
2024-09-18 10:30:51.312000,411.3231876037917,101
2024-09-18 10:30:51.420000,411.3577261880968,95
2024-09-18 10:30:51.524000,411.3924172418915,995
2024-09-18 10:30:51.580000,411.3698627067018,11
2024-09-18 10:30:51.584000,411.3184211050568,7
2024-09-18 10:30:51.627000,411.3903539835938,6
2024-09-18 10:30:51.689000,411.3798082487224,105
2024-09-18 10:30:51.739000,411.3532508266242,1001
2024-09-18 10:30:51.912000,411.3929464346834,1000
2024-09-18 10:30:52.019000,411.4176817130961,1000
2024-09-18 10:30:52.040000,411.36339493885697,101
2024-09-18 10:30:52.048000,411.4082537244524,97
2024-09-18 10:30:52.061000,411.43309395544793,99
2024-09-18 10:30:52.092000,411.4269398772598,9
2024-09-18 10:30:52.131000,411.4178211639908,1001
2024-09-18 10:30:52.182000,411.4050418551207,98
2024-09-18 10:30:52.192000,411.4158144580311,100
2024-09-18 10:30:52.277000,411.3852602389137,95
2024-09-18 10:30:52.367000,411.37193151650007,102
2024-09-18 10:30:52.373000,411.4216543429106,96
2024-09-18 10:30:52.394000,411.39546175850273,1003
2024-09-18 10:30:52.426000,411.4067651145989,998
2024-09-18 10:30:52.681000,411.38771778517975,9
2024-09-18 10:30:52.683000,411.4411212742461,997
2024-09-18 10:30:52.765000,411.4171909719784,99
2024-09-18 10:30:52.782000,411.3775051082713,1002
2024-09-18 10:30:52.827000,411.37875317610894,1002
2024-09-18 10:30:52.840000,411.399293941669,996
2024-09-18 10:30:52.888000,411.40850161458593,13
2024-09-18 10:30:52.900000,411.41681251515166,1001
2024-09-18 10:30:52.903000,411.3677869890556,98
2024-09-18 10:30:52.937000,411.4037414426958,1001
2024-09-18 10:30:52.942000,411.4033750981281,1004
2024-09-18 10:30:52.963000,411.4001064654848,996
2024-09-18 10:30:53.060000,411.407687082486,96
2024-09-18 10:30:53.659000,411.4009761470893,100
2024-09-18 10:30:53.726000,411.4430994710627,15
2024-09-18 10:30:53.807000,411.4408953684484,10
2024-09-18 10:30:53.914000,411.4204769117948,996
2024-09-18 10:30:54.573000,411.3922103707458,103
2024-09-18 10:30:54.861000,411.350288502106,998
2024-09-18 10:30:54.984000,411.3751841542201,1000
2024-09-18 10:30:55.023000,411.2831291069718,5
2024-09-18 10:30:55.026000,411.30601814910665,14
2024-09-18 10:30:55.044000,411.3923355440895,97
2024-09-18 10:30:55.117000,411.3409344060825,1003
2024-09-18 10:30:55.155000,411.3762441337184,10
2024-09-18 10:30:55.226000,411.3177011124964,999
2024-09-18 10:30:55.228000,411.2826771368077,1002
2024-09-18 10:30:55.235000,411.32441672494406,8
2024-09-18 10:30:55.252000,411.3190311025856,1001
2024-09-18 10:30:55.260000,411.3190321031376,103
2024-09-18 10:30:55.334000,411.3802533672285,998
2024-09-18 10:30:55.369000,411.3707284092603,101
2024-09-18 10:30:55.392000,411.3115684260486,11
2024-09-18 10:30:55.435000,411.362513126028,995
2024-09-18 10:30:55.518000,411.3358968001705,10
2024-09-18 10:30:55.521000,411.3646538049964,1001
2024-09-18 10:30:55.525000,411.3309423868142,14
2024-09-18 10:30:55.647000,411.3292960561059,7
2024-09-18 10:30:55.649000,411.3133147532669,99
2024-09-18 10:30:55.661000,411.3843489870696,102
2024-09-18 10:30:55.736000,411.3682957693253,6
2024-09-18 10:30:55.748000,411.34622005963246,996
2024-09-18 10:30:55.774000,411.2880855239614,1002
2024-09-18 10:30:55.864000,411.40014198162686,14
2024-09-18 10:30:55.955000,411.3519005005711,96
2024-09-18 10:30:55.977000,411.2905325030517,105
2024-09-18 10:30:56.006000,411.299613412128,13
2024-09-18 10:30:56.107000,411.2744424245033,9
2024-09-18 10:30:56.173000,411.310864091432,103
2024-09-18 10:30:56.227000,411.3026221511441,96
2024-09-18 10:30:56.402000,411.304570837353,103
2024-09-18 10:30:56.443000,411.3089298744928,100
2024-09-18 10:30:56.681000,411.2834883006878,98
2024-09-18 10:30:56.736000,411.2631997865676,99
2024-09-18 10:30:56.866000,411.3201784290373,5
2024-09-18 10:30:57.012000,411.2754520299233,1001
2024-09-18 10:30:57.020000,411.2898713473924,8
2024-09-18 10:30:57.103000,411.3002893329006,97
2024-09-18 10:30:57.234000,411.2615217538918,98
2024-09-18 10:30:57.296000,411.2785594937982,5
2024-09-18 10:30:57.331000,411.2520099543247,1002
2024-09-18 10:30:57.361000,411.2795475888287,102
2024-09-18 10:30:57.580000,411.2820843190277,10
2024-09-18 10:30:57.681000,411.2627711548428,14
2024-09-18 10:30:58.001000,411.26904077493646,1005
2024-09-18 10:30:58.024000,411.2743619823818,14
2024-09-18 10:30:58.065000,411.2853741950387,998
2024-09-18 10:30:58.121000,411.27723430057154,9
2024-09-18 10:30:58.282000,411.2579638649886,95
2024-09-18 10:30:58.291000,411.24074552834537,1001
2024-09-18 10:30:58.304000,411.2605523516236,1001
2024-09-18 10:30:58.318000,411.2996362075408,7
2024-09-18 10:30:58.323000,411.25963393495175,10
2024-09-18 10:30:58.376000,411.2629440499164,101
2024-09-18 10:30:58.436000,411.26335938580974,100
2024-09-18 10:30:58.441000,411.2951769611713,1001
2024-09-18 10:30:58.444000,411.2823052417545,1001
2024-09-18 10:30:58.551000,411.3027633047124,104
2024-09-18 10:30:58.561000,411.25939434823925,95
2024-09-18 10:30:58.576000,411.245660688888,10
2024-09-18 10:30:58.598000,411.2492637155431,10
2024-09-18 10:30:58.602000,411.24716308140046,12
2024-09-18 10:30:58.656000,411.29650071226575,100
2024-09-18 10:30:58.677000,411.2510786323986,14
2024-09-18 10:30:58.697000,411.2668352650092,95
2024-09-18 10:30:58.752000,411.2850068478469,99
2024-09-18 10:30:58.887000,411.2841053810014,99
2024-09-18 10:30:58.912000,411.2332208538827,98
2024-09-18 10:30:59.066000,411.2583504573559,5
2024-09-18 10:30:59.108000,411.23938891646014,1003
2024-09-18 10:30:59.120000,411.2772400248826,101
2024-09-18 10:30:59.420000,411.22379229522426,14
2024-09-18 10:30:59.427000,411.2877968928065,1000
2024-09-18 10:30:59.708000,411.27319306310096,1000
2024-09-18 10:30:59.753000,411.2604664770135,999
2024-09-18 10:30:59.812000,411.2205466944258,10
