Timestamp,Price,Size
2024-09-18 12:52:00.043000,417.39311148513286,5
2024-09-18 12:52:00.056000,417.376405856828,13
2024-09-18 12:52:00.149000,417.381599297834,995
2024-09-18 12:52:00.303000,417.383389465711,10
2024-09-18 12:52:00.321000,417.3437659543951,99
2024-09-18 12:52:00.329000,417.3676415974172,1004
2024-09-18 12:52:00.369000,417.3776760740021,12
2024-09-18 12:52:00.467000,417.35849395978073,1004
2024-09-18 12:52:00.532000,417.3675707248921,12
2024-09-18 12:52:00.561000,417.37754685460527,5
2024-09-18 12:52:00.578000,417.3749036038672,104
2024-09-18 12:52:00.615000,417.3621953979507,9
2024-09-18 12:52:00.641000,417.33902796969977,104
2024-09-18 12:52:00.648000,417.3741132814922,11
2024-09-18 12:52:00.688000,417.3687720555095,1004
2024-09-18 12:52:01.147000,417.3673663809249,104
2024-09-18 12:52:01.182000,417.37824023484825,15
2024-09-18 12:52:01.185000,417.3686828608144,7
2024-09-18 12:52:01.189000,417.3438313480499,97
2024-09-18 12:52:01.197000,417.34657627153433,14
2024-09-18 12:52:01.237000,417.3693394091592,103
2024-09-18 12:52:01.340000,417.36262623228106,1001
2024-09-18 12:52:01.474000,417.3165098819306,1002
2024-09-18 12:52:01.568000,417.3800749624092,997
2024-09-18 12:52:01.573000,417.3545857578062,1001
2024-09-18 12:52:01.709000,417.3784199446096,13
2024-09-18 12:52:01.818000,417.2943372780112,102
2024-09-18 12:52:01.910000,417.34938777229,99
2024-09-18 12:52:01.917000,417.367727463583,101
2024-09-18 12:52:01.929000,417.36685380080326,6
2024-09-18 12:52:01.956000,417.34124771358887,101
2024-09-18 12:52:02.148000,417.2763472349921,8
2024-09-18 12:52:02.180000,417.2663185961643,12
2024-09-18 12:52:02.205000,417.279305995592,1001
2024-09-18 12:52:02.258000,417.2635719002904,997
2024-09-18 12:52:02.284000,417.26264130974056,9
2024-09-18 12:52:02.299000,417.28445661419823,996
2024-09-18 12:52:02.318000,417.2910243730298,97
2024-09-18 12:52:02.386000,417.2834890597521,1000
2024-09-18 12:52:02.398000,417.2707934611744,13
2024-09-18 12:52:02.437000,417.2833809569652,1002
2024-09-18 12:52:02.501000,417.2888013423314,13
2024-09-18 12:52:02.549000,417.26804724263934,999
2024-09-18 12:52:02.566000,417.2707196934554,97
2024-09-18 12:52:02.703000,417.26280938106726,1002
2024-09-18 12:52:02.802000,417.2718290322888,997
2024-09-18 12:52:02.840000,417.280331398557,102
2024-09-18 12:52:02.878000,417.2892299332034,1000
2024-09-18 12:52:02.991000,417.2718714276609,996
2024-09-18 12:52:03.003000,417.2676957147914,95
2024-09-18 12:52:03.020000,417.2298734543467,98
2024-09-18 12:52:03.069000,417.2508958518208,98
2024-09-18 12:52:03.075000,417.3084398682897,8
2024-09-18 12:52:03.107000,417.22383031371055,996
2024-09-18 12:52:03.117000,417.2923160844708,8
2024-09-18 12:52:03.122000,417.2324088215121,104
2024-09-18 12:52:03.217000,417.2397749978392,97
2024-09-18 12:52:03.239000,417.16955994639926,7
2024-09-18 12:52:03.318000,417.19689090785096,95
2024-09-18 12:52:03.344000,417.2373314004586,1000
2024-09-18 12:52:03.356000,417.21618430271246,12
2024-09-18 12:52:03.378000,417.2261261163697,13
2024-09-18 12:52:03.435000,417.180994838422,10
2024-09-18 12:52:03.438000,417.2205564803058,1000
2024-09-18 12:52:03.455000,417.219120409576,1002
2024-09-18 12:52:03.462000,417.2325954822862,995
2024-09-18 12:52:03.590000,417.25700350326593,5
2024-09-18 12:52:03.734000,417.2939807334791,15
2024-09-18 12:52:03.739000,417.19137406610366,1005
2024-09-18 12:52:03.779000,417.2855042547966,1005
2024-09-18 12:52:03.815000,417.2289281987029,98
2024-09-18 12:52:03.828000,417.2766906452604,996
2024-09-18 12:52:03.840000,417.205561877061,996
2024-09-18 12:52:03.883000,417.1925094296782,7
2024-09-18 12:52:03.887000,417.21701994932096,995
2024-09-18 12:52:03.891000,417.2253878187756,96
2024-09-18 12:52:03.956000,417.2129695763704,5
2024-09-18 12:52:04.489000,417.1633351611091,8
2024-09-18 12:52:04.556000,417.1464595423408,99
2024-09-18 12:52:04.762000,417.19891676909583,6
2024-09-18 12:52:04.991000,417.1859444367601,11
2024-09-18 12:52:05.126000,417.15502356880734,1002
2024-09-18 12:52:05.140000,417.1349522479048,10
2024-09-18 12:52:05.486000,417.122513102194,10
2024-09-18 12:52:05.633000,417.1262731144921,7
2024-09-18 12:52:05.646000,417.1171463209876,100
2024-09-18 12:52:05.723000,417.1517155962187,12
2024-09-18 12:52:05.835000,417.1187728174313,6
2024-09-18 12:52:06.148000,417.1023782210254,6
2024-09-18 12:52:06.535000,417.122522296558,98
2024-09-18 12:52:06.630000,417.13220393184673,1002
2024-09-18 12:52:06.662000,417.11618949274975,99
2024-09-18 12:52:06.687000,417.102719220819,1005
2024-09-18 12:52:07.079000,417.14214166291737,105
2024-09-18 12:52:07.134000,417.1218479158574,101
2024-09-18 12:52:07.236000,417.1053929910925,5
2024-09-18 12:52:07.268000,417.115897920498,98
2024-09-18 12:52:07.291000,417.1085007246466,1001
2024-09-18 12:52:07.382000,417.1397657382884,12
2024-09-18 12:52:07.517000,417.15169718826576,96
2024-09-18 12:52:07.636000,417.1427526263077,104
2024-09-18 12:52:07.649000,417.125858079106,96
2024-09-18 12:52:07.649000,417.12877532788826,1004
2024-09-18 12:52:07.784000,417.1156796190992,8
2024-09-18 12:52:07.822000,417.1462206739459,1001
2024-09-18 12:52:07.907000,417.1516579204125,102
2024-09-18 12:52:07.937000,417.1281040651933,1001
2024-09-18 12:52:08.044000,417.1660236474704,95
2024-09-18 12:52:08.062000,417.1725746288832,1002
2024-09-18 12:52:08.120000,417.167289247538,99
2024-09-18 12:52:08.173000,417.2107357917344,99
2024-09-18 12:52:08.174000,417.1464981506289,100
2024-09-18 12:52:08.204000,417.1769554823758,1003
2024-09-18 12:52:08.247000,417.1885845125127,998
2024-09-18 12:52:08.271000,417.2083243198359,10
2024-09-18 12:52:08.284000,417.1622541458036,1005
2024-09-18 12:52:08.289000,417.2042453452268,95
2024-09-18 12:52:08.290000,417.1704240948494,997
2024-09-18 12:52:08.350000,417.1762489786733,1004
2024-09-18 12:52:08.398000,417.14538848337526,15
2024-09-18 12:52:08.544000,417.1825249500571,7
2024-09-18 12:52:08.612000,417.1352842920962,1004
2024-09-18 12:52:08.640000,417.1798566884007,10
2024-09-18 12:52:08.700000,417.1641983321238,1003
2024-09-18 12:52:08.718000,417.1480209513098,10
2024-09-18 12:52:08.730000,417.1519902924872,12
2024-09-18 12:52:08.789000,417.1527094443021,97
2024-09-18 12:52:08.813000,417.1502459986248,14
2024-09-18 12:52:08.858000,417.1861640771948,6
2024-09-18 12:52:08.920000,417.1758851591008,5
2024-09-18 12:52:09.072000,417.17332642581056,5
2024-09-18 12:52:09.455000,417.1839242383798,998
2024-09-18 12:52:10.056000,417.1195125735218,98
2024-09-18 12:52:10.067000,417.094499687604,100
2024-09-18 12:52:10.070000,417.1871531856144,996
2024-09-18 12:52:10.193000,417.1783781293108,104
2024-09-18 12:52:10.247000,417.1874513425008,1003
2024-09-18 12:52:10.251000,417.1110696191862,997
2024-09-18 12:52:10.278000,417.1305478584409,995
2024-09-18 12:52:10.282000,417.0992671554957,13
2024-09-18 12:52:10.298000,417.11875326922967,11
2024-09-18 12:52:10.339000,417.09730908157366,998
2024-09-18 12:52:10.403000,417.1615854630269,6
2024-09-18 12:52:10.420000,417.12096709115895,997
2024-09-18 12:52:10.486000,417.1710186980375,102
2024-09-18 12:52:10.486000,417.197701497628,12
2024-09-18 12:52:10.508000,417.097189877192,997
2024-09-18 12:52:10.549000,417.0965919607507,8
2024-09-18 12:52:10.708000,417.1900377259735,96
2024-09-18 12:52:10.765000,417.11714860227767,1005
2024-09-18 12:52:10.809000,417.0979238110215,98
2024-09-18 12:52:10.826000,417.10549198635374,1001
2024-09-18 12:52:10.875000,417.2023366578129,997
2024-09-18 12:52:10.907000,417.1174581354297,997
2024-09-18 12:52:10.970000,417.1853958231582,96
2024-09-18 12:52:11.101000,417.11012417374434,14
2024-09-18 12:52:11.162000,417.1051133463933,998
2024-09-18 12:52:11.379000,417.100982881869,104
2024-09-18 12:52:11.615000,417.1015463416553,6
2024-09-18 12:52:11.709000,417.0950108542887,105
2024-09-18 12:52:11.755000,417.10694899092977,7
2024-09-18 12:52:11.924000,417.1042498024169,5
2024-09-18 12:52:11.951000,417.11164723228825,7
2024-09-18 12:52:12.091000,417.12730414898897,101
2024-09-18 12:52:12.125000,417.11716310554857,98
2024-09-18 12:52:12.128000,417.1322018355191,5
2024-09-18 12:52:12.133000,417.1108141264552,11
2024-09-18 12:52:12.153000,417.12644311614713,99
2024-09-18 12:52:12.204000,417.1199913505663,1005
2024-09-18 12:52:12.278000,417.1444848461621,95
2024-09-18 12:52:12.389000,417.1301864155122,1005
2024-09-18 12:52:12.396000,417.1199259822624,1002
2024-09-18 12:52:12.409000,417.1082000112442,14
2024-09-18 12:52:12.475000,417.153766042255,998
2024-09-18 12:52:12.511000,417.1406289881962,996
2024-09-18 12:52:12.589000,417.126620049184,1005
2024-09-18 12:52:12.616000,417.14138036134017,1004
2024-09-18 12:52:12.648000,417.116290502495,97
2024-09-18 12:52:12.662000,417.1454832814421,7
2024-09-18 12:52:12.706000,417.1694697348335,1001
2024-09-18 12:52:12.773000,417.1412430184221,95
2024-09-18 12:52:12.782000,417.1347426701613,1004
2024-09-18 12:52:12.810000,417.1299534773332,101
2024-09-18 12:52:12.841000,417.1363370104101,95
2024-09-18 12:52:12.901000,417.1185572462977,105
2024-09-18 12:52:12.901000,417.1357579721204,1005
2024-09-18 12:52:12.964000,417.1287168949205,996
2024-09-18 12:52:12.973000,417.1078236093177,7
2024-09-18 12:52:13.028000,417.0998835365676,8
2024-09-18 12:52:13.077000,417.1149469598021,999
2024-09-18 12:52:13.110000,417.1492767830852,10
2024-09-18 12:52:13.142000,417.12226790407294,1002
2024-09-18 12:52:13.163000,417.12936150456505,102
2024-09-18 12:52:13.336000,417.09549645744033,8
2024-09-18 12:52:13.371000,417.1001339844235,1002
2024-09-18 12:52:13.452000,417.0867873623336,8
2024-09-18 12:52:13.475000,417.15433030325016,6
2024-09-18 12:52:13.497000,417.1065426767083,6
2024-09-18 12:52:13.530000,417.1131386947712,1004
2024-09-18 12:52:13.537000,417.1069656077575,99
2024-09-18 12:52:13.606000,417.1137955986098,1001
2024-09-18 12:52:13.628000,417.1187165493524,100
2024-09-18 12:52:13.661000,417.0931735857488,6
2024-09-18 12:52:13.665000,417.0894706952431,97
2024-09-18 12:52:13.721000,417.1224504910683,96
2024-09-18 12:52:13.734000,417.1204363271776,999
2024-09-18 12:52:13.738000,417.0960029161204,996
2024-09-18 12:52:13.785000,417.1290830477988,13
2024-09-18 12:52:13.788000,417.139952998529,13
2024-09-18 12:52:13.800000,417.13027933094907,99
2024-09-18 12:52:13.816000,417.0995253035166,8
2024-09-18 12:52:13.817000,417.13922669262365,102
2024-09-18 12:52:13.896000,417.1064731898881,105
2024-09-18 12:52:13.967000,417.1052181877845,997
2024-09-18 12:52:13.977000,417.1152037631674,99
2024-09-18 12:52:13.984000,417.10516275230015,13
2024-09-18 12:52:14.034000,417.12729674253455,9
2024-09-18 12:52:14.087000,417.1795024286191,101
2024-09-18 12:52:14.175000,417.1337619700452,14
2024-09-18 12:52:14.183000,417.14500322194,11
2024-09-18 12:52:14.237000,417.1374640294191,97
2024-09-18 12:52:14.239000,417.1728139956744,97
2024-09-18 12:52:14.397000,417.14406171428334,95
2024-09-18 12:52:14.567000,417.1380511215595,13
2024-09-18 12:52:14.637000,417.1598344212626,1005
2024-09-18 12:52:14.769000,417.163743593242,9
2024-09-18 12:52:15.074000,417.2740750052086,104
2024-09-18 12:52:15.120000,417.2457419165792,998
2024-09-18 12:52:15.183000,417.2233074835813,100
2024-09-18 12:52:15.226000,417.1851258202887,996
2024-09-18 12:52:15.254000,417.20218899066566,1002
2024-09-18 12:52:15.271000,417.1964172323716,1000
2024-09-18 12:52:15.414000,417.23839247991856,10
2024-09-18 12:52:15.557000,417.1818644286762,104
2024-09-18 12:52:15.590000,417.18924723797113,12
2024-09-18 12:52:15.628000,417.2227861609724,1005
2024-09-18 12:52:15.633000,417.2001007753456,100
2024-09-18 12:52:15.670000,417.2713142456906,997
2024-09-18 12:52:15.689000,417.1780726530779,15
2024-09-18 12:52:15.724000,417.2393061097533,98
2024-09-18 12:52:15.858000,417.28718166938097,102
2024-09-18 12:52:15.887000,417.2224686399374,11
2024-09-18 12:52:15.888000,417.2494923255884,1000
2024-09-18 12:52:15.899000,417.211105957977,10
2024-09-18 12:52:16.039000,417.2803628185633,14
2024-09-18 12:52:16.081000,417.32781427822033,1003
2024-09-18 12:52:16.143000,417.3079136348993,102
2024-09-18 12:52:16.158000,417.25486682309554,11
2024-09-18 12:52:16.215000,417.277617826625,5
2024-09-18 12:52:16.263000,417.2488983271407,1002
2024-09-18 12:52:16.281000,417.2685513956738,1003
2024-09-18 12:52:16.304000,417.3212963079964,998
2024-09-18 12:52:16.358000,417.2636255937424,97
2024-09-18 12:52:16.473000,417.2414886432562,1002
2024-09-18 12:52:16.483000,417.2565810981188,14
2024-09-18 12:52:16.533000,417.2981107113496,15
2024-09-18 12:52:16.559000,417.28345869470553,1004
2024-09-18 12:52:16.582000,417.2378703294013,1001
2024-09-18 12:52:16.639000,417.2568642972402,999
2024-09-18 12:52:16.713000,417.26743554566656,15
2024-09-18 12:52:16.752000,417.2695383941708,105
2024-09-18 12:52:16.769000,417.2687581856949,96
2024-09-18 12:52:16.892000,417.2704713548834,995
2024-09-18 12:52:16.917000,417.2651652822464,98
2024-09-18 12:52:16.934000,417.269431523813,103
2024-09-18 12:52:17.020000,417.31762429885634,98
2024-09-18 12:52:17.024000,417.38060175867565,996
2024-09-18 12:52:17.026000,417.3375572325557,98
2024-09-18 12:52:17.028000,417.3108192639341,995
2024-09-18 12:52:17.030000,417.3408902060963,103
2024-09-18 12:52:17.085000,417.3177352025209,96
2024-09-18 12:52:17.135000,417.38900120996976,12
2024-09-18 12:52:17.149000,417.3185552851239,98
2024-09-18 12:52:17.177000,417.31845958490254,1003
2024-09-18 12:52:17.308000,417.33786643791154,15
2024-09-18 12:52:17.441000,417.3261673212645,1002
2024-09-18 12:52:17.452000,417.3712673185903,98
2024-09-18 12:52:17.494000,417.3274083952858,5
2024-09-18 12:52:17.535000,417.33522155689417,8
2024-09-18 12:52:17.584000,417.3241188858804,1005
2024-09-18 12:52:17.690000,417.2660362008234,13
2024-09-18 12:52:17.706000,417.3262062679809,1001
2024-09-18 12:52:17.737000,417.3183256472488,97
2024-09-18 12:52:17.791000,417.3192787594706,1005
2024-09-18 12:52:17.829000,417.4014569195196,101
2024-09-18 12:52:17.866000,417.3173715266344,100
2024-09-18 12:52:17.877000,417.39890945063775,5
2024-09-18 12:52:17.939000,417.3503289737839,995
2024-09-18 12:52:17.940000,417.27023804799626,6
2024-09-18 12:52:17.981000,417.2758832445461,1005
2024-09-18 12:52:18.020000,417.40158589232254,5
2024-09-18 12:52:18.109000,417.3489086991172,102
2024-09-18 12:52:18.118000,417.35625246161686,12
2024-09-18 12:52:18.166000,417.383244125756,12
2024-09-18 12:52:18.173000,417.352936009986,96
2024-09-18 12:52:18.256000,417.3462382677604,102
2024-09-18 12:52:18.257000,417.3908378140218,13
2024-09-18 12:52:18.261000,417.3536379059641,97
2024-09-18 12:52:18.281000,417.41011741323,998
2024-09-18 12:52:18.332000,417.3496054185406,996
2024-09-18 12:52:18.381000,417.3901099176184,96
2024-09-18 12:52:18.601000,417.3652152326143,98
2024-09-18 12:52:18.655000,417.3974132635663,999
2024-09-18 12:52:18.707000,417.3566269469711,998
2024-09-18 12:52:18.743000,417.3783340739903,5
2024-09-18 12:52:18.746000,417.3564848284991,1003
2024-09-18 12:52:18.761000,417.3851983257348,13
2024-09-18 12:52:18.803000,417.3726491659197,1005
2024-09-18 12:52:18.811000,417.3733927262636,1002
2024-09-18 12:52:18.836000,417.3523508114603,1005
2024-09-18 12:52:18.841000,417.3856258047392,102
2024-09-18 12:52:19.186000,417.2950051446608,1004
2024-09-18 12:52:19.210000,417.34180634740295,97
2024-09-18 12:52:19.231000,417.3022639197901,99
2024-09-18 12:52:19.239000,417.3674216235518,10
2024-09-18 12:52:19.290000,417.29953887723246,95
2024-09-18 12:52:19.533000,417.32129739785,11
2024-09-18 12:52:19.546000,417.2887037558923,997
2024-09-18 12:52:19.572000,417.3216998040188,96
2024-09-18 12:52:19.631000,417.3028730856992,9
2024-09-18 12:52:19.676000,417.3669801083528,101
2024-09-18 12:52:19.731000,417.29335924013736,995
2024-09-18 12:52:19.795000,417.36142533691566,998
2024-09-18 12:52:20,417.2974856489079,1004
2024-09-18 12:52:20.148000,417.2959628587214,996
2024-09-18 12:52:20.196000,417.311149797059,1003
2024-09-18 12:52:20.198000,417.3221677287846,6
2024-09-18 12:52:20.337000,417.3254712840088,10
2024-09-18 12:52:20.388000,417.3062163270444,1005
2024-09-18 12:52:20.410000,417.319165570236,101
2024-09-18 12:52:20.410000,417.3148600868095,13
2024-09-18 12:52:20.412000,417.32779554622607,1000
2024-09-18 12:52:20.436000,417.3197964249474,1003
2024-09-18 12:52:20.473000,417.30836200347454,996
2024-09-18 12:52:20.496000,417.31375194962897,1002
2024-09-18 12:52:20.497000,417.30258657305257,95
2024-09-18 12:52:20.520000,417.31481160856384,14
2024-09-18 12:52:20.563000,417.3198014613623,12
2024-09-18 12:52:20.585000,417.3210771734405,95
2024-09-18 12:52:20.629000,417.3218171691115,96
2024-09-18 12:52:20.678000,417.3116693404897,98
2024-09-18 12:52:20.880000,417.28808237933566,1001
2024-09-18 12:52:20.884000,417.3051467054039,96
2024-09-18 12:52:20.996000,417.3249622971655,96
2024-09-18 12:52:21.313000,417.315247362544,13
2024-09-18 12:52:21.358000,417.2947157753339,100
2024-09-18 12:52:21.373000,417.3152038878478,100
2024-09-18 12:52:21.386000,417.29191753507473,11
2024-09-18 12:52:21.512000,417.3169734775266,1000
2024-09-18 12:52:21.545000,417.29995965292346,1003
2024-09-18 12:52:21.750000,417.3068122088869,103
2024-09-18 12:52:21.904000,417.3035653974676,11
2024-09-18 12:52:22.039000,417.2674267031061,11
2024-09-18 12:52:22.292000,417.2832480075189,996
2024-09-18 12:52:22.348000,417.2678920907254,1004
2024-09-18 12:52:22.410000,417.29496562272885,14
2024-09-18 12:52:22.420000,417.2574513274332,13
2024-09-18 12:52:22.832000,417.2775574859805,1003
2024-09-18 12:52:22.872000,417.29445303009214,8
2024-09-18 12:52:22.891000,417.2855322935514,101
2024-09-18 12:52:22.900000,417.2922898399014,998
2024-09-18 12:52:23.080000,417.3399110616001,10
2024-09-18 12:52:23.103000,417.33041888398736,96
2024-09-18 12:52:23.108000,417.2891919295332,100
2024-09-18 12:52:23.119000,417.34055171939673,8
2024-09-18 12:52:23.222000,417.3326027328587,1003
2024-09-18 12:52:23.245000,417.3035794643641,998
2024-09-18 12:52:23.248000,417.296121067114,104
2024-09-18 12:52:23.249000,417.3677164131879,7
2024-09-18 12:52:23.259000,417.3136540359878,15
2024-09-18 12:52:23.267000,417.29776569684645,15
2024-09-18 12:52:23.298000,417.3110201378229,995
2024-09-18 12:52:23.423000,417.3090534356276,1003
2024-09-18 12:52:23.438000,417.31346387341074,10
2024-09-18 12:52:23.438000,417.2933011716028,5
2024-09-18 12:52:23.445000,417.3175809977579,98
2024-09-18 12:52:23.493000,417.32288432198,1005
2024-09-18 12:52:23.493000,417.3396238212754,5
2024-09-18 12:52:23.530000,417.3341386411276,8
2024-09-18 12:52:23.599000,417.288027763367,95
2024-09-18 12:52:23.668000,417.3111566524386,98
2024-09-18 12:52:23.701000,417.3475447397228,1003
2024-09-18 12:52:23.735000,417.3492029260956,1000
2024-09-18 12:52:23.789000,417.32318046687766,995
2024-09-18 12:52:23.797000,417.3555131873955,104
2024-09-18 12:52:23.811000,417.3380740190111,13
2024-09-18 12:52:23.910000,417.3148946593984,1000
2024-09-18 12:52:23.919000,417.2909091244964,98
2024-09-18 12:52:23.943000,417.2904111975524,101
2024-09-18 12:52:23.946000,417.36631910495686,102
2024-09-18 12:52:24.060000,417.3069635407706,996
2024-09-18 12:52:24.125000,417.2713380579327,15
2024-09-18 12:52:24.284000,417.2371120432306,995
2024-09-18 12:52:24.319000,417.3205675875648,1003
2024-09-18 12:52:24.565000,417.2331317267325,998
2024-09-18 12:52:24.668000,417.2446895104046,999
2024-09-18 12:52:24.706000,417.2936417053946,995
2024-09-18 12:52:24.708000,417.277996524337,1000
2024-09-18 12:52:24.743000,417.2857793753942,1000
2024-09-18 12:52:24.795000,417.2884798207242,102
2024-09-18 12:52:24.829000,417.2567636686293,12
2024-09-18 12:52:24.975000,417.3179162673589,1002
2024-09-18 12:52:24.976000,417.2613170515333,6
2024-09-18 12:52:25.012000,417.2543493126676,995
2024-09-18 12:52:25.093000,417.2897569629198,10
2024-09-18 12:52:25.140000,417.2315695749716,103
2024-09-18 12:52:25.176000,417.274873998779,1002
2024-09-18 12:52:25.242000,417.2801579627203,97
2024-09-18 12:52:25.338000,417.2346698250724,1001
2024-09-18 12:52:25.382000,417.2915312463799,13
2024-09-18 12:52:25.476000,417.2938742384805,998
2024-09-18 12:52:25.585000,417.2621928035658,1003
2024-09-18 12:52:25.587000,417.283213216647,7
2024-09-18 12:52:25.630000,417.26997079935455,96
2024-09-18 12:52:25.671000,417.25302370352256,8
2024-09-18 12:52:25.709000,417.2423423553908,11
2024-09-18 12:52:25.719000,417.3025093273271,102
2024-09-18 12:52:25.833000,417.2851258817316,9
2024-09-18 12:52:25.840000,417.2848209870478,1002
2024-09-18 12:52:25.906000,417.2755678492664,997
2024-09-18 12:52:26.034000,417.2893000308857,100
2024-09-18 12:52:26.126000,417.2673578699273,98
2024-09-18 12:52:26.161000,417.2913931518368,11
2024-09-18 12:52:26.178000,417.2647159400672,1000
2024-09-18 12:52:26.218000,417.3002049930044,11
2024-09-18 12:52:26.277000,417.2782179293185,995
2024-09-18 12:52:26.312000,417.2852155801003,104
2024-09-18 12:52:26.320000,417.2723542902523,105
2024-09-18 12:52:26.421000,417.283026991611,15
2024-09-18 12:52:26.430000,417.2742979412587,998
2024-09-18 12:52:26.460000,417.3049751216455,99
2024-09-18 12:52:26.545000,417.3003762787531,7
2024-09-18 12:52:26.598000,417.2806181333914,97
2024-09-18 12:52:26.614000,417.2739248866804,101
2024-09-18 12:52:26.621000,417.2703490275924,998
2024-09-18 12:52:26.675000,417.32045495652704,100
2024-09-18 12:52:26.737000,417.2673498300079,99
2024-09-18 12:52:26.790000,417.2795160591012,1004
2024-09-18 12:52:26.808000,417.31129587573673,1002
2024-09-18 12:52:26.961000,417.2709284140788,998
2024-09-18 12:52:27.031000,417.3187437926688,103
2024-09-18 12:52:27.040000,417.3253666605384,1000
2024-09-18 12:52:27.043000,417.342736328343,13
2024-09-18 12:52:27.090000,417.3007660818936,98
2024-09-18 12:52:27.104000,417.2954171714974,1005
2024-09-18 12:52:27.124000,417.2722772318884,1001
2024-09-18 12:52:27.216000,417.35232249140336,12
2024-09-18 12:52:27.275000,417.2885621934672,7
2024-09-18 12:52:27.381000,417.2802411074308,12
2024-09-18 12:52:27.496000,417.3175080981263,11
2024-09-18 12:52:27.529000,417.3209679806192,1004
2024-09-18 12:52:27.561000,417.3169803093336,995
2024-09-18 12:52:27.630000,417.2833536636307,98
2024-09-18 12:52:27.844000,417.3089944384743,1000
2024-09-18 12:52:27.849000,417.3019679502287,7
2024-09-18 12:52:27.897000,417.30954376584015,8
2024-09-18 12:52:27.915000,417.3414751491524,14
2024-09-18 12:52:27.939000,417.3058970847477,8
2024-09-18 12:52:28.094000,417.316394123823,13
2024-09-18 12:52:28.113000,417.3061963183385,104
2024-09-18 12:52:28.156000,417.3138514408452,1001
2024-09-18 12:52:28.286000,417.315486414122,995
2024-09-18 12:52:28.354000,417.2942030172237,101
2024-09-18 12:52:29.049000,417.32990958223934,1002
2024-09-18 12:52:29.131000,417.3008091701846,12
2024-09-18 12:52:29.191000,417.3340589924268,99
2024-09-18 12:52:29.206000,417.31990950112174,1002
2024-09-18 12:52:29.344000,417.3429205342101,1003
2024-09-18 12:52:29.372000,417.3186076247159,105
2024-09-18 12:52:29.430000,417.3093433083675,98
2024-09-18 12:52:29.442000,417.3390967111607,102
2024-09-18 12:52:29.447000,417.30562674574185,11
2024-09-18 12:52:29.543000,417.33616998604646,995
2024-09-18 12:52:29.633000,417.3224384124099,10
2024-09-18 12:52:29.701000,417.3237801050433,999
2024-09-18 12:52:29.723000,417.3281673255297,8
2024-09-18 12:52:29.823000,417.3586195803466,101
2024-09-18 12:52:29.907000,417.32914937967166,102
2024-09-18 12:52:29.911000,417.3351145913831,8
2024-09-18 12:52:29.969000,417.3139234685128,7
2024-09-18 12:52:30.555000,417.3363920307304,101
2024-09-18 12:52:30.616000,417.3311813254552,96
2024-09-18 12:52:30.854000,417.3411084910929,100
2024-09-18 12:52:31.012000,417.2900859525772,100
2024-09-18 12:52:31.042000,417.3241184696504,100
2024-09-18 12:52:31.050000,417.3229160692384,1005
2024-09-18 12:52:31.124000,417.31771119725465,101
2024-09-18 12:52:31.269000,417.2880327411272,5
2024-09-18 12:52:31.285000,417.2934935890052,100
2024-09-18 12:52:31.287000,417.3250789075661,102
2024-09-18 12:52:31.323000,417.30630260515113,9
2024-09-18 12:52:31.346000,417.3059585614285,15
2024-09-18 12:52:31.397000,417.28583605018736,1002
2024-09-18 12:52:31.408000,417.25335666751886,9
2024-09-18 12:52:31.426000,417.2624373123559,998
2024-09-18 12:52:31.457000,417.2878721699111,1002
2024-09-18 12:52:31.542000,417.3255226725428,1004
2024-09-18 12:52:31.608000,417.2950005331346,11
2024-09-18 12:52:31.797000,417.336387197682,105
2024-09-18 12:52:31.855000,417.33145976703054,11
2024-09-18 12:52:31.966000,417.3175758985764,1001
2024-09-18 12:52:31.989000,417.3298187600629,5
2024-09-18 12:52:32.024000,417.2616762518269,1005
2024-09-18 12:52:32.024000,417.2829237434421,102
2024-09-18 12:52:32.055000,417.2576644612744,12
2024-09-18 12:52:32.079000,417.2469287216888,105
2024-09-18 12:52:32.165000,417.2610620751935,11
2024-09-18 12:52:32.217000,417.2636292833061,1003
2024-09-18 12:52:32.466000,417.2732467292034,101
2024-09-18 12:52:32.470000,417.2615612787933,8
2024-09-18 12:52:32.641000,417.2580731425505,7
2024-09-18 12:52:32.671000,417.2816728543177,102
2024-09-18 12:52:32.738000,417.2611850648405,13
2024-09-18 12:52:32.741000,417.269865025929,6
2024-09-18 12:52:32.804000,417.3042335942284,103
2024-09-18 12:52:32.809000,417.2524208903274,995
2024-09-18 12:52:32.847000,417.2680101776909,999
2024-09-18 12:52:32.878000,417.2614329392717,9
2024-09-18 12:52:33.048000,417.2417245976184,998
2024-09-18 12:52:33.087000,417.273565846155,1002
2024-09-18 12:52:33.110000,417.2572896301244,996
2024-09-18 12:52:33.141000,417.2158116163637,1005
2024-09-18 12:52:33.162000,417.21655338785934,96
2024-09-18 12:52:33.193000,417.240727131483,99
2024-09-18 12:52:33.296000,417.2324931382558,100
2024-09-18 12:52:33.322000,417.2259683316763,999
2024-09-18 12:52:33.347000,417.2276863615228,996
2024-09-18 12:52:33.401000,417.2170217789667,9
2024-09-18 12:52:33.427000,417.2606903256283,105
2024-09-18 12:52:33.457000,417.21633399182656,998
2024-09-18 12:52:33.491000,417.237868685012,10
2024-09-18 12:52:33.519000,417.2464422123816,1005
2024-09-18 12:52:33.527000,417.2279762174626,8
2024-09-18 12:52:33.542000,417.2571731416453,103
2024-09-18 12:52:33.586000,417.24429274378383,8
2024-09-18 12:52:33.650000,417.218847891191,105
2024-09-18 12:52:33.690000,417.23960737684325,12
2024-09-18 12:52:33.740000,417.2353261304736,7
2024-09-18 12:52:33.755000,417.22922527519313,11
2024-09-18 12:52:33.799000,417.2437114187028,15
2024-09-18 12:52:33.812000,417.2258916395169,10
2024-09-18 12:52:33.920000,417.23878905374494,999
2024-09-18 12:52:33.971000,417.2187018873528,995
2024-09-18 12:52:35.001000,417.1937904250722,102
2024-09-18 12:52:35.064000,417.229026484221,7
2024-09-18 12:52:35.103000,417.2036661966582,105
2024-09-18 12:52:35.237000,417.23428672888656,11
2024-09-18 12:52:35.397000,417.2131855655195,9
2024-09-18 12:52:35.408000,417.2219247625612,1004
2024-09-18 12:52:35.527000,417.2339814197064,1003
2024-09-18 12:52:35.534000,417.2347747620556,995
2024-09-18 12:52:35.584000,417.2349835529815,5
2024-09-18 12:52:35.783000,417.20554494792407,998
2024-09-18 12:52:35.895000,417.2215608378417,95
2024-09-18 12:52:36.019000,417.22659499213273,100
2024-09-18 12:52:36.570000,417.2301980671933,6
2024-09-18 12:52:36.761000,417.2122098463376,9
2024-09-18 12:52:36.874000,417.2005586833373,5
2024-09-18 12:52:36.998000,417.22183103211415,1000
2024-09-18 12:52:37.098000,417.3020521424609,6
2024-09-18 12:52:37.198000,417.2656203851781,1000
2024-09-18 12:52:37.258000,417.2702976662271,6
2024-09-18 12:52:37.296000,417.2238403478143,95
2024-09-18 12:52:37.326000,417.2363000911865,103
2024-09-18 12:52:37.503000,417.2939507316301,999
2024-09-18 12:52:37.563000,417.2567296876775,5
2024-09-18 12:52:37.697000,417.26246076267984,999
2024-09-18 12:52:37.812000,417.2678793496105,101
2024-09-18 12:52:37.833000,417.2973137731253,998
2024-09-18 12:52:37.925000,417.26000708591465,996
2024-09-18 12:52:38.183000,417.2647701330968,98
2024-09-18 12:52:38.201000,417.1910761817701,13
2024-09-18 12:52:38.320000,417.2474808994522,96
2024-09-18 12:52:38.329000,417.2709779745189,995
2024-09-18 12:52:38.346000,417.1832966979853,100
2024-09-18 12:52:38.417000,417.2405407950956,10
2024-09-18 12:52:38.424000,417.281078952741,996
2024-09-18 12:52:38.589000,417.2200366166088,1005
2024-09-18 12:52:38.590000,417.2628331801056,12
2024-09-18 12:52:38.617000,417.267645181035,10
2024-09-18 12:52:38.679000,417.2514457039865,95
2024-09-18 12:52:38.755000,417.251408965236,1003
2024-09-18 12:52:38.779000,417.2717351701681,7
2024-09-18 12:52:38.839000,417.25730441090224,103
2024-09-18 12:52:38.903000,417.2541602540931,995
2024-09-18 12:52:38.915000,417.2645135614279,8
2024-09-18 12:52:39.119000,417.0965285774896,5
2024-09-18 12:52:39.200000,417.1566857095364,995
2024-09-18 12:52:39.228000,417.138911140464,1001
2024-09-18 12:52:39.375000,417.1440772193324,98
2024-09-18 12:52:39.420000,417.16575951031234,996
2024-09-18 12:52:39.504000,417.1663709518671,995
2024-09-18 12:52:39.854000,417.17636287423534,13
2024-09-18 12:52:39.952000,417.1841354012491,12
2024-09-18 12:52:40.001000,417.1306864512231,98
2024-09-18 12:52:40.029000,417.147904132732,99
2024-09-18 12:52:40.055000,417.0943747481886,15
2024-09-18 12:52:40.055000,417.1267471191213,1005
2024-09-18 12:52:40.056000,417.0993744053137,5
2024-09-18 12:52:40.100000,417.07986989051074,7
2024-09-18 12:52:40.130000,417.0767611821425,6
2024-09-18 12:52:40.166000,417.13123090886336,10
2024-09-18 12:52:40.194000,417.1226993772037,12
2024-09-18 12:52:40.232000,417.1176994215713,5
2024-09-18 12:52:40.265000,417.1057210338434,5
2024-09-18 12:52:40.277000,417.114302282664,97
2024-09-18 12:52:40.308000,417.11531779402907,103
2024-09-18 12:52:40.360000,417.14407691413584,7
2024-09-18 12:52:40.376000,417.12948644845454,995
2024-09-18 12:52:40.710000,417.0822282189924,999
2024-09-18 12:52:40.805000,417.1376601843562,7
2024-09-18 12:52:40.822000,417.1335284298032,101
2024-09-18 12:52:40.865000,417.0792642679807,995
2024-09-18 12:52:40.877000,417.1126273413328,105
2024-09-18 12:52:40.908000,417.1284286839588,7
2024-09-18 12:52:40.911000,417.13193599159,995
2024-09-18 12:52:40.931000,417.12697553457247,9
2024-09-18 12:52:40.982000,417.1273948895892,13
2024-09-18 12:52:41.092000,417.11135350332097,1004
2024-09-18 12:52:41.125000,417.0942523864728,101
2024-09-18 12:52:41.136000,417.1205697711249,12
2024-09-18 12:52:41.331000,417.08917011493065,1000
2024-09-18 12:52:41.418000,417.1204040107539,8
2024-09-18 12:52:41.484000,417.0941022905786,102
2024-09-18 12:52:41.527000,417.07131031816544,14
2024-09-18 12:52:41.565000,417.0919159881153,12
2024-09-18 12:52:41.571000,417.0881954457233,7
2024-09-18 12:52:41.594000,417.1162359385201,97
2024-09-18 12:52:41.656000,417.119866556658,97
2024-09-18 12:52:41.657000,417.08266849752977,7
2024-09-18 12:52:41.689000,417.0709950695747,96
2024-09-18 12:52:41.871000,417.1231919756209,6
2024-09-18 12:52:41.885000,417.1180581628345,998
2024-09-18 12:52:41.899000,417.11097956892655,999
2024-09-18 12:52:41.927000,417.12245595701023,105
2024-09-18 12:52:41.962000,417.089527972676,995
2024-09-18 12:52:41.985000,417.1299346501036,14
2024-09-18 12:52:43.035000,417.08892600117343,11
2024-09-18 12:52:43.051000,417.0952688283795,97
2024-09-18 12:52:43.102000,417.0951227015819,995
2024-09-18 12:52:43.115000,417.1388889995183,96
2024-09-18 12:52:43.160000,417.0715151954839,1004
2024-09-18 12:52:43.596000,417.0626304325161,995
2024-09-18 12:52:43.672000,417.106344835127,1002
2024-09-18 12:52:43.764000,417.1275187527455,105
2024-09-18 12:52:43.934000,417.0683457069648,96
2024-09-18 12:52:43.947000,417.1176276596314,1003
2024-09-18 12:52:44.039000,417.0926553380947,8
2024-09-18 12:52:44.045000,417.0685649748584,15
2024-09-18 12:52:44.081000,417.10889824898754,100
2024-09-18 12:52:44.095000,417.06515470296273,1003
2024-09-18 12:52:44.098000,417.1288622880753,14
2024-09-18 12:52:44.125000,417.10050054693954,1002
2024-09-18 12:52:44.257000,417.0738359239456,996
2024-09-18 12:52:44.370000,417.07177047695313,99
2024-09-18 12:52:44.433000,417.0994477646145,14
2024-09-18 12:52:44.470000,417.0592407345574,102
2024-09-18 12:52:44.479000,417.12177720165096,1001
2024-09-18 12:52:44.510000,417.0543702349977,9
2024-09-18 12:52:44.607000,417.104157632548,105
2024-09-18 12:52:44.632000,417.1036989174365,996
2024-09-18 12:52:44.641000,417.08915918075616,1005
2024-09-18 12:52:44.660000,417.09518184291977,10
2024-09-18 12:52:44.719000,417.0946689070342,1003
2024-09-18 12:52:44.814000,417.1227204782981,101
2024-09-18 12:52:44.819000,417.0772236013895,96
2024-09-18 12:52:44.880000,417.0985802714518,11
2024-09-18 12:52:44.921000,417.05602412829296,999
2024-09-18 12:52:44.930000,417.0917232117384,1003
2024-09-18 12:52:46.052000,417.1229677807568,96
2024-09-18 12:52:46.462000,417.1380086524761,13
2024-09-18 12:52:46.798000,417.14189269488406,7
2024-09-18 12:52:47.166000,417.155446567464,996
2024-09-18 12:52:47.339000,417.1572332368007,998
2024-09-18 12:52:47.387000,417.1354396923155,100
2024-09-18 12:52:47.537000,417.1715438284157,1005
2024-09-18 12:52:47.542000,417.1679363485226,998
2024-09-18 12:52:47.704000,417.1512171904051,96
2024-09-18 12:52:48.126000,417.19835848963504,105
2024-09-18 12:52:48.238000,417.2013692640354,996
2024-09-18 12:52:48.287000,417.15455543339294,1000
2024-09-18 12:52:48.367000,417.173989322189,97
2024-09-18 12:52:48.410000,417.19847195866487,11
2024-09-18 12:52:48.494000,417.181185568024,14
2024-09-18 12:52:48.498000,417.1525660600332,5
2024-09-18 12:52:48.527000,417.1398340893013,102
2024-09-18 12:52:48.528000,417.196241365392,99
2024-09-18 12:52:48.553000,417.1722262567542,98
2024-09-18 12:52:48.605000,417.1471058388162,15
2024-09-18 12:52:48.632000,417.2047238875052,95
2024-09-18 12:52:48.713000,417.2036332794614,96
2024-09-18 12:52:48.734000,417.16643737004057,6
2024-09-18 12:52:48.831000,417.2024503377276,8
2024-09-18 12:52:48.918000,417.1317465004566,100
2024-09-18 12:52:48.930000,417.1777665323058,102
2024-09-18 12:52:48.957000,417.1505416206763,996
2024-09-18 12:52:49.083000,417.106407498401,5
2024-09-18 12:52:49.094000,417.0897296822632,14
2024-09-18 12:52:49.102000,417.14585130131866,5
2024-09-18 12:52:49.107000,417.1298708425824,9
2024-09-18 12:52:49.178000,417.0821572349416,105
2024-09-18 12:52:49.214000,417.1496328915264,999
2024-09-18 12:52:49.257000,417.0916975696112,12
2024-09-18 12:52:49.265000,417.0934355333809,105
2024-09-18 12:52:49.287000,417.078286840898,97
2024-09-18 12:52:49.339000,417.10004834727874,101
2024-09-18 12:52:49.388000,417.090136917601,999
2024-09-18 12:52:49.426000,417.068549482173,101
2024-09-18 12:52:49.468000,417.1249074614682,103
2024-09-18 12:52:49.518000,417.07753998531,105
2024-09-18 12:52:49.558000,417.0789361567104,1004
2024-09-18 12:52:49.681000,417.1234097853221,96
2024-09-18 12:52:49.732000,417.123836927063,1001
2024-09-18 12:52:49.755000,417.0865810881258,1003
2024-09-18 12:52:49.757000,417.0732211731684,995
2024-09-18 12:52:49.765000,417.0727241434117,105
2024-09-18 12:52:49.797000,417.0835955842527,105
2024-09-18 12:52:49.860000,417.1394978754709,998
2024-09-18 12:52:49.910000,417.1007337307957,103
2024-09-18 12:52:49.975000,417.0863173309296,9
2024-09-18 12:52:49.987000,417.1320297345785,101
2024-09-18 12:52:49.996000,417.1028473846648,998
2024-09-18 12:52:50.111000,417.1567592957224,100
2024-09-18 12:52:50.473000,417.1401897881293,1005
2024-09-18 12:52:50.650000,417.151916064723,97
2024-09-18 12:52:50.686000,417.1531335488394,99
2024-09-18 12:52:51.053000,417.0742903359474,97
2024-09-18 12:52:51.068000,417.069924739512,103
2024-09-18 12:52:51.111000,417.0929197109363,995
2024-09-18 12:52:51.137000,417.0920712826773,9
2024-09-18 12:52:51.174000,417.1193634376203,103
2024-09-18 12:52:51.185000,417.1612625850955,13
2024-09-18 12:52:51.225000,417.1352062854708,12
2024-09-18 12:52:51.277000,417.0841396050356,8
2024-09-18 12:52:51.287000,417.0685016192024,7
2024-09-18 12:52:51.388000,417.1498505030892,13
2024-09-18 12:52:51.417000,417.0529088507527,7
2024-09-18 12:52:51.550000,417.15527764627296,103
2024-09-18 12:52:51.631000,417.0852548621998,13
2024-09-18 12:52:51.631000,417.1537314323085,96
2024-09-18 12:52:51.660000,417.10450639434185,12
2024-09-18 12:52:51.766000,417.09109396653423,1002
2024-09-18 12:52:51.775000,417.1451683529806,1004
2024-09-18 12:52:51.802000,417.0677014261931,98
2024-09-18 12:52:51.814000,417.1593565794527,1001
2024-09-18 12:52:51.925000,417.1054611866115,5
2024-09-18 12:52:51.987000,417.0871819143754,11
2024-09-18 12:52:52.001000,417.15427517309377,10
2024-09-18 12:52:52.016000,417.0838063554416,11
2024-09-18 12:52:52.063000,417.1309069322408,12
2024-09-18 12:52:52.134000,417.1538416397232,1004
2024-09-18 12:52:52.156000,417.1073542259268,1000
2024-09-18 12:52:52.417000,417.1453556545912,1004
2024-09-18 12:52:52.447000,417.1099571926511,1002
2024-09-18 12:52:52.468000,417.0946210423642,996
2024-09-18 12:52:52.571000,417.1492118615806,13
2024-09-18 12:52:52.572000,417.113306870077,12
2024-09-18 12:52:52.572000,417.1711547433093,101
2024-09-18 12:52:52.572000,417.1333393871366,9
2024-09-18 12:52:52.683000,417.1345387483568,6
2024-09-18 12:52:52.718000,417.1689218287361,95
2024-09-18 12:52:52.809000,417.18634063391806,12
2024-09-18 12:52:52.830000,417.17758154667536,995
2024-09-18 12:52:52.885000,417.1764544775703,6
2024-09-18 12:52:52.921000,417.1358954747553,1003
2024-09-18 12:52:53.039000,417.1776646767261,11
2024-09-18 12:52:53.203000,417.174000414276,1003
2024-09-18 12:52:53.292000,417.1821039113709,10
2024-09-18 12:52:53.760000,417.1632326834522,12
2024-09-18 12:52:54.442000,417.1818168020234,103
2024-09-18 12:52:54.610000,417.18219970659135,100
2024-09-18 12:52:54.614000,417.1560540465346,97
2024-09-18 12:52:54.657000,417.18028782393486,996
2024-09-18 12:52:54.700000,417.1851684575892,11
2024-09-18 12:52:54.839000,417.1738821572117,1003
2024-09-18 12:52:55.057000,417.1664244846697,97
2024-09-18 12:52:55.061000,417.1858068193594,1005
2024-09-18 12:52:55.078000,417.1863414322871,101
2024-09-18 12:52:55.094000,417.1852684155948,9
2024-09-18 12:52:55.125000,417.1984984736412,12
2024-09-18 12:52:55.371000,417.1977826550219,95
2024-09-18 12:52:55.433000,417.19680826416953,999
2024-09-18 12:52:55.584000,417.1854236806736,1004
2024-09-18 12:52:55.615000,417.1652095700578,98
2024-09-18 12:52:55.770000,417.2164334971242,12
2024-09-18 12:52:55.777000,417.20541574977176,7
2024-09-18 12:52:55.885000,417.1958133502984,1005
2024-09-18 12:52:55.909000,417.2001041129692,999
2024-09-18 12:52:55.964000,417.18485069664126,12
2024-09-18 12:52:55.975000,417.1753885488355,102
2024-09-18 12:52:56.008000,417.12144390418064,95
2024-09-18 12:52:56.052000,417.1247655102223,97
2024-09-18 12:52:56.100000,417.1639500542342,998
2024-09-18 12:52:56.196000,417.14644448799646,100
2024-09-18 12:52:56.204000,417.1835498766425,101
2024-09-18 12:52:56.206000,417.20354520852845,5
2024-09-18 12:52:56.213000,417.1167237372083,15
2024-09-18 12:52:56.256000,417.1398883160578,100
2024-09-18 12:52:56.268000,417.1168222000136,1004
2024-09-18 12:52:56.274000,417.178740625756,99
2024-09-18 12:52:56.282000,417.1320496496376,995
2024-09-18 12:52:56.314000,417.1423500671659,14
2024-09-18 12:52:56.317000,417.16620159737175,13
2024-09-18 12:52:56.349000,417.1525996626178,100
2024-09-18 12:52:56.432000,417.1476597220373,999
2024-09-18 12:52:56.437000,417.1384101321093,11
2024-09-18 12:52:56.507000,417.16386361646886,997
2024-09-18 12:52:56.527000,417.135080008655,100
2024-09-18 12:52:56.529000,417.1286498963151,999
2024-09-18 12:52:56.535000,417.1327761829349,997
2024-09-18 12:52:56.613000,417.12879728584346,8
2024-09-18 12:52:56.660000,417.1443791993902,1005
2024-09-18 12:52:56.688000,417.130404516719,998
2024-09-18 12:52:56.742000,417.1914024783737,12
2024-09-18 12:52:56.847000,417.1252012355536,97
2024-09-18 12:52:56.868000,417.1491325135333,5
2024-09-18 12:52:56.890000,417.1678909708627,11
2024-09-18 12:52:56.893000,417.15157384904376,100
2024-09-18 12:52:56.918000,417.14239562489377,1004
2024-09-18 12:52:56.982000,417.1345493543262,99
2024-09-18 12:52:57.029000,417.14762331361055,15
2024-09-18 12:52:57.091000,417.139476758889,97
2024-09-18 12:52:57.168000,417.1427461146575,105
2024-09-18 12:52:57.184000,417.14235651178245,14
2024-09-18 12:52:57.249000,417.1518657684945,10
2024-09-18 12:52:57.297000,417.1387778777105,95
2024-09-18 12:52:57.491000,417.13089923532425,99
2024-09-18 12:52:57.539000,417.16421682707664,99
2024-09-18 12:52:57.668000,417.1303146402509,1002
2024-09-18 12:52:57.717000,417.1395758044144,14
2024-09-18 12:52:57.847000,417.1421111570695,104
2024-09-18 12:52:58.134000,417.16407756013456,99
2024-09-18 12:52:58.170000,417.1995127065333,1000
2024-09-18 12:52:58.181000,417.1668007591129,12
2024-09-18 12:52:58.238000,417.2020510814049,1004
2024-09-18 12:52:58.300000,417.199074551235,997
2024-09-18 12:52:58.589000,417.1936125516704,1003
2024-09-18 12:52:58.628000,417.204854808605,996
2024-09-18 12:52:58.629000,417.16850559170734,6
2024-09-18 12:52:58.643000,417.1555877092698,9
2024-09-18 12:52:58.836000,417.1558785761914,8
2024-09-18 12:52:58.908000,417.1483679933708,96
2024-09-18 12:52:58.925000,417.1790697610205,5
2024-09-18 12:52:58.926000,417.166918594578,13
2024-09-18 12:52:58.983000,417.153321714763,14
2024-09-18 12:52:59.143000,417.19266796669,11
2024-09-18 12:52:59.553000,417.1807995239633,98
