Timestamp,Price,Size
2024-09-19 14:38:00,419.57908764736544,13
2024-09-19 14:38:00.412000,419.5872043544086,995
2024-09-19 14:38:00.631000,419.6029100005565,1001
2024-09-19 14:38:00.726000,419.5560547426144,95
2024-09-19 14:38:01.199000,419.6046367737469,96
2024-09-19 14:38:01.201000,419.6073187042558,1000
2024-09-19 14:38:01.218000,419.5753223724494,996
2024-09-19 14:38:01.424000,419.613849911182,14
2024-09-19 14:38:01.442000,419.58382964228286,1005
2024-09-19 14:38:01.527000,419.60965679877154,11
2024-09-19 14:38:01.580000,419.597093646976,97
2024-09-19 14:38:01.598000,419.60641609241947,1004
2024-09-19 14:38:01.670000,419.5744117507544,102
2024-09-19 14:38:01.724000,419.5844323219168,1001
2024-09-19 14:38:01.728000,419.6062677198191,96
2024-09-19 14:38:01.746000,419.62618263270485,14
2024-09-19 14:38:01.822000,419.6010194398923,98
2024-09-19 14:38:01.854000,419.615908509952,7
2024-09-19 14:38:01.986000,419.5711997277873,103
2024-09-19 14:38:02.232000,419.5423965062958,6
2024-09-19 14:38:02.539000,419.5734644936264,14
2024-09-19 14:38:03.012000,419.5445157160655,14
2024-09-19 14:38:03.046000,419.5316004979363,7
2024-09-19 14:38:03.129000,419.4875188451045,1003
2024-09-19 14:38:03.157000,419.49278518320176,9
2024-09-19 14:38:03.197000,419.5543507766552,12
2024-09-19 14:38:03.230000,419.51847171465374,14
2024-09-19 14:38:03.240000,419.557502954401,104
2024-09-19 14:38:03.279000,419.52032792364906,995
2024-09-19 14:38:03.307000,419.5518578608949,7
2024-09-19 14:38:03.327000,419.4710232854733,99
2024-09-19 14:38:03.340000,419.52934025185095,104
2024-09-19 14:38:03.401000,419.50492410466137,101
2024-09-19 14:38:03.444000,419.5608482319061,995
2024-09-19 14:38:03.449000,419.5599193189613,13
2024-09-19 14:38:03.456000,419.54295916440094,99
2024-09-19 14:38:03.461000,419.53668447238095,995
2024-09-19 14:38:03.502000,419.5498044913624,15
2024-09-19 14:38:03.552000,419.47915560748766,99
2024-09-19 14:38:03.588000,419.5648418434916,12
2024-09-19 14:38:03.614000,419.5146049836858,9
2024-09-19 14:38:03.642000,419.54515865138455,5
2024-09-19 14:38:03.681000,419.5445247108766,10
2024-09-19 14:38:03.687000,416.44560811847066,998
2024-09-19 14:38:03.707000,419.5399720640439,101
2024-09-19 14:38:03.731000,419.5228488849152,95
2024-09-19 14:38:03.756000,419.494707781509,95
2024-09-19 14:38:03.782000,419.56752518404255,1003
2024-09-19 14:38:03.809000,419.54288766816273,996
2024-09-19 14:38:03.904000,419.5529787706933,999
2024-09-19 14:38:03.925000,419.5380515649992,100
2024-09-19 14:38:04.058000,419.565725025899,96
2024-09-19 14:38:04.161000,419.5908711390734,996
2024-09-19 14:38:04.253000,419.6052693283865,102
2024-09-19 14:38:04.256000,419.6144928360019,11
2024-09-19 14:38:04.323000,419.62327265602073,999
2024-09-19 14:38:04.398000,419.56805928484687,11
2024-09-19 14:38:04.406000,419.5943466127314,8
2024-09-19 14:38:04.454000,419.60151203972055,1005
2024-09-19 14:38:04.494000,419.5848407445048,15
2024-09-19 14:38:04.591000,419.59039192631394,1003
2024-09-19 14:38:04.602000,419.5835926364706,998
2024-09-19 14:38:04.603000,419.6043773821112,8
2024-09-19 14:38:04.607000,419.5965445400244,1002
2024-09-19 14:38:04.641000,419.5912794419269,999
2024-09-19 14:38:04.706000,419.56925340687854,104
2024-09-19 14:38:04.824000,419.54396798245614,1001
2024-09-19 14:38:04.832000,419.5209962426375,998
2024-09-19 14:38:04.885000,419.551566990629,8
2024-09-19 14:38:04.895000,419.58949118379286,95
2024-09-19 14:38:04.902000,419.5083082513188,1004
2024-09-19 14:38:04.960000,419.5252547309128,100
2024-09-19 14:38:04.968000,419.5967604837695,99
2024-09-19 14:38:05.807000,419.6267708343036,1004
2024-09-19 14:38:06.026000,419.6208572232162,15
2024-09-19 14:38:06.080000,419.6431631633022,15
2024-09-19 14:38:06.192000,419.5931868366229,999
2024-09-19 14:38:06.279000,419.6354832067256,8
2024-09-19 14:38:06.404000,419.62590986277496,10
2024-09-19 14:38:06.487000,419.5989990714477,10
2024-09-19 14:38:06.511000,419.6142439219131,101
2024-09-19 14:38:06.626000,419.6006003811177,1001
2024-09-19 14:38:06.644000,419.617395381504,1003
2024-09-19 14:38:06.680000,419.6203689273471,13
2024-09-19 14:38:06.749000,419.6117198330423,1001
2024-09-19 14:38:06.840000,419.62039274253993,999
2024-09-19 14:38:06.945000,419.63915620984375,15
2024-09-19 14:38:06.945000,419.6459952510836,1003
2024-09-19 14:38:06.988000,419.6178638774048,1000
2024-09-19 14:38:06.999000,419.61446901042905,103
2024-09-19 14:38:07.008000,419.6870153609145,105
2024-09-19 14:38:07.074000,419.7034728497171,9
2024-09-19 14:38:07.082000,419.7055511488121,9
2024-09-19 14:38:07.084000,419.6998956666412,5
2024-09-19 14:38:07.155000,419.69115789787446,1001
2024-09-19 14:38:07.201000,419.6516802582654,1000
2024-09-19 14:38:07.380000,419.6740247470301,1005
2024-09-19 14:38:07.395000,419.6579002307797,7
2024-09-19 14:38:07.424000,419.70001060898,105
2024-09-19 14:38:07.442000,419.6900743810446,1001
2024-09-19 14:38:07.526000,419.6760888725972,12
2024-09-19 14:38:07.646000,419.6580026246508,97
2024-09-19 14:38:07.729000,419.7063767602807,999
2024-09-19 14:38:07.778000,419.70554693054953,999
2024-09-19 14:38:07.783000,419.6913405415256,96
2024-09-19 14:38:07.845000,419.7052479700355,101
2024-09-19 14:38:07.864000,419.704167034972,1003
2024-09-19 14:38:07.900000,419.70625353521353,995
2024-09-19 14:38:07.903000,419.7082689274504,15
2024-09-19 14:38:07.921000,419.7030213770605,1002
2024-09-19 14:38:08.025000,419.7678128744388,11
2024-09-19 14:38:08.047000,419.75004298838144,104
2024-09-19 14:38:08.073000,419.761470470866,95
2024-09-19 14:38:08.111000,419.75084505455897,1003
2024-09-19 14:38:08.131000,419.75540552910456,101
2024-09-19 14:38:08.174000,419.7535343420925,997
2024-09-19 14:38:08.238000,419.7544090531,996
2024-09-19 14:38:08.363000,419.7426202540117,9
2024-09-19 14:38:08.431000,419.7428228712732,9
2024-09-19 14:38:08.457000,419.7480500486437,11
2024-09-19 14:38:08.467000,419.7466522528373,996
2024-09-19 14:38:08.494000,419.755573074236,96
2024-09-19 14:38:08.542000,419.7206294122205,14
2024-09-19 14:38:08.553000,419.75097733742257,95
2024-09-19 14:38:08.584000,419.7438158225541,97
2024-09-19 14:38:08.603000,419.7741631516183,8
2024-09-19 14:38:08.636000,419.7655143384723,96
2024-09-19 14:38:08.637000,419.7612739515619,15
2024-09-19 14:38:08.692000,419.7548119567193,1004
2024-09-19 14:38:08.754000,419.7509725711959,7
2024-09-19 14:38:08.757000,419.7547560461067,10
2024-09-19 14:38:08.768000,419.7468914738081,1001
2024-09-19 14:38:08.835000,419.70318541824736,95
2024-09-19 14:38:08.888000,419.7497821974551,12
2024-09-19 14:38:08.911000,419.6966047686609,99
2024-09-19 14:38:08.996000,419.6997778442392,1003
2024-09-19 14:38:08.996000,419.7552485314024,9
2024-09-19 14:38:10.134000,419.7221963248141,999
2024-09-19 14:38:10.144000,419.75386795015214,102
2024-09-19 14:38:10.158000,419.7338743140399,1004
2024-09-19 14:38:10.252000,419.7468358742629,1005
2024-09-19 14:38:10.268000,419.7167318943645,98
2024-09-19 14:38:10.471000,419.76241104365135,100
2024-09-19 14:38:10.503000,419.7744693319389,100
2024-09-19 14:38:10.537000,419.7803572891658,1001
2024-09-19 14:38:10.541000,419.7740894549784,98
2024-09-19 14:38:10.766000,419.7637171383094,95
2024-09-19 14:38:10.885000,419.7897447561298,5
2024-09-19 14:38:10.886000,419.7812157135993,996
2024-09-19 14:38:10.936000,419.7488823612955,99
2024-09-19 14:38:10.966000,419.7784129808408,1003
2024-09-19 14:38:11.100000,419.7591546694945,105
2024-09-19 14:38:11.189000,419.7038206683375,1002
2024-09-19 14:38:11.193000,419.728947107359,996
2024-09-19 14:38:11.197000,419.7630609993301,14
2024-09-19 14:38:11.210000,419.7594903094114,101
2024-09-19 14:38:11.236000,419.757606762242,103
2024-09-19 14:38:11.351000,419.7063345611028,102
2024-09-19 14:38:11.356000,419.70805254437016,5
2024-09-19 14:38:11.437000,419.75005709367576,103
2024-09-19 14:38:11.451000,419.73776491054446,11
2024-09-19 14:38:11.494000,419.7128779682206,7
2024-09-19 14:38:11.553000,419.7123456957825,996
2024-09-19 14:38:11.556000,419.7352525199188,1003
2024-09-19 14:38:11.594000,419.7292371020943,14
2024-09-19 14:38:11.627000,419.7265454686518,15
2024-09-19 14:38:11.631000,419.7624311975729,8
2024-09-19 14:38:11.633000,419.7402833798138,104
2024-09-19 14:38:11.634000,419.7860703275068,999
2024-09-19 14:38:11.667000,419.7227209892952,95
2024-09-19 14:38:11.732000,419.7337076165293,5
2024-09-19 14:38:11.806000,419.7640351794334,10
2024-09-19 14:38:11.852000,419.7285212306616,1004
2024-09-19 14:38:11.898000,419.7789747168214,1003
2024-09-19 14:38:11.909000,419.70989909036393,1000
2024-09-19 14:38:11.961000,419.7871649313696,10
2024-09-19 14:38:11.964000,419.7278744944942,7
2024-09-19 14:38:12.043000,419.74575102367993,998
2024-09-19 14:38:12.107000,419.7506536793823,103
2024-09-19 14:38:12.125000,419.72341389718247,15
2024-09-19 14:38:12.199000,419.72207023867423,998
2024-09-19 14:38:12.214000,419.7271213637409,998
2024-09-19 14:38:12.216000,419.7217190109354,98
2024-09-19 14:38:12.226000,419.7151620302921,96
2024-09-19 14:38:12.256000,419.74804787660446,999
2024-09-19 14:38:12.280000,419.7350144515511,997
2024-09-19 14:38:12.356000,419.7194515946076,10
2024-09-19 14:38:12.400000,419.7104581483144,1001
2024-09-19 14:38:12.403000,419.744364441964,8
2024-09-19 14:38:12.423000,419.704586890298,11
2024-09-19 14:38:12.462000,419.7129624613096,101
2024-09-19 14:38:12.495000,419.7162453303616,5
2024-09-19 14:38:12.539000,419.740715980401,997
2024-09-19 14:38:12.541000,419.70217769472976,95
2024-09-19 14:38:12.597000,419.73375540732127,97
2024-09-19 14:38:12.623000,419.7196901159627,10
2024-09-19 14:38:12.623000,419.7535359822791,6
2024-09-19 14:38:12.879000,419.7348517226835,10
2024-09-19 14:38:12.971000,419.710030222713,7
2024-09-19 14:38:13.029000,419.6833444243327,7
2024-09-19 14:38:13.040000,419.6243952700518,102
2024-09-19 14:38:13.139000,419.64468603593576,9
2024-09-19 14:38:13.175000,419.6844014290156,995
2024-09-19 14:38:13.178000,419.7095115161631,14
2024-09-19 14:38:13.227000,419.6451289488057,8
2024-09-19 14:38:13.311000,419.6400671945801,999
2024-09-19 14:38:13.396000,419.6142470202626,1002
2024-09-19 14:38:13.457000,419.6438454958447,1002
2024-09-19 14:38:13.477000,419.62438437860686,10
2024-09-19 14:38:13.599000,419.66727205654905,995
2024-09-19 14:38:13.609000,419.6892414872176,103
2024-09-19 14:38:13.632000,419.6446101552867,12
2024-09-19 14:38:13.685000,419.6235944663202,7
2024-09-19 14:38:13.747000,419.6398796450508,98
2024-09-19 14:38:13.778000,419.6728204667302,100
2024-09-19 14:38:13.779000,419.69005443378336,5
2024-09-19 14:38:13.832000,419.691121552426,100
2024-09-19 14:38:13.883000,419.69746102928207,13
2024-09-19 14:38:13.926000,419.69153799490937,105
2024-09-19 14:38:13.945000,419.72902343425096,95
2024-09-19 14:38:13.997000,419.6334953978279,998
2024-09-19 14:38:14.025000,419.6085331605747,12
2024-09-19 14:38:14.047000,419.5695258316098,5
2024-09-19 14:38:14.183000,419.5656216485528,104
2024-09-19 14:38:14.289000,419.616209626432,1004
2024-09-19 14:38:14.327000,419.5545123819112,995
2024-09-19 14:38:14.382000,419.55123326848167,10
2024-09-19 14:38:14.419000,419.56074590157607,997
2024-09-19 14:38:14.421000,419.5610174413624,5
2024-09-19 14:38:14.437000,419.5628109899061,995
2024-09-19 14:38:14.446000,419.5687168532582,13
2024-09-19 14:38:14.470000,419.56821656789606,103
2024-09-19 14:38:14.495000,419.61199227656215,1005
2024-09-19 14:38:14.504000,419.5814461584696,96
2024-09-19 14:38:14.574000,419.56117312190526,102
2024-09-19 14:38:14.611000,419.5700514745701,13
2024-09-19 14:38:14.615000,419.5585748799217,13
2024-09-19 14:38:14.617000,419.61131805628105,105
2024-09-19 14:38:14.644000,419.56085767536894,97
2024-09-19 14:38:14.672000,419.5541326760345,5
2024-09-19 14:38:14.680000,419.5592395103681,13
2024-09-19 14:38:14.781000,419.6085872324852,98
2024-09-19 14:38:14.784000,419.5643629651234,15
2024-09-19 14:38:14.828000,419.5600437238637,15
2024-09-19 14:38:14.829000,419.5583471310181,95
2024-09-19 14:38:14.861000,419.5637935963308,1003
2024-09-19 14:38:14.892000,419.5703383185351,97
2024-09-19 14:38:14.894000,419.60790756391697,14
2024-09-19 14:38:14.984000,419.5726347816702,96
2024-09-19 14:38:14.985000,419.5565730037528,8
2024-09-19 14:38:15.016000,419.53169045339615,1000
2024-09-19 14:38:15.044000,419.5873448645988,1000
2024-09-19 14:38:15.159000,419.5686878064135,10
2024-09-19 14:38:15.247000,419.59643973508815,101
2024-09-19 14:38:15.260000,419.5705677308848,10
2024-09-19 14:38:15.275000,419.5942578893744,102
2024-09-19 14:38:15.312000,419.59488495167255,997
2024-09-19 14:38:15.407000,419.5511755132201,10
2024-09-19 14:38:15.418000,419.56705586063,1005
2024-09-19 14:38:15.467000,419.6161773409765,8
2024-09-19 14:38:15.606000,419.5782423252426,100
2024-09-19 14:38:15.607000,419.60778515743095,101
2024-09-19 14:38:15.636000,419.5358308007668,95
2024-09-19 14:38:15.653000,419.6068228720662,1003
2024-09-19 14:38:15.696000,419.5367349372182,1002
2024-09-19 14:38:15.706000,419.55760209189015,999
2024-09-19 14:38:15.750000,419.5687151791502,1005
2024-09-19 14:38:15.759000,419.52900844017023,96
2024-09-19 14:38:15.790000,419.5529325036552,98
2024-09-19 14:38:15.809000,419.5981534967096,1005
2024-09-19 14:38:15.826000,419.5780848316745,998
2024-09-19 14:38:15.859000,419.5605988263841,1002
2024-09-19 14:38:15.865000,419.587738988348,10
2024-09-19 14:38:15.891000,419.5516652721802,995
2024-09-19 14:38:15.892000,419.5770751303021,95
2024-09-19 14:38:15.929000,419.5535109585122,103
2024-09-19 14:38:15.983000,419.5277414992154,95
2024-09-19 14:38:15.995000,419.5552393465047,97
2024-09-19 14:38:16.324000,419.5688111574681,5
2024-09-19 14:38:17.113000,419.5756489859814,15
2024-09-19 14:38:17.138000,419.63880874991065,1004
2024-09-19 14:38:17.148000,419.65808222517126,99
2024-09-19 14:38:17.164000,419.5667306374223,1000
2024-09-19 14:38:17.169000,419.693632737282,15
2024-09-19 14:38:17.278000,419.78070563264953,5
2024-09-19 14:38:17.305000,419.6124365877335,9
2024-09-19 14:38:17.317000,419.7212462710928,105
2024-09-19 14:38:17.320000,419.644748054217,1001
2024-09-19 14:38:17.344000,419.7240009004533,998
2024-09-19 14:38:17.447000,419.6671855328764,15
2024-09-19 14:38:17.492000,419.7713638911195,102
2024-09-19 14:38:17.606000,419.5847263324183,10
2024-09-19 14:38:17.657000,419.69467208104254,9
2024-09-19 14:38:17.663000,419.626019677003,14
2024-09-19 14:38:17.711000,419.6096099813875,100
2024-09-19 14:38:17.726000,419.69257988990586,99
2024-09-19 14:38:17.760000,419.6205258326477,1005
2024-09-19 14:38:17.794000,419.6390022501468,9
2024-09-19 14:38:17.803000,419.66639859922975,102
2024-09-19 14:38:17.811000,419.5988064383895,12
2024-09-19 14:38:17.832000,419.7407596802576,7
2024-09-19 14:38:17.860000,419.6689210610717,105
2024-09-19 14:38:17.904000,419.6982501009852,10
2024-09-19 14:38:17.942000,419.75942911684666,6
2024-09-19 14:38:17.961000,419.6784006836438,995
2024-09-19 14:38:17.988000,419.7641826966492,995
2024-09-19 14:38:18.016000,419.7513682975836,103
2024-09-19 14:38:18.026000,419.7475191189683,1000
2024-09-19 14:38:18.038000,419.7008943965065,999
2024-09-19 14:38:18.049000,419.7238358926934,1002
2024-09-19 14:38:18.050000,419.7098962862495,6
2024-09-19 14:38:18.051000,419.7494172845933,1005
2024-09-19 14:38:18.182000,419.7404223560677,103
2024-09-19 14:38:18.263000,419.72156631527656,102
2024-09-19 14:38:18.271000,419.7125048512973,1003
2024-09-19 14:38:18.274000,419.7091120091955,98
2024-09-19 14:38:18.405000,419.7123510899719,5
2024-09-19 14:38:18.571000,419.7113756726802,95
2024-09-19 14:38:18.583000,419.7314310110151,1003
2024-09-19 14:38:18.679000,419.7221953988553,98
2024-09-19 14:38:18.681000,419.723102622474,1004
2024-09-19 14:38:18.687000,419.7122769772101,95
2024-09-19 14:38:18.772000,419.72533726796553,997
2024-09-19 14:38:18.891000,419.7102780230013,15
2024-09-19 14:38:18.945000,419.7343640996992,5
2024-09-19 14:38:19.033000,419.7323511543016,101
2024-09-19 14:38:19.123000,419.7376181699127,97
2024-09-19 14:38:19.567000,419.74402175465286,12
2024-09-19 14:38:19.848000,419.7330593529479,97
2024-09-19 14:38:19.868000,419.7474914567982,13
2024-09-19 14:38:19.968000,419.7501110194476,999
2024-09-19 14:38:20.013000,419.707715394429,98
2024-09-19 14:38:20.107000,419.7333550693565,1001
2024-09-19 14:38:20.201000,419.7663524823234,105
2024-09-19 14:38:20.304000,419.7567135315946,9
2024-09-19 14:38:20.404000,419.7190054794536,14
2024-09-19 14:38:20.452000,419.7702897980929,96
2024-09-19 14:38:20.523000,419.7250196598953,995
2024-09-19 14:38:20.577000,419.73457479145895,1003
2024-09-19 14:38:20.595000,419.7572663959349,10
2024-09-19 14:38:20.828000,419.7352146299706,8
2024-09-19 14:38:21.141000,419.7218683190031,8
2024-09-19 14:38:21.619000,419.7315030891468,5
2024-09-19 14:38:21.733000,419.73556101912,95
2024-09-19 14:38:21.936000,419.72053727933326,1003
2024-09-19 14:38:21.944000,419.6931161647781,97
2024-09-19 14:38:22.543000,419.71104356585846,5
2024-09-19 14:38:23.082000,419.69453910224416,10
2024-09-19 14:38:23.094000,419.7090922089649,5
2024-09-19 14:38:23.129000,419.731684309646,103
2024-09-19 14:38:23.355000,419.7306188191548,100
2024-09-19 14:38:23.564000,419.7196703407536,95
2024-09-19 14:38:23.588000,419.72450128310464,997
2024-09-19 14:38:23.593000,419.7020871411424,1005
2024-09-19 14:38:23.617000,419.7187426712624,96
2024-09-19 14:38:23.630000,419.7051676106743,97
2024-09-19 14:38:23.671000,419.7080338828432,14
2024-09-19 14:38:23.687000,419.7377801385236,9
2024-09-19 14:38:23.751000,419.7127438315444,104
2024-09-19 14:38:23.892000,419.706457686609,103
2024-09-19 14:38:24.254000,419.7143699448717,1002
2024-09-19 14:38:24.503000,419.7402278696764,999
2024-09-19 14:38:24.597000,419.7071635465427,101
2024-09-19 14:38:25.039000,419.7344079658936,6
2024-09-19 14:38:25.041000,419.7525405278643,1004
2024-09-19 14:38:25.070000,419.7512907789573,5
2024-09-19 14:38:25.154000,419.7464238686404,998
2024-09-19 14:38:25.156000,419.7367363645691,102
2024-09-19 14:38:25.240000,419.7634672326605,1004
2024-09-19 14:38:25.243000,419.71458652449536,999
2024-09-19 14:38:25.336000,419.751806455625,100
2024-09-19 14:38:25.340000,419.7669680961183,995
2024-09-19 14:38:25.358000,419.7576526714577,998
2024-09-19 14:38:25.395000,419.7213211819762,1004
2024-09-19 14:38:25.431000,419.7117431705424,999
2024-09-19 14:38:25.714000,419.7286268488847,1002
2024-09-19 14:38:25.725000,419.74294513781786,996
2024-09-19 14:38:25.751000,419.7666733878208,9
2024-09-19 14:38:25.793000,419.7494727336826,13
2024-09-19 14:38:25.807000,419.741077026196,103
2024-09-19 14:38:25.878000,419.7544284903439,96
2024-09-19 14:38:26.018000,419.73657007202513,99
2024-09-19 14:38:26.109000,419.6730004463392,97
2024-09-19 14:38:26.140000,419.627673534981,98
2024-09-19 14:38:26.168000,419.72496580434006,15
2024-09-19 14:38:26.189000,419.6287657481322,14
2024-09-19 14:38:26.217000,419.6735161545123,101
2024-09-19 14:38:26.352000,419.6197711107095,1004
2024-09-19 14:38:26.368000,419.6177381170617,995
2024-09-19 14:38:26.391000,419.63960132433607,15
2024-09-19 14:38:26.410000,419.6403737986994,15
2024-09-19 14:38:26.461000,419.6504984531763,95
2024-09-19 14:38:26.475000,419.6417704539862,102
2024-09-19 14:38:26.564000,419.6034663549072,1002
2024-09-19 14:38:26.567000,419.6147221303932,104
2024-09-19 14:38:26.582000,419.67357393307816,105
2024-09-19 14:38:26.670000,419.7202096670544,10
2024-09-19 14:38:26.705000,419.6365419512781,9
2024-09-19 14:38:26.707000,419.6267918777196,95
2024-09-19 14:38:26.783000,419.61787388526216,997
2024-09-19 14:38:26.790000,419.6501539105821,997
2024-09-19 14:38:26.878000,419.7044528296854,1002
2024-09-19 14:38:26.932000,419.6974262630516,7
2024-09-19 14:38:26.986000,419.6141319090653,1000
2024-09-19 14:38:27.003000,419.6200026110323,97
2024-09-19 14:38:27.141000,419.6174960083964,10
2024-09-19 14:38:27.217000,419.581066647874,102
2024-09-19 14:38:27.269000,419.6033654132473,97
2024-09-19 14:38:27.322000,419.6288933628183,999
2024-09-19 14:38:27.336000,419.5874869751704,5
2024-09-19 14:38:27.540000,419.57214593683534,102
2024-09-19 14:38:27.613000,419.5871162084186,97
2024-09-19 14:38:27.639000,419.5882280107164,1003
2024-09-19 14:38:27.761000,419.6247167729569,997
2024-09-19 14:38:27.765000,419.58694678727073,997
2024-09-19 14:38:27.767000,416.3961723249989,105
2024-09-19 14:38:27.770000,419.6102724178919,98
2024-09-19 14:38:27.787000,419.6118024887124,95
2024-09-19 14:38:27.788000,419.6041351591293,14
2024-09-19 14:38:27.808000,419.5947408214228,104
2024-09-19 14:38:27.834000,419.644483230658,104
2024-09-19 14:38:27.845000,419.5845875059735,1005
2024-09-19 14:38:27.950000,419.5739450785898,996
2024-09-19 14:38:28.012000,419.5307293996549,998
2024-09-19 14:38:28.047000,419.50764961627306,98
2024-09-19 14:38:28.059000,419.50151305516187,1000
2024-09-19 14:38:28.075000,419.516184763644,14
2024-09-19 14:38:28.076000,419.5571240852201,100
2024-09-19 14:38:28.090000,419.5461807751943,98
2024-09-19 14:38:28.092000,419.5554671605402,9
2024-09-19 14:38:28.123000,419.51782899764544,1005
2024-09-19 14:38:28.131000,419.5190354168888,995
2024-09-19 14:38:28.163000,419.5488796094671,96
2024-09-19 14:38:28.183000,419.5453390709624,102
2024-09-19 14:38:28.185000,419.521938726731,998
2024-09-19 14:38:28.210000,419.5394938614799,6
2024-09-19 14:38:28.232000,419.53596426406585,997
2024-09-19 14:38:28.341000,419.51593100644766,1000
2024-09-19 14:38:28.372000,419.5110521523882,99
2024-09-19 14:38:28.425000,419.53279747266,1000
2024-09-19 14:38:28.514000,419.55194496339766,1001
2024-09-19 14:38:28.540000,419.52720925313486,12
2024-09-19 14:38:28.648000,419.5383830720574,1005
2024-09-19 14:38:28.768000,419.5280427492818,13
2024-09-19 14:38:28.821000,419.54598640949496,102
2024-09-19 14:38:28.845000,419.5378976541982,996
2024-09-19 14:38:28.864000,419.5308586434444,998
2024-09-19 14:38:28.874000,419.5488356041405,1002
2024-09-19 14:38:28.965000,419.5105550448342,11
2024-09-19 14:38:28.983000,419.51618538711534,999
2024-09-19 14:38:29.080000,419.5557052158564,102
2024-09-19 14:38:29.092000,419.5522151614795,1004
2024-09-19 14:38:29.153000,419.542179816951,998
2024-09-19 14:38:29.177000,419.5345817564076,995
2024-09-19 14:38:29.231000,419.533799689906,996
2024-09-19 14:38:29.235000,419.545573652421,97
2024-09-19 14:38:29.297000,419.5533516686796,103
2024-09-19 14:38:29.302000,419.5443427072578,1003
2024-09-19 14:38:29.304000,419.5489586243168,9
2024-09-19 14:38:29.307000,419.5488961886685,995
2024-09-19 14:38:29.338000,419.560006496294,100
2024-09-19 14:38:29.350000,419.54704226417874,999
2024-09-19 14:38:29.476000,419.5310286257342,104
2024-09-19 14:38:29.534000,419.5587161559657,102
2024-09-19 14:38:29.588000,419.5162920044879,1001
2024-09-19 14:38:29.627000,419.5448002305808,99
2024-09-19 14:38:29.637000,419.5336660728733,10
2024-09-19 14:38:29.644000,419.5126076418476,5
2024-09-19 14:38:29.672000,419.5286285330941,99
2024-09-19 14:38:29.687000,419.50426668848735,13
2024-09-19 14:38:29.703000,419.53490904500507,995
2024-09-19 14:38:29.704000,419.53836565964247,100
2024-09-19 14:38:29.763000,419.5394539699807,6
2024-09-19 14:38:29.775000,419.5189104025562,101
2024-09-19 14:38:29.863000,419.5333265829213,98
2024-09-19 14:38:29.924000,419.5300679893563,103
2024-09-19 14:38:29.986000,419.5218227782427,1005
2024-09-19 14:38:30.424000,419.4953649460337,97
2024-09-19 14:38:31.181000,419.5051146058084,996
2024-09-19 14:38:31.529000,416.4103434009977,1004
2024-09-19 14:38:32.071000,419.4664677439397,8
2024-09-19 14:38:32.318000,419.4756969717732,996
2024-09-19 14:38:32.324000,419.5044758131377,1003
2024-09-19 14:38:32.442000,419.50855723469147,11
2024-09-19 14:38:32.467000,419.5139210384359,97
2024-09-19 14:38:32.579000,419.49874346912776,1002
2024-09-19 14:38:32.583000,419.46242203560087,1003
2024-09-19 14:38:32.660000,419.48470916515765,995
2024-09-19 14:38:32.681000,419.49884879330034,103
2024-09-19 14:38:32.790000,419.4460163265617,5
2024-09-19 14:38:32.820000,419.4509170863132,6
2024-09-19 14:38:33.052000,419.420785125037,5
2024-09-19 14:38:33.239000,419.4604237209956,5
2024-09-19 14:38:33.399000,419.43687236818056,100
2024-09-19 14:38:33.514000,419.4740578178219,15
2024-09-19 14:38:33.643000,419.4658876145703,1003
2024-09-19 14:38:33.668000,419.4469800458989,1001
2024-09-19 14:38:33.768000,419.4504176677702,1004
2024-09-19 14:38:33.822000,419.42549322319314,1003
2024-09-19 14:38:33.837000,419.48471513157415,11
2024-09-19 14:38:33.922000,419.4546515328483,996
2024-09-19 14:38:33.925000,419.4652975573606,15
2024-09-19 14:38:33.928000,419.4368178124601,98
2024-09-19 14:38:34.721000,419.4022341016264,98
2024-09-19 14:38:34.955000,419.42345289991465,1003
2024-09-19 14:38:35.041000,419.42570226942894,103
2024-09-19 14:38:35.042000,419.43638957833485,999
2024-09-19 14:38:35.052000,419.428682734806,1000
2024-09-19 14:38:35.115000,419.44254456319936,999
2024-09-19 14:38:35.161000,419.4200419979399,8
2024-09-19 14:38:35.225000,419.4293686180415,99
2024-09-19 14:38:35.247000,419.438026790044,5
2024-09-19 14:38:35.256000,419.46168864056864,15
2024-09-19 14:38:35.282000,419.4480663745943,13
2024-09-19 14:38:35.289000,419.4455499030507,1001
2024-09-19 14:38:35.296000,419.4178886393968,9
2024-09-19 14:38:35.383000,419.4357367952365,100
2024-09-19 14:38:35.565000,419.42827832864975,103
2024-09-19 14:38:35.579000,419.4279902174386,5
2024-09-19 14:38:35.581000,419.4557048664474,96
2024-09-19 14:38:35.596000,419.4434469197394,997
2024-09-19 14:38:35.754000,419.4155897099596,14
2024-09-19 14:38:35.782000,419.4478402532012,102
2024-09-19 14:38:35.988000,419.4553202666376,100
2024-09-19 14:38:36.065000,419.418901715942,998
2024-09-19 14:38:36.068000,419.4509884395747,101
2024-09-19 14:38:36.164000,419.4482601267243,99
2024-09-19 14:38:36.197000,419.4458942837268,5
2024-09-19 14:38:36.263000,419.4518651131382,100
2024-09-19 14:38:36.302000,419.4427290687152,6
2024-09-19 14:38:36.320000,419.50586268851896,5
2024-09-19 14:38:36.347000,419.4508962101083,1000
2024-09-19 14:38:36.367000,419.4909973662647,97
2024-09-19 14:38:36.408000,419.49751890041983,103
2024-09-19 14:38:36.494000,419.4347508628098,998
2024-09-19 14:38:36.524000,419.459120488428,10
2024-09-19 14:38:36.552000,419.4503102291178,998
2024-09-19 14:38:36.587000,419.4661493175457,99
2024-09-19 14:38:36.592000,419.45045887346726,97
2024-09-19 14:38:36.628000,419.4264424894397,999
2024-09-19 14:38:36.772000,419.4614658898949,96
2024-09-19 14:38:36.777000,419.4351829021568,104
2024-09-19 14:38:36.786000,419.42460625203415,95
2024-09-19 14:38:36.799000,419.51538848310753,7
2024-09-19 14:38:36.853000,419.48122671936704,96
2024-09-19 14:38:36.894000,419.4186293352077,104
2024-09-19 14:38:36.935000,419.46212129124393,995
2024-09-19 14:38:36.958000,419.4566218760866,12
2024-09-19 14:38:37.082000,419.4405205048214,1000
2024-09-19 14:38:37.271000,419.4371833975228,10
2024-09-19 14:38:37.470000,419.4488928896817,100
2024-09-19 14:38:37.607000,419.461012019056,10
2024-09-19 14:38:37.676000,419.4418639331458,997
2024-09-19 14:38:38.011000,419.4681098385324,102
2024-09-19 14:38:38.043000,419.42773052417,98
2024-09-19 14:38:38.123000,419.4225888100079,1002
2024-09-19 14:38:38.124000,419.3680770747452,6
2024-09-19 14:38:38.130000,419.3773845826405,15
2024-09-19 14:38:38.175000,419.4384599674775,105
2024-09-19 14:38:38.291000,419.3966698305536,10
2024-09-19 14:38:38.331000,419.4481601551392,999
2024-09-19 14:38:38.412000,419.459177274729,98
2024-09-19 14:38:38.414000,419.4350302074329,1001
2024-09-19 14:38:38.425000,419.3831693406223,11
2024-09-19 14:38:38.476000,419.3946380501603,5
2024-09-19 14:38:38.601000,419.4547251221614,12
2024-09-19 14:38:38.709000,419.4493855849768,10
2024-09-19 14:38:38.748000,419.3747850782944,95
2024-09-19 14:38:38.759000,419.3478020160021,1002
2024-09-19 14:38:38.869000,419.471137342296,95
2024-09-19 14:38:38.871000,419.4356345351779,1000
2024-09-19 14:38:38.957000,419.374602601415,7
2024-09-19 14:38:39.008000,419.37618957738977,5
2024-09-19 14:38:39.057000,419.3566471809007,999
2024-09-19 14:38:39.200000,419.3688812973048,105
2024-09-19 14:38:39.203000,419.3729782485146,103
2024-09-19 14:38:39.215000,419.4117674914109,5
2024-09-19 14:38:39.219000,419.4226703095267,996
2024-09-19 14:38:39.228000,419.3685721123818,1003
2024-09-19 14:38:39.263000,419.3588227242394,96
2024-09-19 14:38:39.266000,419.35520724148,11
2024-09-19 14:38:39.292000,419.3983004850828,6
2024-09-19 14:38:39.300000,419.3809592470959,1004
2024-09-19 14:38:39.327000,419.367186276729,103
2024-09-19 14:38:39.345000,419.3912659874187,998
2024-09-19 14:38:39.361000,419.3780753152553,9
2024-09-19 14:38:39.364000,419.36677199988486,996
2024-09-19 14:38:39.424000,419.3772173741447,995
2024-09-19 14:38:39.521000,419.41937193270047,997
2024-09-19 14:38:39.592000,419.3927132412284,7
2024-09-19 14:38:39.637000,419.37477268912846,105
2024-09-19 14:38:39.708000,419.38899064166463,105
2024-09-19 14:38:39.740000,419.34660721905504,96
2024-09-19 14:38:39.820000,419.3918886187224,102
2024-09-19 14:38:39.828000,419.3719038205686,104
2024-09-19 14:38:39.833000,419.3740660978427,14
2024-09-19 14:38:39.922000,419.3807734451728,1005
2024-09-19 14:38:39.960000,419.36560699607713,10
2024-09-19 14:38:39.986000,419.3594538663733,1000
2024-09-19 14:38:40.161000,419.3188306040466,1001
2024-09-19 14:38:40.175000,419.3807666429686,15
2024-09-19 14:38:40.234000,419.3195229910366,995
2024-09-19 14:38:40.262000,419.3286484919533,1002
2024-09-19 14:38:40.333000,419.3429191646853,14
2024-09-19 14:38:40.363000,419.3675385740773,1003
2024-09-19 14:38:40.394000,419.41410990012406,15
2024-09-19 14:38:40.512000,419.3596332674903,995
2024-09-19 14:38:40.588000,419.3206715400879,14
2024-09-19 14:38:40.625000,419.32772738759934,99
2024-09-19 14:38:40.692000,419.39939018769263,1001
2024-09-19 14:38:40.693000,419.3402500231631,996
2024-09-19 14:38:40.712000,419.39453190735605,995
2024-09-19 14:38:40.829000,419.3471349387261,1002
2024-09-19 14:38:40.857000,419.3358997634649,995
2024-09-19 14:38:40.989000,419.3391337693809,1000
2024-09-19 14:38:41.129000,419.34896817558894,101
2024-09-19 14:38:41.136000,419.3355145783326,96
2024-09-19 14:38:41.187000,419.3208560314659,1001
2024-09-19 14:38:41.193000,419.3729998797392,95
2024-09-19 14:38:41.221000,419.4004866182164,11
2024-09-19 14:38:41.241000,419.3564353598098,104
2024-09-19 14:38:41.257000,419.398741410629,15
2024-09-19 14:38:41.258000,419.35540608445285,10
2024-09-19 14:38:41.277000,419.3769571899514,100
2024-09-19 14:38:41.369000,419.3578934085712,1003
2024-09-19 14:38:41.374000,419.4002481245552,7
2024-09-19 14:38:41.411000,419.40976909593246,96
2024-09-19 14:38:41.466000,419.3531815159928,1004
2024-09-19 14:38:41.466000,419.3976545251108,1005
2024-09-19 14:38:41.592000,419.3420823157746,998
2024-09-19 14:38:41.661000,419.4076172223732,104
2024-09-19 14:38:41.688000,419.3668160757615,10
2024-09-19 14:38:41.725000,419.33699712088367,102
2024-09-19 14:38:41.733000,419.3902068327909,1005
2024-09-19 14:38:41.741000,419.3737522521312,98
2024-09-19 14:38:41.779000,419.4147602179048,12
2024-09-19 14:38:41.825000,419.3956279649361,97
2024-09-19 14:38:41.828000,419.3453369233084,11
2024-09-19 14:38:41.852000,419.4083091276103,1005
2024-09-19 14:38:41.860000,419.4151686302907,1000
2024-09-19 14:38:41.900000,419.3812471594788,14
2024-09-19 14:38:41.992000,419.3856577470931,105
2024-09-19 14:38:43.454000,419.3893711276684,999
2024-09-19 14:38:43.462000,419.3673680183544,95
2024-09-19 14:38:43.475000,419.4041527506445,101
2024-09-19 14:38:43.606000,419.3812290626979,13
2024-09-19 14:38:43.851000,419.3739889676944,14
2024-09-19 14:38:43.962000,419.40031296160106,999
2024-09-19 14:38:44.011000,419.4350266366896,101
2024-09-19 14:38:44.017000,419.45230269812686,11
2024-09-19 14:38:44.021000,419.4156235305222,101
2024-09-19 14:38:44.076000,419.4632744886114,1001
2024-09-19 14:38:44.145000,419.450845827981,1003
2024-09-19 14:38:44.161000,419.4364724444001,97
2024-09-19 14:38:44.174000,419.43379772229576,11
2024-09-19 14:38:44.239000,419.44603888757166,1005
2024-09-19 14:38:44.254000,419.402944462319,1004
2024-09-19 14:38:44.262000,419.4475935182546,102
2024-09-19 14:38:44.269000,419.4435671962498,103
2024-09-19 14:38:44.278000,419.4343277392017,1000
2024-09-19 14:38:44.301000,419.4519961536948,101
2024-09-19 14:38:44.315000,419.4318658647029,1002
2024-09-19 14:38:44.316000,419.463234735078,101
2024-09-19 14:38:44.361000,419.4489524121232,14
2024-09-19 14:38:44.373000,419.4510969491096,1003
2024-09-19 14:38:44.423000,419.44759705127854,99
2024-09-19 14:38:44.516000,419.4492652647359,98
2024-09-19 14:38:44.577000,419.4521756413287,97
2024-09-19 14:38:44.636000,419.439647462904,10
2024-09-19 14:38:44.667000,419.436276660176,1001
2024-09-19 14:38:44.701000,419.4223434542656,5
2024-09-19 14:38:44.704000,419.4397569351259,95
2024-09-19 14:38:44.725000,419.3793073300581,7
2024-09-19 14:38:44.745000,419.4373562570179,99
2024-09-19 14:38:44.812000,419.44307079728526,95
2024-09-19 14:38:44.835000,419.38734176691537,104
2024-09-19 14:38:44.866000,419.43951094737264,5
2024-09-19 14:38:45.074000,419.4733966417274,12
2024-09-19 14:38:45.095000,419.5292433940813,1004
2024-09-19 14:38:45.187000,419.47134852107314,96
2024-09-19 14:38:45.229000,419.4412699811336,998
2024-09-19 14:38:45.293000,419.4485498319648,104
2024-09-19 14:38:45.363000,419.48135994642286,995
2024-09-19 14:38:45.393000,419.4454812356163,11
2024-09-19 14:38:45.485000,419.4349929509068,97
2024-09-19 14:38:45.505000,419.4550627728178,10
2024-09-19 14:38:45.526000,419.5346226198586,10
2024-09-19 14:38:45.531000,419.4942122869186,998
2024-09-19 14:38:45.636000,419.5184974629405,9
2024-09-19 14:38:45.636000,419.428471732018,101
2024-09-19 14:38:45.674000,419.4754790342975,10
2024-09-19 14:38:45.674000,419.4414787789919,103
2024-09-19 14:38:45.683000,419.4761903725648,9
2024-09-19 14:38:45.736000,419.5296549466576,96
2024-09-19 14:38:45.737000,419.4095254640404,1003
2024-09-19 14:38:45.803000,419.4509951554653,998
2024-09-19 14:38:45.826000,419.45480600103286,12
2024-09-19 14:38:45.857000,419.51204350980544,997
2024-09-19 14:38:45.913000,419.53348608447817,6
2024-09-19 14:38:45.961000,419.45333107894095,1001
2024-09-19 14:38:45.985000,419.44533408516673,10
2024-09-19 14:38:46,419.5582469674557,97
2024-09-19 14:38:46.026000,419.6009145884022,997
2024-09-19 14:38:46.055000,419.5928448861709,999
2024-09-19 14:38:46.080000,419.5957502513695,7
2024-09-19 14:38:46.093000,419.6245153797463,998
2024-09-19 14:38:46.094000,419.62746874947817,101
2024-09-19 14:38:46.197000,419.59446911591886,102
2024-09-19 14:38:46.198000,419.53785961960887,15
2024-09-19 14:38:46.301000,419.5752124302084,1005
2024-09-19 14:38:46.312000,419.60292761106246,999
2024-09-19 14:38:46.348000,419.5922912681209,1002
2024-09-19 14:38:46.398000,419.58973708239785,10
2024-09-19 14:38:46.424000,419.6028664485378,1004
2024-09-19 14:38:46.466000,419.5826183380405,101
2024-09-19 14:38:46.544000,419.59225335940846,7
2024-09-19 14:38:46.544000,419.5611136611017,998
2024-09-19 14:38:46.606000,419.56497690696096,9
2024-09-19 14:38:46.692000,419.58478795411776,98
2024-09-19 14:38:46.785000,419.5705452831948,98
2024-09-19 14:38:46.793000,419.5653962691051,100
2024-09-19 14:38:46.884000,419.5602614466403,14
2024-09-19 14:38:46.899000,419.5617275407179,96
2024-09-19 14:38:46.901000,419.59109602431175,1001
2024-09-19 14:38:46.916000,419.54404275494335,105
2024-09-19 14:38:46.936000,419.5854468084444,7
2024-09-19 14:38:46.952000,419.6280821127498,14
2024-09-19 14:38:46.958000,419.5672774094156,101
2024-09-19 14:38:46.971000,419.58335592351466,5
2024-09-19 14:38:47.316000,419.574600012768,99
2024-09-19 14:38:47.335000,419.5746952345875,11
2024-09-19 14:38:47.381000,419.5913906172665,999
2024-09-19 14:38:47.410000,419.6129226936629,103
2024-09-19 14:38:47.710000,419.6047397342436,102
2024-09-19 14:38:47.966000,419.5939929948497,1004
2024-09-19 14:38:48.252000,419.6314533121722,9
2024-09-19 14:38:48.361000,419.6569086700855,7
2024-09-19 14:38:48.361000,419.65160062557794,9
2024-09-19 14:38:48.422000,419.66638645400985,998
2024-09-19 14:38:48.432000,419.6373691266709,14
2024-09-19 14:38:48.457000,419.65216789831857,96
2024-09-19 14:38:48.650000,419.6135365638707,6
2024-09-19 14:38:48.726000,419.6441592998315,1003
2024-09-19 14:38:48.825000,419.66879675071306,1002
2024-09-19 14:38:48.838000,419.65269083386295,1001
2024-09-19 14:38:48.869000,419.6353280615442,5
2024-09-19 14:38:49.019000,419.5069456374678,998
2024-09-19 14:38:49.036000,419.54821219843,12
2024-09-19 14:38:49.160000,419.6549618848938,103
2024-09-19 14:38:49.230000,419.5517771519685,996
2024-09-19 14:38:49.259000,419.5708116896255,95
2024-09-19 14:38:49.267000,419.6596436074972,997
2024-09-19 14:38:49.278000,419.6138070691585,1004
2024-09-19 14:38:49.438000,419.5392510795032,100
2024-09-19 14:38:49.464000,419.5524799739025,6
2024-09-19 14:38:49.474000,419.6551086995186,95
2024-09-19 14:38:49.503000,419.6680051925577,99
2024-09-19 14:38:49.541000,419.5408223166114,1002
2024-09-19 14:38:49.544000,419.5411951861966,7
2024-09-19 14:38:49.548000,419.6617512126474,97
2024-09-19 14:38:49.596000,419.52974010381,95
2024-09-19 14:38:49.610000,419.6349631191118,1000
2024-09-19 14:38:49.613000,419.499335743029,996
2024-09-19 14:38:49.640000,419.5044896851923,11
2024-09-19 14:38:49.735000,419.4987358998829,1000
2024-09-19 14:38:49.762000,419.65710404177287,12
2024-09-19 14:38:49.769000,419.53494832005447,5
2024-09-19 14:38:49.780000,419.5928664306965,998
2024-09-19 14:38:49.931000,419.5464172553662,14
2024-09-19 14:38:49.935000,419.51036613540856,8
2024-09-19 14:38:49.936000,419.53006664892126,1001
2024-09-19 14:38:50.043000,419.56366858429936,1002
2024-09-19 14:38:50.084000,419.525740820765,102
2024-09-19 14:38:50.149000,419.504791661835,11
2024-09-19 14:38:50.256000,419.5859816710444,105
2024-09-19 14:38:50.294000,419.5198857977881,100
2024-09-19 14:38:50.323000,419.53658914521503,13
2024-09-19 14:38:50.362000,419.4777179996967,11
2024-09-19 14:38:50.437000,419.5856423999813,10
2024-09-19 14:38:50.444000,419.4975156376359,1000
2024-09-19 14:38:50.529000,419.5957108502757,97
2024-09-19 14:38:50.589000,419.5914769677386,105
2024-09-19 14:38:50.595000,419.4821004095397,12
2024-09-19 14:38:50.657000,419.4859962282746,103
2024-09-19 14:38:50.733000,419.5926274563212,997
2024-09-19 14:38:50.743000,419.51424568331856,10
2024-09-19 14:38:50.746000,419.5875403126236,104
2024-09-19 14:38:50.776000,419.548260953992,1000
2024-09-19 14:38:50.777000,419.5287966600905,999
2024-09-19 14:38:50.865000,419.5927597138521,10
2024-09-19 14:38:50.916000,416.53881040219176,1005
2024-09-19 14:38:50.921000,419.53150448885066,10
2024-09-19 14:38:50.957000,419.5831291965937,101
2024-09-19 14:38:51.055000,419.5672854096728,96
2024-09-19 14:38:51.165000,419.5689730494189,105
2024-09-19 14:38:51.224000,419.5797267031625,98
2024-09-19 14:38:51.275000,419.5802980569251,1000
2024-09-19 14:38:51.613000,419.5654580285912,996
2024-09-19 14:38:51.639000,419.5825529197365,998
2024-09-19 14:38:51.721000,419.5721208190039,997
2024-09-19 14:38:51.829000,419.5719906479293,15
2024-09-19 14:38:52.061000,419.61100874599146,13
2024-09-19 14:38:52.083000,419.6233780176495,101
2024-09-19 14:38:52.189000,419.5938642849981,15
2024-09-19 14:38:52.202000,419.56637660217314,995
2024-09-19 14:38:52.298000,419.637852303169,100
2024-09-19 14:38:52.375000,419.61862365774505,1002
2024-09-19 14:38:52.388000,419.57818977126766,996
2024-09-19 14:38:52.430000,419.5914419000237,101
2024-09-19 14:38:52.462000,419.5712857141537,15
2024-09-19 14:38:52.465000,419.6089955195077,999
2024-09-19 14:38:52.531000,419.5955131830915,105
2024-09-19 14:38:52.562000,419.5554688105345,100
2024-09-19 14:38:52.736000,419.61009460749625,7
2024-09-19 14:38:52.846000,419.5680261827409,14
2024-09-19 14:38:52.905000,419.55913188577927,105
2024-09-19 14:38:52.932000,419.6005675896844,9
2024-09-19 14:38:53.906000,416.4274709906803,1004
2024-09-19 14:38:54.081000,419.6000890220004,7
2024-09-19 14:38:54.145000,419.6060711922363,1005
2024-09-19 14:38:54.175000,419.61462544845057,10
2024-09-19 14:38:54.228000,419.6164349809401,1000
2024-09-19 14:38:54.530000,419.5941903163495,10
2024-09-19 14:38:54.598000,419.6068497690962,105
2024-09-19 14:38:54.727000,419.61253302930777,9
2024-09-19 14:38:54.802000,419.6204058772799,102
2024-09-19 14:38:54.881000,419.6162122540143,101
2024-09-19 14:38:55.064000,419.5406606503853,998
2024-09-19 14:38:55.125000,419.58744516527736,102
2024-09-19 14:38:55.133000,419.4716548759164,1005
2024-09-19 14:38:55.160000,419.5631262900212,104
2024-09-19 14:38:55.175000,419.5089187313801,1002
2024-09-19 14:38:55.297000,419.4721605994537,1001
2024-09-19 14:38:55.316000,419.582768048058,1002
2024-09-19 14:38:55.328000,419.54237300598817,997
2024-09-19 14:38:55.338000,419.5484426524343,12
2024-09-19 14:38:55.339000,419.58425003111495,1000
2024-09-19 14:38:55.374000,419.56585927406127,998
2024-09-19 14:38:55.381000,419.54456064996856,99
2024-09-19 14:38:55.428000,419.57089355390434,101
2024-09-19 14:38:55.525000,419.4584517386157,1001
2024-09-19 14:38:55.536000,419.5781100746186,998
2024-09-19 14:38:55.588000,419.5778980524613,1004
2024-09-19 14:38:55.606000,419.4623918003691,104
2024-09-19 14:38:55.607000,419.4931650353699,95
2024-09-19 14:38:55.701000,419.57192816019193,997
2024-09-19 14:38:55.722000,419.59299420433024,10
2024-09-19 14:38:55.802000,419.48535266967616,1000
2024-09-19 14:38:56.024000,419.4593105772455,101
2024-09-19 14:38:56.042000,419.44339491864594,12
2024-09-19 14:38:56.046000,419.478741325918,13
2024-09-19 14:38:56.093000,419.48479788050446,99
2024-09-19 14:38:56.112000,419.4468171252698,1000
2024-09-19 14:38:56.388000,419.450229572928,9
2024-09-19 14:38:56.412000,419.4836421894214,1000
2024-09-19 14:38:56.430000,419.4682145137281,97
2024-09-19 14:38:56.445000,419.4754326366625,8
2024-09-19 14:38:56.510000,419.4634988242003,8
2024-09-19 14:38:56.594000,419.4614098718312,105
2024-09-19 14:38:56.609000,419.4420152367504,10
2024-09-19 14:38:56.638000,419.4329834988011,1003
2024-09-19 14:38:56.661000,419.4770453849038,8
2024-09-19 14:38:56.663000,419.4834251380879,98
2024-09-19 14:38:56.664000,419.46601548280967,997
2024-09-19 14:38:56.692000,419.4518446794767,1005
2024-09-19 14:38:56.796000,419.4884201122032,1004
2024-09-19 14:38:56.907000,419.4850271691119,14
2024-09-19 14:38:56.988000,419.4683954737728,1004
2024-09-19 14:38:57.060000,419.4704471591998,102
2024-09-19 14:38:57.063000,419.4520787302008,6
2024-09-19 14:38:57.069000,419.4387109329142,99
2024-09-19 14:38:57.112000,419.4461410899933,105
2024-09-19 14:38:57.122000,419.4429387313361,1003
2024-09-19 14:38:57.161000,419.4908104968571,12
2024-09-19 14:38:57.191000,419.4548510220861,11
2024-09-19 14:38:57.196000,419.48218198011136,995
2024-09-19 14:38:57.245000,419.4438542568658,104
2024-09-19 14:38:57.282000,419.4946307483555,13
2024-09-19 14:38:57.290000,419.4765933093439,100
2024-09-19 14:38:57.346000,419.44849180297,12
2024-09-19 14:38:57.373000,419.43828619432014,101
2024-09-19 14:38:57.403000,419.4433838798471,6
2024-09-19 14:38:57.473000,419.45220538741,14
2024-09-19 14:38:57.530000,419.4391464701965,14
2024-09-19 14:38:57.635000,419.4500518184865,14
2024-09-19 14:38:57.649000,419.4562530131257,100
2024-09-19 14:38:57.732000,419.4704454724432,98
2024-09-19 14:38:57.738000,419.43986678133393,96
2024-09-19 14:38:57.763000,416.3521891075641,10
2024-09-19 14:38:57.786000,419.4346214244968,103
2024-09-19 14:38:57.877000,419.4341653184832,1004
2024-09-19 14:38:57.968000,419.4611604396257,14
2024-09-19 14:38:57.996000,419.4501102515509,995
2024-09-19 14:38:58.081000,419.42943183442975,1003
2024-09-19 14:38:58.110000,419.4390076899776,11
2024-09-19 14:38:58.159000,419.4386742924625,10
2024-09-19 14:38:58.213000,419.44354496745495,8
2024-09-19 14:38:58.234000,419.4314987091139,95
2024-09-19 14:38:58.390000,419.4160306552242,97
2024-09-19 14:38:58.600000,419.4169720208284,997
2024-09-19 14:38:58.659000,419.40877252264113,995
2024-09-19 14:38:58.660000,419.41229337595314,98
2024-09-19 14:38:58.909000,419.4177393690599,996
2024-09-19 14:38:59.041000,419.4375657521033,100
2024-09-19 14:38:59.189000,419.42706521653326,10
2024-09-19 14:38:59.198000,419.3985376747153,104
2024-09-19 14:38:59.653000,419.4222080193935,97
2024-09-19 14:38:59.676000,419.3782950058717,14
2024-09-19 14:38:59.694000,419.4275314610773,104
2024-09-19 14:38:59.835000,419.4068876767646,14
2024-09-19 14:38:59.895000,419.3939743902289,103
2024-09-19 14:38:59.976000,419.4371451965594,995
