Timestamp,Price,Size
2024-09-16 11:24:00.128000,417.69607587354784,999
2024-09-16 11:24:00.155000,417.67276229952,98
2024-09-16 11:24:00.331000,417.6818134920742,999
2024-09-16 11:24:00.364000,417.7041355545695,7
2024-09-16 11:24:00.393000,417.6573097783029,96
2024-09-16 11:24:00.421000,417.69949687047045,105
2024-09-16 11:24:00.463000,417.7040366188407,96
2024-09-16 11:24:00.505000,417.6934944689764,98
2024-09-16 11:24:00.571000,417.7073212785165,103
2024-09-16 11:24:00.573000,417.7300131334812,15
2024-09-16 11:24:00.578000,417.69473738561913,5
2024-09-16 11:24:00.597000,417.68618041978925,98
2024-09-16 11:24:00.624000,417.6778675868167,997
2024-09-16 11:24:00.632000,417.7188988479448,1005
2024-09-16 11:24:00.644000,417.6924685029151,13
2024-09-16 11:24:00.684000,417.7089418239236,6
2024-09-16 11:24:00.747000,417.702988118403,995
2024-09-16 11:24:00.789000,417.6936134276558,998
2024-09-16 11:24:00.805000,417.7011706115745,1005
2024-09-16 11:24:00.809000,417.7179601940772,998
2024-09-16 11:24:00.834000,417.7296584627852,8
2024-09-16 11:24:00.870000,417.6826751843736,995
2024-09-16 11:24:00.913000,417.67312464733385,995
2024-09-16 11:24:00.945000,417.6943141974824,997
2024-09-16 11:24:00.972000,417.677621126416,102
2024-09-16 11:24:00.980000,417.69887558672826,998
2024-09-16 11:24:00.987000,417.6849369365718,1000
2024-09-16 11:24:01.002000,417.6786507721116,98
2024-09-16 11:24:01.144000,417.6915892956426,100
2024-09-16 11:24:01.188000,417.6869167719085,11
2024-09-16 11:24:01.431000,417.6606152622776,14
2024-09-16 11:24:01.489000,417.646640158818,104
2024-09-16 11:24:01.736000,417.6718449718705,12
2024-09-16 11:24:01.846000,417.66490354260407,10
2024-09-16 11:24:01.899000,417.664789981402,103
2024-09-16 11:24:01.912000,417.65807261972265,13
2024-09-16 11:24:02.239000,417.6578287047512,103
2024-09-16 11:24:02.263000,417.6736658398292,6
2024-09-16 11:24:02.489000,417.6682376689786,103
2024-09-16 11:24:02.614000,417.69803223865466,95
2024-09-16 11:24:02.987000,417.6634169738536,998
2024-09-16 11:24:03.009000,417.5892477044552,999
2024-09-16 11:24:03.155000,417.5960054334829,1002
2024-09-16 11:24:03.156000,417.61261213616615,5
2024-09-16 11:24:03.176000,417.6828930545741,96
2024-09-16 11:24:03.228000,417.66097690562486,99
2024-09-16 11:24:03.255000,417.7099472724439,15
2024-09-16 11:24:03.257000,417.59822383755954,102
2024-09-16 11:24:03.288000,417.69048928324514,1004
2024-09-16 11:24:03.387000,417.6110567463989,6
2024-09-16 11:24:03.409000,417.6380191588527,1003
2024-09-16 11:24:03.453000,417.67819882970826,5
2024-09-16 11:24:03.491000,417.6347389500229,995
2024-09-16 11:24:03.512000,417.6587592810071,105
2024-09-16 11:24:03.542000,417.7025641075122,105
2024-09-16 11:24:03.544000,417.7197457598767,99
2024-09-16 11:24:03.562000,417.6390686426941,998
2024-09-16 11:24:03.656000,417.59495327320286,102
2024-09-16 11:24:03.747000,417.6363403285011,101
2024-09-16 11:24:03.779000,417.65035016314505,7
2024-09-16 11:24:03.793000,417.6673828323601,12
2024-09-16 11:24:03.807000,417.6266956163342,996
2024-09-16 11:24:03.823000,417.6407380727569,8
2024-09-16 11:24:03.862000,417.6167946712494,1002
2024-09-16 11:24:03.882000,417.6575273169615,102
2024-09-16 11:24:03.897000,417.7151130606984,9
2024-09-16 11:24:03.899000,417.690702119771,10
2024-09-16 11:24:03.948000,417.6951912646461,8
2024-09-16 11:24:04.076000,417.63043588739487,8
2024-09-16 11:24:04.093000,417.6231903883742,104
2024-09-16 11:24:04.107000,417.6061037474338,1004
2024-09-16 11:24:04.124000,417.59164119838266,102
2024-09-16 11:24:04.224000,417.6029900074089,15
2024-09-16 11:24:04.389000,417.5926893422727,1004
2024-09-16 11:24:04.487000,417.6295882185056,97
2024-09-16 11:24:04.495000,417.6403184717015,5
2024-09-16 11:24:04.550000,417.5930866247113,1005
2024-09-16 11:24:04.576000,417.6501583709911,9
2024-09-16 11:24:04.579000,417.6295689203626,8
2024-09-16 11:24:04.581000,417.6307478631324,999
2024-09-16 11:24:04.645000,417.6228754047526,13
2024-09-16 11:24:04.657000,417.614179025324,96
2024-09-16 11:24:04.799000,417.62524811502055,1000
2024-09-16 11:24:04.852000,417.6396742075056,14
2024-09-16 11:24:05.051000,417.5870499721553,95
2024-09-16 11:24:05.479000,417.5803018143237,105
2024-09-16 11:24:05.755000,417.5999786376381,98
2024-09-16 11:24:06.044000,417.5401665803215,97
2024-09-16 11:24:06.122000,417.54907624285386,1001
2024-09-16 11:24:06.227000,417.5527210013943,14
2024-09-16 11:24:06.313000,417.5330836339507,97
2024-09-16 11:24:06.350000,417.5427642982856,999
2024-09-16 11:24:06.417000,417.55460755673664,995
2024-09-16 11:24:06.423000,417.5485974461024,1005
2024-09-16 11:24:06.476000,417.5360292380613,996
2024-09-16 11:24:06.498000,417.5466273270139,11
2024-09-16 11:24:06.558000,417.5493440862054,10
2024-09-16 11:24:06.580000,417.5504695456894,9
2024-09-16 11:24:06.610000,417.5536973601148,10
2024-09-16 11:24:06.640000,417.52892003026847,101
2024-09-16 11:24:06.712000,417.5465532457007,996
2024-09-16 11:24:06.721000,417.586290263068,104
2024-09-16 11:24:06.756000,417.5871659065473,11
2024-09-16 11:24:06.764000,417.53777855389984,104
2024-09-16 11:24:06.798000,417.53419033298906,97
2024-09-16 11:24:06.814000,417.4853060591532,15
2024-09-16 11:24:06.851000,417.5425861442457,11
2024-09-16 11:24:06.884000,417.56517227638415,12
2024-09-16 11:24:06.919000,417.5865766128904,104
2024-09-16 11:24:06.932000,417.5366890593224,98
2024-09-16 11:24:06.947000,417.4976519559106,1005
2024-09-16 11:24:06.970000,417.5391193565405,1002
2024-09-16 11:24:07,417.47862419785866,999
2024-09-16 11:24:07.082000,417.51717522835673,1002
2024-09-16 11:24:07.087000,417.5112891126786,995
2024-09-16 11:24:07.115000,417.46540107951705,999
2024-09-16 11:24:07.186000,417.5102113271714,99
2024-09-16 11:24:07.465000,417.4479321226272,995
2024-09-16 11:24:07.569000,417.5129341807516,95
2024-09-16 11:24:07.833000,417.45823121408176,10
2024-09-16 11:24:07.898000,417.5157694671062,14
2024-09-16 11:24:07.920000,417.4993841217796,14
2024-09-16 11:24:07.956000,417.4753281229228,8
2024-09-16 11:24:08.427000,417.5332132177582,5
2024-09-16 11:24:08.842000,417.54547251648944,1003
2024-09-16 11:24:08.851000,417.55005343310137,105
2024-09-16 11:24:09.241000,417.56462578083824,15
2024-09-16 11:24:09.416000,417.5844772093672,9
2024-09-16 11:24:09.712000,417.6265388787102,100
2024-09-16 11:24:09.841000,417.60492973076526,100
2024-09-16 11:24:10.047000,417.6593864171372,105
2024-09-16 11:24:10.071000,417.6844463287068,1004
2024-09-16 11:24:10.088000,417.6416569994646,5
2024-09-16 11:24:10.113000,417.61051817047854,100
2024-09-16 11:24:10.129000,417.6585485117995,102
2024-09-16 11:24:10.210000,417.6785049328646,12
2024-09-16 11:24:10.312000,417.6665395959328,1001
2024-09-16 11:24:10.312000,417.610839135296,103
2024-09-16 11:24:10.356000,417.6638943468748,104
2024-09-16 11:24:10.364000,417.6313619695158,995
2024-09-16 11:24:10.368000,417.6985477664791,98
2024-09-16 11:24:10.394000,417.6232461715981,999
2024-09-16 11:24:10.471000,417.6862431649279,97
2024-09-16 11:24:10.536000,417.6722158717828,1001
2024-09-16 11:24:10.561000,417.6173143980267,102
2024-09-16 11:24:10.610000,417.68399204104577,96
2024-09-16 11:24:10.664000,417.58843796247766,9
2024-09-16 11:24:10.683000,417.6972728797711,6
2024-09-16 11:24:10.723000,417.60765681543216,996
2024-09-16 11:24:10.796000,417.66096586824153,999
2024-09-16 11:24:10.807000,417.69096254172354,12
2024-09-16 11:24:10.853000,417.6226845206513,995
2024-09-16 11:24:10.900000,417.6114417629056,997
2024-09-16 11:24:10.904000,417.65541780317534,999
2024-09-16 11:24:10.916000,417.6639267839408,7
2024-09-16 11:24:11.014000,417.6597584298276,105
2024-09-16 11:24:11.026000,417.6252205987117,14
2024-09-16 11:24:11.044000,417.6049459320795,100
2024-09-16 11:24:11.108000,417.6505423960577,6
2024-09-16 11:24:11.123000,417.62138762177983,998
2024-09-16 11:24:11.241000,417.6591604419273,12
2024-09-16 11:24:11.274000,417.6257219098028,995
2024-09-16 11:24:11.286000,417.6517841352363,1005
2024-09-16 11:24:11.431000,417.66483180876935,97
2024-09-16 11:24:11.441000,417.6057922879857,95
2024-09-16 11:24:11.445000,417.64155616635793,6
2024-09-16 11:24:11.495000,417.6769133522951,101
2024-09-16 11:24:11.613000,417.6251680342743,97
2024-09-16 11:24:11.675000,417.6498000882041,5
2024-09-16 11:24:11.705000,417.61431918835154,7
2024-09-16 11:24:11.758000,417.62772356022,999
2024-09-16 11:24:11.841000,417.6412874080716,12
2024-09-16 11:24:11.857000,417.67699370722727,11
2024-09-16 11:24:11.958000,417.6709300801935,1001
2024-09-16 11:24:11.969000,417.6596904819178,997
2024-09-16 11:24:12.026000,417.628329767976,1002
2024-09-16 11:24:12.239000,417.5835770984604,13
2024-09-16 11:24:12.778000,417.611178334415,1000
2024-09-16 11:24:13.007000,417.5283484766271,996
2024-09-16 11:24:13.016000,417.5898765303052,99
2024-09-16 11:24:13.104000,417.59363309143936,997
2024-09-16 11:24:13.199000,417.5705973377543,101
2024-09-16 11:24:13.217000,417.5241151459491,7
2024-09-16 11:24:13.234000,417.5548777134779,15
2024-09-16 11:24:13.240000,417.5447876370139,105
2024-09-16 11:24:13.253000,417.5264183636825,6
2024-09-16 11:24:13.257000,417.5820537274203,103
2024-09-16 11:24:13.272000,417.53960379094485,13
2024-09-16 11:24:13.303000,417.5713363716401,101
2024-09-16 11:24:13.396000,417.5778724054113,1005
2024-09-16 11:24:13.400000,417.5475516010717,8
2024-09-16 11:24:13.402000,417.5677386253735,14
2024-09-16 11:24:13.415000,417.5205020386532,1004
2024-09-16 11:24:13.471000,417.5418016507888,1005
2024-09-16 11:24:13.500000,417.5900535614177,7
2024-09-16 11:24:13.591000,417.5741073935545,14
2024-09-16 11:24:13.643000,417.5497635875547,14
2024-09-16 11:24:13.648000,417.5594403954823,102
2024-09-16 11:24:13.650000,417.5871196034586,105
2024-09-16 11:24:13.653000,417.5271215032855,12
2024-09-16 11:24:13.748000,417.5424849793599,1005
2024-09-16 11:24:13.797000,417.56912028808273,10
2024-09-16 11:24:13.804000,417.5883707833849,8
2024-09-16 11:24:13.816000,417.5818075318397,96
2024-09-16 11:24:13.913000,417.5230496241487,12
2024-09-16 11:24:13.960000,417.5859052960442,13
2024-09-16 11:24:13.961000,417.5477332190172,99
2024-09-16 11:24:13.999000,417.5395158894174,9
2024-09-16 11:24:14.019000,417.5976463722568,1001
2024-09-16 11:24:14.039000,417.5525316148714,11
2024-09-16 11:24:14.071000,417.6093575310178,104
2024-09-16 11:24:14.131000,417.5450262038908,1000
2024-09-16 11:24:14.152000,417.58378790254216,1000
2024-09-16 11:24:14.216000,417.5770925499757,15
2024-09-16 11:24:14.218000,417.5795830575765,12
2024-09-16 11:24:14.426000,417.55235825529616,96
2024-09-16 11:24:14.550000,417.5929794550258,997
2024-09-16 11:24:14.553000,417.58549398338033,5
2024-09-16 11:24:14.738000,417.5655786175186,6
2024-09-16 11:24:14.829000,417.5431644711282,1003
2024-09-16 11:24:14.919000,417.5824096337621,10
2024-09-16 11:24:14.921000,417.6119655372908,1005
2024-09-16 11:24:14.953000,417.5630990299353,13
2024-09-16 11:24:14.957000,417.55752239258703,97
2024-09-16 11:24:14.964000,417.57677214645776,97
2024-09-16 11:24:15.133000,417.5739344363892,96
2024-09-16 11:24:15.476000,417.57427302196095,1005
2024-09-16 11:24:15.758000,417.5859550474698,1003
2024-09-16 11:24:15.866000,417.5730940585268,997
2024-09-16 11:24:15.999000,417.5811474743382,996
2024-09-16 11:24:16.030000,417.55456711512346,10
2024-09-16 11:24:16.053000,417.4910339559653,997
2024-09-16 11:24:16.073000,417.5157940005676,104
2024-09-16 11:24:16.081000,417.54283763588126,97
2024-09-16 11:24:16.114000,417.54152219687336,105
2024-09-16 11:24:16.115000,417.5591045691041,995
2024-09-16 11:24:16.176000,417.5273772928157,997
2024-09-16 11:24:16.193000,417.5494322933972,97
2024-09-16 11:24:16.304000,417.5211226442607,10
2024-09-16 11:24:16.360000,417.5647993441366,999
2024-09-16 11:24:16.465000,417.5347824141076,9
2024-09-16 11:24:16.466000,417.5711434437852,1005
2024-09-16 11:24:16.504000,417.5293940126192,1003
2024-09-16 11:24:16.528000,417.5520175540772,12
2024-09-16 11:24:16.560000,417.5470206901516,13
2024-09-16 11:24:16.656000,417.5683322456053,8
2024-09-16 11:24:16.684000,417.5056961061901,6
2024-09-16 11:24:16.703000,417.5387031797303,12
2024-09-16 11:24:16.719000,417.5446671542911,102
2024-09-16 11:24:16.752000,417.5130448624369,999
2024-09-16 11:24:16.794000,417.5417957398635,99
2024-09-16 11:24:16.801000,417.5146660687876,95
2024-09-16 11:24:16.803000,417.5364009142159,1002
2024-09-16 11:24:16.813000,417.5100530012943,995
2024-09-16 11:24:16.898000,417.5215361536461,9
2024-09-16 11:24:16.945000,417.56847293594166,996
2024-09-16 11:24:16.976000,417.55659583618393,99
2024-09-16 11:24:16.980000,417.55006981218736,97
2024-09-16 11:24:17.001000,417.5044789201925,11
2024-09-16 11:24:17.069000,417.52296472966935,999
2024-09-16 11:24:17.175000,417.5434788957352,7
2024-09-16 11:24:17.186000,417.556965381603,6
2024-09-16 11:24:17.197000,417.5506520570198,99
2024-09-16 11:24:17.202000,417.5571202843301,999
2024-09-16 11:24:17.211000,417.51257373446026,7
2024-09-16 11:24:17.219000,417.5468899611079,1000
2024-09-16 11:24:17.240000,417.5301161970312,7
2024-09-16 11:24:17.300000,417.5437943269993,99
2024-09-16 11:24:17.337000,417.5431825288296,14
2024-09-16 11:24:17.361000,417.531868330604,998
2024-09-16 11:24:17.521000,417.5225997566285,99
2024-09-16 11:24:17.565000,417.5456898296823,1002
2024-09-16 11:24:17.578000,417.53065251420384,97
2024-09-16 11:24:17.582000,417.5518317538056,996
2024-09-16 11:24:17.611000,417.5190663986725,13
2024-09-16 11:24:17.632000,417.5209214878812,95
2024-09-16 11:24:17.658000,417.53932480410697,7
2024-09-16 11:24:17.713000,417.5203778688364,1005
2024-09-16 11:24:17.799000,417.5439369468139,96
2024-09-16 11:24:17.866000,417.5356171742128,8
2024-09-16 11:24:17.933000,417.5183257452518,105
2024-09-16 11:24:18.050000,417.50236344766745,100
2024-09-16 11:24:18.084000,417.53496651605735,1001
2024-09-16 11:24:18.130000,417.5493494652387,5
2024-09-16 11:24:18.150000,417.5297899029983,105
2024-09-16 11:24:18.170000,417.5132526850277,15
2024-09-16 11:24:18.171000,417.5385618483941,12
2024-09-16 11:24:18.178000,417.515171660713,96
2024-09-16 11:24:18.272000,417.5143677255929,995
2024-09-16 11:24:18.330000,417.5303093260082,9
2024-09-16 11:24:18.399000,417.5130607597241,102
2024-09-16 11:24:18.452000,417.5526545852789,999
2024-09-16 11:24:18.467000,417.52606975647217,7
2024-09-16 11:24:18.480000,417.508860044197,105
2024-09-16 11:24:18.482000,417.49379958140855,999
2024-09-16 11:24:18.494000,417.4992456725423,98
2024-09-16 11:24:18.495000,417.5159743294488,102
2024-09-16 11:24:18.560000,417.5196085030005,97
2024-09-16 11:24:18.563000,417.52629712329895,13
2024-09-16 11:24:18.605000,417.4712143572201,103
2024-09-16 11:24:18.633000,417.5085973875256,15
2024-09-16 11:24:18.664000,417.4806785366771,997
2024-09-16 11:24:18.710000,417.5509878153939,7
2024-09-16 11:24:18.776000,417.52306677137057,97
2024-09-16 11:24:18.786000,417.513348355766,8
2024-09-16 11:24:18.802000,417.50964624504326,996
2024-09-16 11:24:18.824000,417.5029504468007,97
2024-09-16 11:24:18.847000,417.534003597254,97
2024-09-16 11:24:18.932000,417.52118010469377,999
2024-09-16 11:24:18.988000,417.49783614318096,5
2024-09-16 11:24:19.016000,417.5194102129336,8
2024-09-16 11:24:19.029000,417.5274855422299,13
2024-09-16 11:24:19.052000,417.51113681635735,96
2024-09-16 11:24:19.120000,417.5290651978536,12
2024-09-16 11:24:19.173000,417.5092771613025,100
2024-09-16 11:24:19.237000,417.5196457461873,97
2024-09-16 11:24:19.269000,417.5069131355373,10
2024-09-16 11:24:19.271000,417.5057808240679,15
2024-09-16 11:24:19.283000,417.524537107727,995
2024-09-16 11:24:19.294000,417.51844730094666,1005
2024-09-16 11:24:19.306000,417.5103784944585,103
2024-09-16 11:24:19.395000,417.52200757612417,100
2024-09-16 11:24:19.402000,417.5181405130255,1004
2024-09-16 11:24:19.406000,417.5164389459119,98
2024-09-16 11:24:19.519000,417.5218225122635,98
2024-09-16 11:24:19.562000,417.5203308929469,96
2024-09-16 11:24:19.582000,417.5105116067748,99
2024-09-16 11:24:19.769000,417.519663674907,1003
2024-09-16 11:24:19.791000,417.5095807234537,12
2024-09-16 11:24:19.829000,417.5034448726871,1005
2024-09-16 11:24:19.909000,417.52357048648366,11
2024-09-16 11:24:19.933000,417.5159275172709,8
2024-09-16 11:24:19.978000,417.5053614033645,9
2024-09-16 11:24:20.052000,417.5159127477465,996
2024-09-16 11:24:20.064000,417.48930946221424,1000
2024-09-16 11:24:20.187000,417.4990566588272,12
2024-09-16 11:24:20.235000,417.4433941698848,9
2024-09-16 11:24:20.237000,417.49745029179405,14
2024-09-16 11:24:20.286000,417.4551562734289,96
2024-09-16 11:24:20.317000,417.5013434593049,9
2024-09-16 11:24:20.358000,417.5013031961764,98
2024-09-16 11:24:20.412000,417.50474115388494,1002
2024-09-16 11:24:20.457000,417.48008100245926,98
2024-09-16 11:24:20.481000,417.4582844689667,104
2024-09-16 11:24:20.645000,417.4529131041897,14
2024-09-16 11:24:20.650000,417.4853050386318,1004
2024-09-16 11:24:20.741000,417.4550423980165,996
2024-09-16 11:24:20.805000,417.49965309405735,12
2024-09-16 11:24:20.816000,417.500402418836,11
2024-09-16 11:24:20.839000,417.474608564535,96
2024-09-16 11:24:20.845000,417.4567170729719,104
2024-09-16 11:24:20.847000,417.46302611296346,103
2024-09-16 11:24:20.862000,417.4562051390999,101
2024-09-16 11:24:20.934000,417.50547254746834,995
2024-09-16 11:24:21.107000,417.3743320462738,1005
2024-09-16 11:24:21.108000,417.3580042338555,105
2024-09-16 11:24:21.108000,417.4586907354387,1005
2024-09-16 11:24:21.168000,417.3931496691729,1003
2024-09-16 11:24:21.249000,417.4276459373726,12
2024-09-16 11:24:21.297000,417.396903820719,1000
2024-09-16 11:24:21.371000,417.44173649059024,5
2024-09-16 11:24:21.378000,417.3929149821678,9
2024-09-16 11:24:21.425000,417.3807905566449,97
2024-09-16 11:24:21.427000,417.3760317353102,8
2024-09-16 11:24:21.434000,417.45195164911286,10
2024-09-16 11:24:21.581000,417.35322564373735,1002
2024-09-16 11:24:21.588000,417.3538421894728,1004
2024-09-16 11:24:21.653000,417.4352846004426,5
2024-09-16 11:24:21.722000,417.3561065376612,10
2024-09-16 11:24:21.783000,417.4079771237495,100
2024-09-16 11:24:21.789000,417.40030487973735,1000
2024-09-16 11:24:21.847000,417.3442755885673,1004
2024-09-16 11:24:21.851000,417.42282322188095,14
2024-09-16 11:24:21.955000,417.355302597115,97
2024-09-16 11:24:21.989000,417.3949346361306,998
2024-09-16 11:24:22.223000,417.35818345901146,9
2024-09-16 11:24:23.007000,417.3168865668213,96
2024-09-16 11:24:23.099000,417.3176858443188,100
2024-09-16 11:24:23.113000,417.3120131908608,95
2024-09-16 11:24:23.131000,417.3088563339613,100
2024-09-16 11:24:23.200000,417.3036350077574,999
2024-09-16 11:24:23.306000,417.3170519683757,1002
2024-09-16 11:24:23.318000,417.2960294661093,104
2024-09-16 11:24:23.373000,417.32970764502,999
2024-09-16 11:24:23.405000,417.34363309673967,1000
2024-09-16 11:24:23.420000,417.3190090722078,1003
2024-09-16 11:24:23.433000,417.293138937991,9
2024-09-16 11:24:23.504000,417.317164044481,101
2024-09-16 11:24:23.508000,417.3339884473377,7
2024-09-16 11:24:23.532000,417.3293434261325,105
2024-09-16 11:24:23.587000,417.32910801672176,15
2024-09-16 11:24:23.615000,417.3478439151615,10
2024-09-16 11:24:23.658000,417.2972394180665,95
2024-09-16 11:24:23.665000,417.3070929784928,9
2024-09-16 11:24:23.686000,417.32942439661633,101
2024-09-16 11:24:23.686000,417.3333656377928,1005
2024-09-16 11:24:23.721000,417.2966332135106,101
2024-09-16 11:24:23.729000,417.333476537872,7
2024-09-16 11:24:23.766000,417.3236249025791,13
2024-09-16 11:24:23.845000,417.316483835743,6
2024-09-16 11:24:23.887000,417.3079762284499,100
2024-09-16 11:24:23.925000,417.3291707574473,1004
2024-09-16 11:24:23.953000,417.35282958428354,1001
2024-09-16 11:24:23.981000,417.332539803962,97
2024-09-16 11:24:23.986000,417.3134694345188,996
2024-09-16 11:24:24.025000,417.334557287576,14
2024-09-16 11:24:24.102000,417.3021516358615,996
2024-09-16 11:24:24.119000,417.2918485865873,5
2024-09-16 11:24:24.248000,417.3167295822549,11
2024-09-16 11:24:24.287000,417.3326060744938,97
2024-09-16 11:24:24.344000,417.3355531939741,13
2024-09-16 11:24:24.462000,417.3237228233276,8
2024-09-16 11:24:24.463000,417.32148362343554,995
2024-09-16 11:24:24.514000,417.3338389941137,1002
2024-09-16 11:24:24.541000,417.3290384636345,9
2024-09-16 11:24:24.620000,417.322445059641,15
2024-09-16 11:24:24.643000,417.3316857349893,14
2024-09-16 11:24:24.649000,417.326727988217,11
2024-09-16 11:24:24.679000,417.3177223152907,98
2024-09-16 11:24:24.704000,417.3233569829415,102
2024-09-16 11:24:24.730000,417.3131662688417,95
2024-09-16 11:24:24.828000,417.3227964784904,105
2024-09-16 11:24:24.873000,417.31153286360967,996
2024-09-16 11:24:24.916000,417.30362409837136,9
2024-09-16 11:24:24.924000,417.3388588603151,12
2024-09-16 11:24:24.932000,417.2948507389177,105
2024-09-16 11:24:24.959000,417.3184399880634,1002
2024-09-16 11:24:25.020000,417.30402122572434,14
2024-09-16 11:24:25.216000,417.3318165940165,102
2024-09-16 11:24:25.322000,417.3100025595694,9
2024-09-16 11:24:25.348000,417.33385508698274,99
2024-09-16 11:24:25.567000,417.3360973865015,14
2024-09-16 11:24:25.716000,417.3038518997852,13
2024-09-16 11:24:25.817000,417.31758245917206,96
2024-09-16 11:24:25.911000,417.30901454704286,8
2024-09-16 11:24:25.922000,417.3402914153708,7
2024-09-16 11:24:25.938000,417.3147841740713,997
2024-09-16 11:24:26.026000,417.426011808652,95
2024-09-16 11:24:26.097000,417.4168351344581,5
2024-09-16 11:24:26.100000,417.3948017243009,1000
2024-09-16 11:24:26.187000,417.39930067746695,999
2024-09-16 11:24:26.193000,417.41833981170106,5
2024-09-16 11:24:26.194000,417.3339434215656,1002
2024-09-16 11:24:26.203000,417.4424791997427,104
2024-09-16 11:24:26.210000,417.4026602387964,99
2024-09-16 11:24:26.231000,417.41548921334055,1001
2024-09-16 11:24:26.260000,417.4321050553336,101
2024-09-16 11:24:26.275000,417.4003115839069,997
2024-09-16 11:24:26.324000,417.387932712442,99
2024-09-16 11:24:26.385000,417.4209092846463,10
2024-09-16 11:24:26.417000,417.4039306473176,5
2024-09-16 11:24:26.457000,417.4099742501351,12
2024-09-16 11:24:26.495000,417.4047202103519,1001
2024-09-16 11:24:26.534000,417.3904496772866,995
2024-09-16 11:24:26.624000,417.3719732660118,5
2024-09-16 11:24:26.649000,417.425939794416,1001
2024-09-16 11:24:26.677000,417.3912250877655,105
2024-09-16 11:24:26.688000,417.3963987259597,101
2024-09-16 11:24:26.717000,417.3750859328461,995
2024-09-16 11:24:26.729000,417.4284343273421,6
2024-09-16 11:24:26.759000,417.415335884394,1000
2024-09-16 11:24:26.813000,417.3645715291095,999
2024-09-16 11:24:26.922000,417.3872756616788,995
2024-09-16 11:24:26.981000,417.3642521476443,996
2024-09-16 11:24:27.033000,417.38661092525246,999
2024-09-16 11:24:27.057000,417.39215536774384,15
2024-09-16 11:24:27.094000,417.38298969112674,6
2024-09-16 11:24:27.144000,417.3703461234652,105
2024-09-16 11:24:27.160000,417.4136418735248,15
2024-09-16 11:24:27.253000,417.43489820377295,98
2024-09-16 11:24:27.309000,417.3830294478836,100
2024-09-16 11:24:27.380000,417.4196800520468,1003
2024-09-16 11:24:27.482000,417.3851931362771,97
2024-09-16 11:24:27.499000,417.421292175152,14
2024-09-16 11:24:27.533000,417.4174021059261,995
2024-09-16 11:24:27.686000,417.4435754769252,102
2024-09-16 11:24:27.725000,417.3990684813738,97
2024-09-16 11:24:28.005000,417.4290666558084,101
2024-09-16 11:24:28.033000,417.4218021287917,101
2024-09-16 11:24:28.068000,417.4488135795924,997
2024-09-16 11:24:28.074000,417.44059603933147,12
2024-09-16 11:24:28.167000,417.4227847704836,96
2024-09-16 11:24:28.181000,417.4033640016981,998
2024-09-16 11:24:28.188000,417.39508779243175,101
2024-09-16 11:24:28.202000,417.4154354014892,105
2024-09-16 11:24:28.259000,417.425432210249,105
2024-09-16 11:24:28.291000,417.4295038100237,10
2024-09-16 11:24:28.325000,417.4520747781367,1005
2024-09-16 11:24:28.348000,417.4500745866848,101
2024-09-16 11:24:28.351000,417.4387368643722,6
2024-09-16 11:24:28.379000,417.39617307699,11
2024-09-16 11:24:28.386000,417.4250801212796,1004
2024-09-16 11:24:28.414000,417.44232713948446,998
2024-09-16 11:24:28.423000,417.4637610169116,98
2024-09-16 11:24:28.494000,417.44349619181486,998
2024-09-16 11:24:28.550000,417.4345612624933,12
2024-09-16 11:24:28.578000,417.4271994060486,998
2024-09-16 11:24:28.583000,417.4240758601066,97
2024-09-16 11:24:28.608000,417.458247481531,104
2024-09-16 11:24:28.653000,417.44501180280497,5
2024-09-16 11:24:28.668000,417.3854250127897,98
2024-09-16 11:24:28.689000,417.4164488916295,105
2024-09-16 11:24:28.783000,417.4142455064329,13
2024-09-16 11:24:28.893000,417.460369931698,99
2024-09-16 11:24:28.912000,417.4179260957948,1004
2024-09-16 11:24:29.286000,417.3748778588724,998
2024-09-16 11:24:29.616000,417.35456648864914,103
2024-09-16 11:24:29.679000,417.378383707955,8
2024-09-16 11:24:29.837000,417.37506638458046,1001
2024-09-16 11:24:30.219000,417.3909412391167,1003
2024-09-16 11:24:30.298000,417.37198517818575,9
2024-09-16 11:24:30.542000,417.37938170503696,997
2024-09-16 11:24:30.599000,417.3915017570504,1001
2024-09-16 11:24:30.781000,417.3901999762679,997
2024-09-16 11:24:31.025000,417.3708859754892,995
2024-09-16 11:24:31.313000,417.3138787297326,998
2024-09-16 11:24:31.362000,417.3397789897491,99
2024-09-16 11:24:31.576000,417.3476958599701,100
2024-09-16 11:24:31.649000,417.3325121475805,14
2024-09-16 11:24:31.791000,417.3573859121526,101
2024-09-16 11:24:31.967000,417.359253066916,1001
2024-09-16 11:24:31.991000,417.3246584627007,99
2024-09-16 11:24:32.062000,417.3663068860935,11
2024-09-16 11:24:32.381000,417.3406980507768,104
2024-09-16 11:24:32.391000,417.365209260978,14
2024-09-16 11:24:32.435000,417.3673295902183,12
2024-09-16 11:24:32.753000,417.34112129765606,1000
2024-09-16 11:24:32.786000,417.37872378262045,100
2024-09-16 11:24:32.843000,417.37945896130645,998
2024-09-16 11:24:33.097000,417.3267751004693,100
2024-09-16 11:24:33.113000,417.336758026571,1003
2024-09-16 11:24:33.141000,417.26373924789647,5
2024-09-16 11:24:33.172000,417.3307756500493,998
2024-09-16 11:24:33.308000,417.3099058995864,96
2024-09-16 11:24:33.424000,417.33667400277335,97
2024-09-16 11:24:33.429000,417.3381610261193,996
2024-09-16 11:24:33.462000,417.357796029388,995
2024-09-16 11:24:33.522000,417.3300225166096,97
2024-09-16 11:24:33.667000,417.27493547485193,14
2024-09-16 11:24:33.740000,417.3355226099064,1002
2024-09-16 11:24:33.784000,417.2942151254223,1002
2024-09-16 11:24:34.007000,417.2025324293568,15
2024-09-16 11:24:34.022000,417.2091897234088,1002
2024-09-16 11:24:34.037000,417.2169902672322,9
2024-09-16 11:24:34.070000,417.21183294948855,9
2024-09-16 11:24:34.117000,417.1680362722519,5
2024-09-16 11:24:34.124000,417.1411648481485,997
2024-09-16 11:24:34.163000,417.15420443827736,1002
2024-09-16 11:24:34.218000,417.1863503780867,9
2024-09-16 11:24:34.324000,417.1923665131391,8
2024-09-16 11:24:34.340000,417.2447585204101,999
2024-09-16 11:24:34.344000,417.1726971389578,105
2024-09-16 11:24:34.411000,417.16371268996807,11
2024-09-16 11:24:34.438000,417.2104655884893,1002
2024-09-16 11:24:34.450000,417.159716770214,103
2024-09-16 11:24:34.555000,417.2635108835014,997
2024-09-16 11:24:34.687000,417.1514065220165,11
2024-09-16 11:24:34.760000,417.1615495920415,1000
2024-09-16 11:24:34.791000,417.25858251648793,101
2024-09-16 11:24:34.799000,417.17222613565104,996
2024-09-16 11:24:34.860000,417.1545811311296,6
2024-09-16 11:24:34.916000,417.1846429949966,1005
2024-09-16 11:24:34.943000,417.1952952232568,1000
2024-09-16 11:24:34.991000,417.1753657736555,8
2024-09-16 11:24:35.159000,417.1515642207103,9
2024-09-16 11:24:35.920000,417.15722450635707,997
2024-09-16 11:24:36.016000,417.14357585610657,1003
2024-09-16 11:24:36.211000,417.1296475408584,1001
2024-09-16 11:24:36.212000,417.12425064153,99
2024-09-16 11:24:36.425000,417.1230806596682,97
2024-09-16 11:24:36.449000,417.1088318805128,10
2024-09-16 11:24:36.738000,417.1430170811284,103
2024-09-16 11:24:36.792000,417.122179037432,95
2024-09-16 11:24:36.835000,417.1392428943018,96
2024-09-16 11:24:36.848000,417.1320584526436,97
2024-09-16 11:24:36.879000,417.1273167982674,1001
2024-09-16 11:24:37.014000,417.2073603702334,95
2024-09-16 11:24:37.076000,417.1449248601692,995
2024-09-16 11:24:37.242000,417.2039349273595,1001
2024-09-16 11:24:37.289000,417.1527133835128,1002
2024-09-16 11:24:37.311000,417.19797675872496,1004
2024-09-16 11:24:37.354000,417.183260470959,1001
2024-09-16 11:24:37.427000,417.1376942034892,8
2024-09-16 11:24:37.500000,417.2046897327172,15
2024-09-16 11:24:37.516000,417.2144882455981,999
2024-09-16 11:24:37.780000,417.12604740105166,96
2024-09-16 11:24:37.951000,417.2135718677997,13
2024-09-16 11:24:37.959000,417.1519647664377,995
2024-09-16 11:24:37.963000,417.14937440717017,14
2024-09-16 11:24:37.986000,417.1874445060607,102
2024-09-16 11:24:38.057000,417.2664150248613,102
2024-09-16 11:24:38.079000,417.247050628593,1003
2024-09-16 11:24:38.084000,417.260084419582,6
2024-09-16 11:24:38.114000,417.1976217087075,1003
2024-09-16 11:24:38.178000,417.1885512249623,995
2024-09-16 11:24:38.213000,417.2527653787839,12
2024-09-16 11:24:38.231000,417.2112717254795,1003
2024-09-16 11:24:38.246000,417.1857638059586,7
2024-09-16 11:24:38.265000,417.2168443790348,1004
2024-09-16 11:24:38.265000,417.2427644490171,1005
2024-09-16 11:24:38.276000,417.273180949948,7
2024-09-16 11:24:38.407000,417.2592053500193,995
2024-09-16 11:24:38.552000,417.2539320989532,1003
2024-09-16 11:24:38.564000,417.2434641094857,11
2024-09-16 11:24:38.570000,417.2167066378171,95
2024-09-16 11:24:38.604000,417.2006933449784,100
2024-09-16 11:24:38.668000,417.239690589511,101
2024-09-16 11:24:38.668000,417.21151824212177,103
2024-09-16 11:24:38.701000,417.1986696343938,1004
2024-09-16 11:24:38.702000,417.2708009934922,105
2024-09-16 11:24:38.763000,417.1979173142455,998
2024-09-16 11:24:38.801000,417.2672398964463,1004
2024-09-16 11:24:38.835000,417.2563854875116,1002
2024-09-16 11:24:38.862000,417.2399697070971,1000
2024-09-16 11:24:38.922000,417.2505074462528,15
2024-09-16 11:24:38.950000,417.2340437874976,103
2024-09-16 11:24:38.959000,417.2530000880632,95
2024-09-16 11:24:39.028000,417.1510314895184,103
2024-09-16 11:24:39.044000,417.1841795755717,98
2024-09-16 11:24:39.064000,417.183382928429,995
2024-09-16 11:24:39.085000,417.1030847937789,14
2024-09-16 11:24:39.092000,417.16390306987785,9
2024-09-16 11:24:39.167000,417.17922426245,6
2024-09-16 11:24:39.170000,417.0906611034832,95
2024-09-16 11:24:39.208000,417.1455061563898,1001
2024-09-16 11:24:39.233000,417.1116815407087,1004
2024-09-16 11:24:39.234000,417.0992556287327,14
2024-09-16 11:24:39.381000,417.1450945847015,1000
2024-09-16 11:24:39.411000,417.18725669196687,1003
2024-09-16 11:24:39.412000,417.1098657964325,1001
2024-09-16 11:24:39.415000,417.168070615235,5
2024-09-16 11:24:39.540000,417.1504618721228,11
2024-09-16 11:24:39.610000,417.2079265377161,1004
2024-09-16 11:24:39.648000,417.1690917001536,1005
2024-09-16 11:24:39.671000,417.1074663365212,7
2024-09-16 11:24:39.705000,417.1730883237638,8
2024-09-16 11:24:39.732000,417.157416152,11
2024-09-16 11:24:39.787000,417.1789193989937,1001
2024-09-16 11:24:39.854000,417.064796176637,1003
2024-09-16 11:24:39.895000,417.1891072630143,998
2024-09-16 11:24:39.899000,417.1849489016452,9
2024-09-16 11:24:39.899000,417.1727324994968,105
2024-09-16 11:24:39.952000,417.1855098087765,6
2024-09-16 11:24:39.952000,417.17637767429545,997
2024-09-16 11:24:39.989000,417.1195735842592,96
2024-09-16 11:24:40.005000,417.0703329324445,997
2024-09-16 11:24:40.150000,417.03606898366166,99
2024-09-16 11:24:40.243000,417.0622647000309,999
2024-09-16 11:24:40.270000,417.0358653879508,997
2024-09-16 11:24:40.288000,417.06255541030447,104
2024-09-16 11:24:40.335000,417.0405536981571,1004
2024-09-16 11:24:40.423000,417.0330863923466,8
2024-09-16 11:24:40.440000,417.0338807052193,1002
2024-09-16 11:24:40.462000,417.0404183408853,1000
2024-09-16 11:24:40.544000,417.0440042767374,1001
2024-09-16 11:24:40.588000,417.0617578362122,1001
2024-09-16 11:24:40.600000,417.0178257420767,996
2024-09-16 11:24:40.625000,417.04635724748266,1005
2024-09-16 11:24:40.654000,417.0701458506255,999
2024-09-16 11:24:40.664000,417.0474728480892,999
2024-09-16 11:24:40.760000,417.0251350947639,999
2024-09-16 11:24:40.776000,417.05773917527296,97
2024-09-16 11:24:40.819000,417.04146190599215,99
2024-09-16 11:24:40.892000,417.030636049855,101
2024-09-16 11:24:41.008000,417.0164528633029,101
2024-09-16 11:24:41.061000,417.0064351783458,1001
2024-09-16 11:24:41.255000,417.0272255045922,997
2024-09-16 11:24:41.282000,417.0238340836774,14
2024-09-16 11:24:41.311000,417.0202217106393,9
2024-09-16 11:24:41.345000,417.0344979566796,999
2024-09-16 11:24:41.473000,417.022896760018,5
2024-09-16 11:24:41.491000,417.0124841913875,13
2024-09-16 11:24:41.609000,417.0146590600071,10
2024-09-16 11:24:41.609000,417.0057128617781,11
2024-09-16 11:24:41.688000,417.00496455821934,103
2024-09-16 11:24:41.692000,417.0335030204482,997
2024-09-16 11:24:41.740000,417.0056108761349,13
2024-09-16 11:24:41.804000,417.0101786563618,7
2024-09-16 11:24:41.820000,417.0148782433568,15
2024-09-16 11:24:41.842000,417.0137369589258,12
2024-09-16 11:24:43.177000,417.0266779040403,7
2024-09-16 11:24:43.192000,417.0604792512263,15
2024-09-16 11:24:43.244000,417.0218131315878,101
2024-09-16 11:24:43.244000,417.0624285767748,104
2024-09-16 11:24:43.292000,417.0442517091993,1000
2024-09-16 11:24:43.295000,417.0056282926866,995
2024-09-16 11:24:43.296000,417.0642322370895,100
2024-09-16 11:24:43.330000,417.037571439786,5
2024-09-16 11:24:43.380000,417.04687189412914,96
2024-09-16 11:24:43.418000,417.0452769338383,995
2024-09-16 11:24:43.424000,417.023551272976,12
2024-09-16 11:24:43.476000,417.0457778279819,101
2024-09-16 11:24:43.483000,417.0442572173556,1005
2024-09-16 11:24:43.546000,417.046199923394,1000
2024-09-16 11:24:43.558000,417.0485426447029,101
2024-09-16 11:24:43.599000,417.0463192483065,995
2024-09-16 11:24:43.672000,417.055736265269,1005
2024-09-16 11:24:43.722000,417.0401896741408,102
2024-09-16 11:24:43.887000,417.0312784068187,12
2024-09-16 11:24:43.962000,417.0289583282227,99
2024-09-16 11:24:43.969000,417.06283885772433,996
2024-09-16 11:24:44.066000,417.001302868076,995
2024-09-16 11:24:44.074000,417.0140551802616,995
2024-09-16 11:24:44.116000,417.000124603566,96
2024-09-16 11:24:44.132000,417.0460277171,15
2024-09-16 11:24:44.253000,417.0147782072592,13
2024-09-16 11:24:44.257000,417.0142827517513,1003
2024-09-16 11:24:44.296000,417.00418032848745,102
2024-09-16 11:24:44.320000,417.0045612674477,15
2024-09-16 11:24:44.329000,417.0336873613179,995
2024-09-16 11:24:44.331000,417.0006875049252,102
2024-09-16 11:24:44.367000,417.00975737297045,7
2024-09-16 11:24:44.453000,416.9999719065293,8
2024-09-16 11:24:44.473000,417.0395396892149,5
2024-09-16 11:24:44.488000,417.0491360644423,98
2024-09-16 11:24:44.568000,417.0405283978589,11
2024-09-16 11:24:44.574000,417.0515601735494,95
2024-09-16 11:24:44.669000,416.99446554826096,1000
2024-09-16 11:24:44.715000,417.0273372194004,996
2024-09-16 11:24:44.762000,417.03900796819215,998
2024-09-16 11:24:44.764000,417.0311184545424,104
2024-09-16 11:24:44.805000,417.0096915111836,105
2024-09-16 11:24:44.820000,417.0294729101244,5
2024-09-16 11:24:44.822000,417.01045230602,6
2024-09-16 11:24:44.846000,417.0396993920581,995
2024-09-16 11:24:44.884000,417.0364719711028,12
2024-09-16 11:24:44.906000,417.017489512016,1003
2024-09-16 11:24:44.944000,417.0376816747167,1000
2024-09-16 11:24:44.960000,417.0080322636934,7
2024-09-16 11:24:45.155000,417.0280310602582,103
2024-09-16 11:24:45.197000,416.9936603259324,96
2024-09-16 11:24:45.221000,417.0002458302967,104
2024-09-16 11:24:45.320000,417.0132591685994,1002
2024-09-16 11:24:45.382000,417.0307188263067,12
2024-09-16 11:24:45.393000,416.9736481109472,102
2024-09-16 11:24:45.423000,417.0193214055983,997
2024-09-16 11:24:45.442000,417.0288999830215,998
2024-09-16 11:24:45.464000,417.00434447139406,11
2024-09-16 11:24:45.493000,417.0039239673313,12
2024-09-16 11:24:45.500000,417.01483562466495,8
2024-09-16 11:24:45.532000,417.0057618455011,105
2024-09-16 11:24:45.542000,417.0328160143294,13
2024-09-16 11:24:45.544000,416.9842469487329,14
2024-09-16 11:24:45.621000,417.0045181827238,995
2024-09-16 11:24:45.638000,417.0132961085292,14
2024-09-16 11:24:45.643000,417.0061322175627,10
2024-09-16 11:24:45.655000,417.01819740565935,12
2024-09-16 11:24:45.659000,416.9861369579389,101
2024-09-16 11:24:45.660000,417.0223333695892,98
2024-09-16 11:24:45.777000,417.0346188611972,7
2024-09-16 11:24:45.831000,416.9967769674735,997
2024-09-16 11:24:45.893000,417.0196724276848,95
2024-09-16 11:24:45.904000,417.0171414750981,95
2024-09-16 11:24:45.936000,417.0146603249023,10
2024-09-16 11:24:45.958000,416.99866054034976,100
2024-09-16 11:24:45.987000,417.0311108045889,5
2024-09-16 11:24:45.997000,417.0192957582132,997
2024-09-16 11:24:46.002000,416.9400508973874,99
2024-09-16 11:24:46.085000,416.95287775229633,1000
2024-09-16 11:24:46.150000,416.9475831808505,998
2024-09-16 11:24:46.265000,416.96228247076647,1000
2024-09-16 11:24:46.465000,416.94488793809455,1005
2024-09-16 11:24:46.560000,416.9746835163298,13
2024-09-16 11:24:46.658000,416.9623170903856,1004
2024-09-16 11:24:46.722000,416.9519567519952,10
2024-09-16 11:24:46.774000,417.000943586273,5
2024-09-16 11:24:47.054000,416.9119157018339,10
2024-09-16 11:24:47.067000,416.9590123727487,998
2024-09-16 11:24:47.147000,416.9297608011855,1001
2024-09-16 11:24:47.210000,416.9725481873912,6
2024-09-16 11:24:47.216000,416.9269657540884,7
2024-09-16 11:24:47.236000,416.90835415113867,9
2024-09-16 11:24:47.332000,416.946087027772,1005
2024-09-16 11:24:47.345000,416.8979118144035,13
2024-09-16 11:24:47.391000,416.8976467302202,1004
2024-09-16 11:24:47.403000,416.9354112117868,10
2024-09-16 11:24:47.530000,416.93090584293566,9
2024-09-16 11:24:47.534000,416.88825967164775,1004
2024-09-16 11:24:47.538000,416.93155321605815,95
2024-09-16 11:24:47.553000,416.9516996376521,99
2024-09-16 11:24:47.562000,416.9714850932133,12
2024-09-16 11:24:47.599000,416.952754120518,97
2024-09-16 11:24:47.653000,416.9014571525215,105
2024-09-16 11:24:47.666000,416.9542751475962,14
2024-09-16 11:24:47.704000,416.903028247998,1005
2024-09-16 11:24:47.899000,416.9070003908223,104
2024-09-16 11:24:47.906000,416.9690664087023,998
2024-09-16 11:24:47.911000,416.9677371817709,1005
2024-09-16 11:24:47.912000,416.9291671757815,14
2024-09-16 11:24:47.974000,416.9189387324484,996
2024-09-16 11:24:48.097000,416.9326140194693,105
2024-09-16 11:24:48.115000,416.9068362643764,1001
2024-09-16 11:24:48.149000,416.93669738890617,998
2024-09-16 11:24:48.222000,416.9243158705983,1002
2024-09-16 11:24:48.225000,416.9166515165248,103
2024-09-16 11:24:48.315000,416.94423203115576,1002
2024-09-16 11:24:48.331000,416.9287683059648,101
2024-09-16 11:24:48.389000,416.9304321990904,8
2024-09-16 11:24:48.397000,416.9500556098017,97
2024-09-16 11:24:48.405000,416.94370863609663,11
2024-09-16 11:24:48.503000,416.9166116660517,10
2024-09-16 11:24:48.676000,416.9157293486758,1001
2024-09-16 11:24:48.685000,416.9338441826792,1005
2024-09-16 11:24:48.697000,416.9468601558751,1003
2024-09-16 11:24:48.703000,416.9161009543933,1004
2024-09-16 11:24:48.735000,416.9006563773421,996
2024-09-16 11:24:48.774000,416.9133229984639,13
2024-09-16 11:24:48.817000,416.9262050136009,12
2024-09-16 11:24:48.843000,416.9365672819856,1000
2024-09-16 11:24:48.892000,416.95631353284296,14
2024-09-16 11:24:48.892000,416.9288370484111,12
2024-09-16 11:24:48.953000,416.9368758824383,101
2024-09-16 11:24:49.016000,416.9056618622146,103
2024-09-16 11:24:49.029000,416.9124985767881,1002
2024-09-16 11:24:49.092000,416.9056293840468,96
2024-09-16 11:24:49.163000,416.9056369367707,1004
2024-09-16 11:24:49.329000,416.9083050295008,998
2024-09-16 11:24:49.370000,416.9237667698272,13
2024-09-16 11:24:49.402000,416.8972492270784,102
2024-09-16 11:24:49.410000,416.90214859005766,98
2024-09-16 11:24:49.652000,416.9007832161372,102
2024-09-16 11:24:50.202000,416.94165714820736,9
2024-09-16 11:24:50.218000,416.92733955309626,97
2024-09-16 11:24:50.302000,416.8897980866741,7
2024-09-16 11:24:50.377000,416.947542311,7
2024-09-16 11:24:50.437000,416.9385455300962,15
2024-09-16 11:24:50.481000,416.8655012347768,103
2024-09-16 11:24:50.532000,416.9396800190892,104
2024-09-16 11:24:50.572000,416.8649920177439,5
2024-09-16 11:24:50.595000,416.9427641489922,9
2024-09-16 11:24:50.613000,416.9404910300016,995
2024-09-16 11:24:50.652000,416.9518572536402,1003
2024-09-16 11:24:50.709000,416.887583012121,1004
2024-09-16 11:24:50.797000,416.8830051148002,102
2024-09-16 11:24:50.814000,416.93530189954384,1004
2024-09-16 11:24:50.853000,416.8798658106708,995
2024-09-16 11:24:50.898000,416.91403075671127,999
2024-09-16 11:24:50.924000,416.9235795737791,1000
2024-09-16 11:24:50.934000,416.87079364579125,103
2024-09-16 11:24:50.941000,416.9440544419245,8
2024-09-16 11:24:51.065000,416.93672566069415,15
2024-09-16 11:24:51.112000,416.9441726245119,95
2024-09-16 11:24:51.145000,416.9712187339708,1004
2024-09-16 11:24:51.147000,416.9649039224703,9
2024-09-16 11:24:51.210000,416.9215349313401,1004
2024-09-16 11:24:51.222000,416.97034136267376,12
2024-09-16 11:24:51.244000,416.9801313736033,100
2024-09-16 11:24:51.269000,416.9616066899735,95
2024-09-16 11:24:51.276000,416.9326756473944,996
2024-09-16 11:24:51.369000,416.9510727763733,104
2024-09-16 11:24:51.409000,416.92643399335685,100
2024-09-16 11:24:51.453000,416.91217056265,99
2024-09-16 11:24:51.509000,416.9529963746349,1005
2024-09-16 11:24:51.514000,416.9258131480335,1000
2024-09-16 11:24:51.577000,416.94457416855306,11
2024-09-16 11:24:51.711000,416.956166879948,98
2024-09-16 11:24:51.731000,416.9629959503857,100
2024-09-16 11:24:51.790000,416.9338864642178,12
2024-09-16 11:24:51.857000,416.974044775946,100
2024-09-16 11:24:51.885000,416.9150514696488,1003
2024-09-16 11:24:51.892000,416.9743785163986,995
2024-09-16 11:24:51.940000,416.9560745427385,104
2024-09-16 11:24:52.198000,416.96375511887936,96
2024-09-16 11:24:53.092000,416.94668617322645,7
2024-09-16 11:24:53.122000,416.9290834933131,97
2024-09-16 11:24:53.201000,416.9470566776808,102
2024-09-16 11:24:53.269000,416.93602117181047,13
2024-09-16 11:24:53.505000,416.9494919689821,97
2024-09-16 11:24:53.524000,416.96540843024906,1004
2024-09-16 11:24:53.595000,416.9549074147614,8
2024-09-16 11:24:54.020000,416.94053685778977,98
2024-09-16 11:24:54.055000,417.0163956358084,998
2024-09-16 11:24:54.070000,416.96970745996697,995
2024-09-16 11:24:54.086000,416.99903227168375,13
2024-09-16 11:24:54.090000,417.0158012205803,103
2024-09-16 11:24:54.102000,417.0021878151926,997
2024-09-16 11:24:54.218000,416.9890272397216,1005
2024-09-16 11:24:54.285000,416.99995949061815,1005
2024-09-16 11:24:54.302000,416.9805281993351,997
2024-09-16 11:24:54.348000,417.00482736010485,101
2024-09-16 11:24:54.386000,416.9717046578736,100
2024-09-16 11:24:54.503000,417.0122464266736,15
2024-09-16 11:24:54.528000,417.0028168036698,12
2024-09-16 11:24:54.650000,417.0185686610186,8
2024-09-16 11:24:54.713000,416.95772890775976,1003
2024-09-16 11:24:54.722000,416.9598717680117,997
2024-09-16 11:24:54.787000,416.99388906447706,102
2024-09-16 11:24:54.825000,416.9632555177844,999
2024-09-16 11:24:54.874000,416.9692341361088,995
2024-09-16 11:24:54.901000,416.9307362601752,1002
2024-09-16 11:24:54.907000,416.9795663856342,1000
2024-09-16 11:24:55.024000,416.9674728685846,999
2024-09-16 11:24:55.294000,416.968514549067,1002
2024-09-16 11:24:55.309000,416.9738654235035,98
2024-09-16 11:24:55.384000,416.99827617310433,8
2024-09-16 11:24:55.408000,416.9944631635302,1005
2024-09-16 11:24:55.409000,416.9894453186098,104
2024-09-16 11:24:55.548000,416.9862833587307,1002
2024-09-16 11:24:55.705000,416.9988591059664,997
2024-09-16 11:24:55.708000,416.9802260953931,99
2024-09-16 11:24:55.786000,416.9785325059687,13
2024-09-16 11:24:55.999000,416.9787837264995,10
2024-09-16 11:24:56.006000,416.9469297130392,96
2024-09-16 11:24:56.046000,416.9288229897391,102
2024-09-16 11:24:56.106000,416.9728382202438,9
2024-09-16 11:24:56.131000,416.93311121735786,1002
2024-09-16 11:24:56.146000,416.93445914694814,99
2024-09-16 11:24:56.211000,416.933711733272,99
2024-09-16 11:24:56.244000,416.9276656771959,100
2024-09-16 11:24:56.354000,416.9662678764,6
2024-09-16 11:24:56.491000,416.9509357395334,99
2024-09-16 11:24:56.510000,416.91383325505694,102
2024-09-16 11:24:56.655000,416.9482512643937,1001
2024-09-16 11:24:56.696000,416.94213801535176,13
2024-09-16 11:24:56.699000,416.9165549129437,1005
2024-09-16 11:24:56.708000,416.9370267577796,104
2024-09-16 11:24:56.726000,416.92887723540207,7
2024-09-16 11:24:56.759000,416.9430039840337,6
2024-09-16 11:24:56.796000,416.9241732610474,999
2024-09-16 11:24:56.800000,416.9352594027702,15
2024-09-16 11:24:56.942000,416.9328544449848,1001
2024-09-16 11:24:56.949000,416.9668372183514,9
2024-09-16 11:24:56.961000,416.9532334061757,99
2024-09-16 11:24:56.986000,416.9606084848349,1004
2024-09-16 11:24:56.998000,416.9150718729375,999
2024-09-16 11:24:57.011000,417.0660109373854,104
2024-09-16 11:24:57.041000,416.9851995756395,5
2024-09-16 11:24:57.177000,417.0098116509026,7
2024-09-16 11:24:57.204000,417.0462851424872,96
2024-09-16 11:24:57.206000,416.963060968906,1003
2024-09-16 11:24:57.277000,416.9638082042626,99
2024-09-16 11:24:57.471000,417.0066706340825,12
2024-09-16 11:24:57.477000,416.9734080689129,5
2024-09-16 11:24:57.539000,416.9892595360207,1000
2024-09-16 11:24:57.663000,417.0433160511797,102
2024-09-16 11:24:57.747000,417.0344544792844,100
2024-09-16 11:24:57.780000,417.047315660753,8
2024-09-16 11:24:57.861000,417.03054020944495,1000
2024-09-16 11:24:57.942000,417.0067610909477,9
2024-09-16 11:24:57.990000,417.05291750435725,13
2024-09-16 11:24:58.101000,417.0802821274096,97
2024-09-16 11:24:58.182000,417.0617632411699,99
2024-09-16 11:24:58.291000,417.0715331965148,997
2024-09-16 11:24:58.297000,417.07366894509886,9
2024-09-16 11:24:58.365000,417.069650133369,1001
2024-09-16 11:24:58.434000,417.0705244321804,97
2024-09-16 11:24:58.436000,417.0772312078439,5
2024-09-16 11:24:58.495000,417.0590293183113,98
2024-09-16 11:24:58.510000,417.07623880249,99
2024-09-16 11:24:58.525000,417.05843618713146,6
2024-09-16 11:24:58.585000,417.0603044436784,1000
2024-09-16 11:24:58.666000,417.07349639886365,996
2024-09-16 11:24:58.689000,417.0711444969732,996
2024-09-16 11:24:58.759000,417.07991245485687,98
2024-09-16 11:24:58.812000,417.0917369038272,1002
2024-09-16 11:24:58.921000,417.0784509017802,15
2024-09-16 11:24:58.980000,417.0652250054463,996
2024-09-16 11:24:59.001000,417.1134346411512,96
2024-09-16 11:24:59.080000,417.07700182465845,100
2024-09-16 11:24:59.141000,417.0964800300265,997
2024-09-16 11:24:59.303000,417.0653648274157,96
2024-09-16 11:24:59.592000,417.1030496303622,5
2024-09-16 11:24:59.640000,417.0491689242326,99
2024-09-16 11:24:59.687000,417.0423273833578,6
2024-09-16 11:24:59.734000,417.0334731502457,6
2024-09-16 11:24:59.738000,417.0647650910062,10
2024-09-16 11:24:59.804000,417.01730626837673,11
2024-09-16 11:24:59.831000,417.0652496875201,97
2024-09-16 11:24:59.873000,417.0313787849989,6
2024-09-16 11:24:59.897000,417.02132230223714,996
2024-09-16 11:24:59.909000,417.0240162173205,97
2024-09-16 11:24:59.928000,417.0640317811763,999
2024-09-16 11:24:59.958000,417.06684708968345,101
2024-09-16 11:24:59.985000,417.1065850682584,998
