Timestamp,Price,Size
2024-09-20 15:16:00.047000,429.8899032731501,6
2024-09-20 15:16:00.055000,429.9129981740913,1003
2024-09-20 15:16:00.063000,429.8922480429909,103
2024-09-20 15:16:00.066000,429.852672557506,1003
2024-09-20 15:16:00.134000,429.90101222408754,998
2024-09-20 15:16:00.177000,429.8544824034612,95
2024-09-20 15:16:00.190000,429.8991164053491,105
2024-09-20 15:16:00.257000,429.9047382435487,7
2024-09-20 15:16:00.260000,429.87941312333527,1005
2024-09-20 15:16:00.298000,429.8995272829033,99
2024-09-20 15:16:00.382000,429.9048107828328,101
2024-09-20 15:16:00.417000,429.901215445712,105
2024-09-20 15:16:00.417000,429.88406544536656,7
2024-09-20 15:16:00.524000,429.8848183525285,103
2024-09-20 15:16:00.526000,429.8731968704669,1000
2024-09-20 15:16:00.590000,429.863226470048,14
2024-09-20 15:16:00.690000,429.8741254639409,997
2024-09-20 15:16:00.769000,429.8597458839618,97
2024-09-20 15:16:00.834000,429.9049597865467,1001
2024-09-20 15:16:00.847000,429.9126860981797,14
2024-09-20 15:16:00.851000,429.9071239728827,1003
2024-09-20 15:16:00.869000,429.881432995552,997
2024-09-20 15:16:00.871000,429.87031426837706,1005
2024-09-20 15:16:00.895000,429.8822654260332,1001
2024-09-20 15:16:00.922000,429.8646673305899,98
2024-09-20 15:16:00.945000,429.8482297532041,8
2024-09-20 15:16:01.007000,429.9062362265733,7
2024-09-20 15:16:01.012000,429.89271986880726,5
2024-09-20 15:16:01.063000,429.9181586704956,95
2024-09-20 15:16:01.065000,429.9052011430944,1004
2024-09-20 15:16:01.079000,429.8960558909176,1005
2024-09-20 15:16:01.117000,429.8763169862229,96
2024-09-20 15:16:01.125000,429.9402318382822,995
2024-09-20 15:16:01.141000,429.8752172722181,103
2024-09-20 15:16:01.314000,429.8868183387835,12
2024-09-20 15:16:01.432000,429.903882079156,104
2024-09-20 15:16:01.497000,429.8918290797942,97
2024-09-20 15:16:01.542000,429.922651690408,97
2024-09-20 15:16:01.595000,429.8949675326111,8
2024-09-20 15:16:01.666000,429.93314361255824,8
2024-09-20 15:16:01.716000,429.92596662678807,13
2024-09-20 15:16:01.727000,429.8881314226116,95
2024-09-20 15:16:01.800000,429.9098310807804,103
2024-09-20 15:16:01.816000,429.9229538093458,997
2024-09-20 15:16:01.844000,429.90500466620745,99
2024-09-20 15:16:01.871000,429.8846237255033,996
2024-09-20 15:16:01.888000,429.9085713622086,105
2024-09-20 15:16:01.907000,429.91879323055895,96
2024-09-20 15:16:01.974000,429.9196318671902,999
2024-09-20 15:16:02.110000,429.92461725049645,15
2024-09-20 15:16:02.163000,429.9222052709044,95
2024-09-20 15:16:02.196000,429.9111035453262,13
2024-09-20 15:16:02.237000,429.9213868918144,997
2024-09-20 15:16:02.256000,429.9137382222961,995
2024-09-20 15:16:02.321000,429.8907667110299,97
2024-09-20 15:16:02.400000,429.9181825920002,997
2024-09-20 15:16:02.553000,429.9093387411004,5
2024-09-20 15:16:02.633000,429.90208177597,102
2024-09-20 15:16:02.655000,429.9133618865525,14
2024-09-20 15:16:02.716000,429.9028506291083,1004
2024-09-20 15:16:02.843000,429.9055010669037,6
2024-09-20 15:16:02.862000,429.9252949380987,6
2024-09-20 15:16:02.920000,429.9143220930111,1005
2024-09-20 15:16:03.098000,429.91658305694176,996
2024-09-20 15:16:03.167000,429.9485872202574,1004
2024-09-20 15:16:03.206000,429.93411952854296,5
2024-09-20 15:16:03.228000,429.91488736213125,9
2024-09-20 15:16:03.284000,429.9128629257991,101
2024-09-20 15:16:03.310000,429.9247093481785,11
2024-09-20 15:16:03.325000,429.9215737637175,9
2024-09-20 15:16:03.382000,424.2247867799576,101
2024-09-20 15:16:03.404000,429.8981426577568,1004
2024-09-20 15:16:03.411000,429.9162642200616,103
2024-09-20 15:16:03.423000,429.9197622765675,13
2024-09-20 15:16:03.559000,429.9219186479152,15
2024-09-20 15:16:03.604000,429.9159840528989,96
2024-09-20 15:16:03.634000,429.92432922769046,1004
2024-09-20 15:16:03.648000,429.908525101586,996
2024-09-20 15:16:03.760000,429.9382145401694,1000
2024-09-20 15:16:03.787000,429.9506976852696,14
2024-09-20 15:16:03.968000,429.92873083288544,11
2024-09-20 15:16:04.018000,430.06320772985873,96
2024-09-20 15:16:04.101000,430.0294376975439,103
2024-09-20 15:16:04.190000,429.9751392255584,101
2024-09-20 15:16:04.192000,429.9784634813368,999
2024-09-20 15:16:04.208000,430.0214685986993,101
2024-09-20 15:16:04.248000,430.0553258889848,995
2024-09-20 15:16:04.405000,430.0586795351829,15
2024-09-20 15:16:04.455000,430.024643388646,997
2024-09-20 15:16:04.464000,429.9441133736533,98
2024-09-20 15:16:04.484000,429.9488633304477,13
2024-09-20 15:16:04.772000,430.0271822318652,98
2024-09-20 15:16:04.785000,429.9739607692096,7
2024-09-20 15:16:04.836000,430.0551340946004,102
2024-09-20 15:16:04.882000,430.03161715395896,8
2024-09-20 15:16:04.888000,429.9685294952584,9
2024-09-20 15:16:04.932000,429.9863291404745,97
2024-09-20 15:16:04.944000,429.99303645727343,99
2024-09-20 15:16:05.045000,430.05647273670826,10
2024-09-20 15:16:05.124000,430.0546179033452,10
2024-09-20 15:16:05.152000,430.08921340438815,5
2024-09-20 15:16:05.212000,430.0743031068971,1004
2024-09-20 15:16:05.221000,430.0549361716674,11
2024-09-20 15:16:05.242000,430.0839200657237,97
2024-09-20 15:16:05.516000,430.02384328767016,96
2024-09-20 15:16:05.540000,430.0463708307078,99
2024-09-20 15:16:05.550000,430.12791183752006,1000
2024-09-20 15:16:05.610000,430.0385027938928,1000
2024-09-20 15:16:05.740000,430.051112278051,15
2024-09-20 15:16:05.803000,430.1023532545129,101
2024-09-20 15:16:05.836000,430.0339123106729,101
2024-09-20 15:16:05.875000,430.01598198065375,8
2024-09-20 15:16:05.941000,430.04498493098447,1000
2024-09-20 15:16:06.061000,430.1504403315915,10
2024-09-20 15:16:06.063000,430.1291006002466,101
2024-09-20 15:16:06.136000,430.1802834094746,7
2024-09-20 15:16:06.281000,430.18590097473646,995
2024-09-20 15:16:06.328000,430.2100596779412,102
2024-09-20 15:16:06.368000,430.1675022725545,5
2024-09-20 15:16:06.424000,430.1788748774595,98
2024-09-20 15:16:06.462000,430.172044399991,15
2024-09-20 15:16:06.481000,430.1958603733689,995
2024-09-20 15:16:06.539000,430.2011441257881,100
2024-09-20 15:16:06.560000,430.217589982676,7
2024-09-20 15:16:06.561000,430.19947498632416,5
2024-09-20 15:16:06.605000,430.186641044683,997
2024-09-20 15:16:06.624000,430.1672580087756,999
2024-09-20 15:16:06.686000,430.2327785764907,14
2024-09-20 15:16:06.713000,430.18667080245086,1005
2024-09-20 15:16:06.804000,430.1807725552721,96
2024-09-20 15:16:06.821000,430.2273010391596,9
2024-09-20 15:16:06.851000,430.2218006383951,11
2024-09-20 15:16:06.938000,430.2069009204963,998
2024-09-20 15:16:06.972000,430.1932969474683,1005
2024-09-20 15:16:07.986000,424.1663630822693,100
2024-09-20 15:16:08.025000,430.1856317638992,104
2024-09-20 15:16:08.041000,430.1908259774419,14
2024-09-20 15:16:08.145000,430.1740475038831,95
2024-09-20 15:16:08.180000,430.2529079433283,105
2024-09-20 15:16:08.210000,430.23520420063977,5
2024-09-20 15:16:08.211000,430.2428801609569,1003
2024-09-20 15:16:08.245000,430.18167005992143,104
2024-09-20 15:16:08.279000,430.17768507356567,96
2024-09-20 15:16:08.299000,430.2485704958589,105
2024-09-20 15:16:08.308000,430.2046738018289,999
2024-09-20 15:16:08.367000,430.18216336216057,13
2024-09-20 15:16:08.382000,430.1939252245549,1002
2024-09-20 15:16:08.394000,430.1986100898511,995
2024-09-20 15:16:08.411000,430.1789385065081,95
2024-09-20 15:16:08.425000,430.1867439478762,103
2024-09-20 15:16:08.485000,430.22742486607706,96
2024-09-20 15:16:08.503000,430.2288473477872,1000
2024-09-20 15:16:08.508000,430.2111814267382,7
2024-09-20 15:16:08.508000,430.22998680157264,12
2024-09-20 15:16:08.692000,430.23021446849896,104
2024-09-20 15:16:08.708000,430.20227633930784,10
2024-09-20 15:16:08.735000,430.2429335300541,8
2024-09-20 15:16:08.804000,430.2440992105505,14
2024-09-20 15:16:08.877000,430.2296154741783,95
2024-09-20 15:16:08.911000,430.239836565683,999
2024-09-20 15:16:08.947000,430.23849025604096,100
2024-09-20 15:16:09.030000,430.20053788131406,1002
2024-09-20 15:16:09.220000,430.241575351038,103
2024-09-20 15:16:09.249000,430.2405427068504,1003
2024-09-20 15:16:09.274000,430.22437428058095,15
2024-09-20 15:16:09.333000,430.2316290811103,1001
2024-09-20 15:16:09.340000,430.20257187973607,104
2024-09-20 15:16:09.609000,430.2463355216861,9
2024-09-20 15:16:09.687000,430.1944869857751,14
2024-09-20 15:16:09.803000,430.2353727168903,1000
2024-09-20 15:16:09.817000,430.2011492304921,100
2024-09-20 15:16:09.956000,430.2014552665343,10
2024-09-20 15:16:10.103000,430.2119817454702,996
2024-09-20 15:16:10.119000,430.2136242187953,11
2024-09-20 15:16:10.138000,430.20478560487135,1001
2024-09-20 15:16:10.139000,430.2248027120675,102
2024-09-20 15:16:10.157000,430.23281758259486,13
2024-09-20 15:16:10.301000,430.22027462212617,13
2024-09-20 15:16:10.310000,430.2161887785804,1003
2024-09-20 15:16:10.347000,430.20845369913286,104
2024-09-20 15:16:10.374000,430.2283980781523,995
2024-09-20 15:16:10.418000,430.20243081722265,100
2024-09-20 15:16:10.575000,430.2132125433165,101
2024-09-20 15:16:10.729000,430.2043042396831,10
2024-09-20 15:16:10.842000,430.2394281299646,13
2024-09-20 15:16:10.875000,430.2439956799478,1002
2024-09-20 15:16:10.920000,430.212783517483,104
2024-09-20 15:16:10.967000,430.205899701873,997
2024-09-20 15:16:10.990000,430.2088527804914,996
2024-09-20 15:16:11.033000,430.18295205154806,12
2024-09-20 15:16:11.053000,430.2056414441824,15
2024-09-20 15:16:11.061000,430.1833097649084,7
2024-09-20 15:16:11.073000,430.2208729387973,95
2024-09-20 15:16:11.083000,430.1766173456651,97
2024-09-20 15:16:11.123000,430.2140447678306,6
2024-09-20 15:16:11.139000,430.1865143271595,12
2024-09-20 15:16:11.197000,430.19249351553617,13
2024-09-20 15:16:11.198000,430.1815528210756,104
2024-09-20 15:16:11.207000,430.1691804270216,14
2024-09-20 15:16:11.255000,430.1957670428567,99
2024-09-20 15:16:11.260000,430.22865641434095,8
2024-09-20 15:16:11.331000,430.22206842682994,101
2024-09-20 15:16:11.505000,430.1993602195941,998
2024-09-20 15:16:11.581000,430.1885868587767,7
2024-09-20 15:16:11.619000,430.2484008203857,6
2024-09-20 15:16:11.628000,430.2124757140068,5
2024-09-20 15:16:11.635000,430.2351210984724,95
2024-09-20 15:16:11.724000,430.1956703276183,1000
2024-09-20 15:16:11.735000,430.18905122487854,8
2024-09-20 15:16:11.787000,430.217949384329,10
2024-09-20 15:16:11.798000,430.1859703825612,97
2024-09-20 15:16:11.826000,430.2047044742823,997
2024-09-20 15:16:11.831000,430.2153836151364,13
2024-09-20 15:16:11.834000,430.231898950457,996
2024-09-20 15:16:11.881000,430.210019936924,14
2024-09-20 15:16:11.905000,430.19950978393234,97
2024-09-20 15:16:11.913000,430.20545515033086,99
2024-09-20 15:16:11.972000,430.2151888715717,998
2024-09-20 15:16:12.040000,430.25043954020487,1002
2024-09-20 15:16:12.072000,430.18577391114434,95
2024-09-20 15:16:12.085000,430.1750500777583,9
2024-09-20 15:16:12.128000,430.2184406344577,997
2024-09-20 15:16:12.175000,430.1853667527748,9
2024-09-20 15:16:12.313000,430.2035063322661,98
2024-09-20 15:16:12.313000,430.19283077694007,7
2024-09-20 15:16:12.367000,430.2022657982228,10
2024-09-20 15:16:12.390000,430.20475884090325,10
2024-09-20 15:16:12.419000,430.2208661502174,1005
2024-09-20 15:16:12.445000,430.2093304016603,1000
2024-09-20 15:16:12.449000,430.2049626943455,96
2024-09-20 15:16:12.465000,430.2193693154584,1005
2024-09-20 15:16:12.522000,430.2102700617376,997
2024-09-20 15:16:12.534000,430.1797020197559,95
2024-09-20 15:16:12.551000,430.2036048098989,95
2024-09-20 15:16:12.556000,430.2129514536599,12
2024-09-20 15:16:12.598000,430.20932378025583,998
2024-09-20 15:16:12.678000,430.2133773580404,7
2024-09-20 15:16:12.772000,430.198125725177,105
2024-09-20 15:16:12.779000,430.1719743956014,11
2024-09-20 15:16:12.912000,430.1701147101172,101
2024-09-20 15:16:12.987000,430.1820252304691,95
2024-09-20 15:16:13.041000,430.0670632016137,9
2024-09-20 15:16:13.058000,430.0903758177003,98
2024-09-20 15:16:13.089000,430.0902636051404,97
2024-09-20 15:16:13.144000,430.1103336603877,5
2024-09-20 15:16:13.196000,430.08379496232607,1003
2024-09-20 15:16:13.231000,430.09265343353934,98
2024-09-20 15:16:13.249000,430.1199018821872,100
2024-09-20 15:16:13.256000,430.0882532458149,1002
2024-09-20 15:16:13.300000,430.0895535397753,11
2024-09-20 15:16:13.310000,430.0953240159224,6
2024-09-20 15:16:13.314000,430.07634583158807,101
2024-09-20 15:16:13.323000,430.1214955047767,11
2024-09-20 15:16:13.346000,430.1404278780257,9
2024-09-20 15:16:13.368000,430.1493687875043,997
2024-09-20 15:16:13.410000,430.0894058277924,1003
2024-09-20 15:16:13.489000,430.07415502217583,997
2024-09-20 15:16:13.491000,430.0917166372541,5
2024-09-20 15:16:13.499000,430.09514643056167,7
2024-09-20 15:16:13.553000,430.1477770021885,5
2024-09-20 15:16:13.576000,430.0606508882533,101
2024-09-20 15:16:13.675000,430.1605867334552,103
2024-09-20 15:16:13.713000,430.1627152663255,104
2024-09-20 15:16:13.775000,430.1211148647889,1000
2024-09-20 15:16:13.816000,430.1303904193844,100
2024-09-20 15:16:13.865000,430.0685475689857,1004
2024-09-20 15:16:13.907000,430.1419533436388,997
2024-09-20 15:16:13.941000,430.1048801751376,996
2024-09-20 15:16:14.373000,430.09824275754016,103
2024-09-20 15:16:14.622000,430.0792517575388,102
2024-09-20 15:16:14.748000,430.0940483718704,1002
2024-09-20 15:16:14.841000,430.09020694547286,998
2024-09-20 15:16:15.313000,430.0816081986179,104
2024-09-20 15:16:15.327000,430.0880680718389,1002
2024-09-20 15:16:15.345000,430.1056499948337,1002
2024-09-20 15:16:15.400000,430.0557765447963,99
2024-09-20 15:16:15.455000,430.0500726334649,7
2024-09-20 15:16:15.898000,430.1213704177438,95
2024-09-20 15:16:15.917000,430.0607621330738,7
2024-09-20 15:16:15.925000,430.0697928370251,9
2024-09-20 15:16:15.941000,430.0757231403749,998
2024-09-20 15:16:16.007000,430.0577894470031,100
2024-09-20 15:16:16.039000,430.00525211053576,105
2024-09-20 15:16:16.104000,430.0163548122417,996
2024-09-20 15:16:16.132000,430.0137941144672,1003
2024-09-20 15:16:16.164000,430.0256471444989,997
2024-09-20 15:16:16.173000,430.0815739330376,101
2024-09-20 15:16:16.248000,430.0675060089516,1003
2024-09-20 15:16:16.280000,430.02072125570254,97
2024-09-20 15:16:16.294000,430.04872728839007,100
2024-09-20 15:16:16.306000,430.06946217037313,995
2024-09-20 15:16:16.336000,430.0154777412125,9
2024-09-20 15:16:16.343000,430.0407313980006,999
2024-09-20 15:16:16.401000,430.03596649977646,96
2024-09-20 15:16:16.446000,430.0598565915223,95
2024-09-20 15:16:16.524000,429.99340211515687,97
2024-09-20 15:16:16.641000,430.0705948125436,1004
2024-09-20 15:16:16.657000,429.9880842608455,8
2024-09-20 15:16:16.715000,429.99619322524376,10
2024-09-20 15:16:16.744000,430.0140497784147,102
2024-09-20 15:16:16.767000,430.0689686552113,1005
2024-09-20 15:16:16.796000,429.9870432446663,9
2024-09-20 15:16:16.879000,430.034489667088,14
2024-09-20 15:16:16.967000,430.0080718426863,998
2024-09-20 15:16:16.980000,430.022241493761,11
2024-09-20 15:16:17.022000,429.9551518984877,1004
2024-09-20 15:16:17.092000,429.9723390003216,1004
2024-09-20 15:16:17.122000,429.9582221862618,8
2024-09-20 15:16:17.253000,429.9629186920191,1001
2024-09-20 15:16:17.301000,429.9501721252387,102
2024-09-20 15:16:17.362000,429.9590053132402,1003
2024-09-20 15:16:17.500000,429.97283920195616,100
2024-09-20 15:16:17.603000,429.96156696981984,105
2024-09-20 15:16:17.759000,429.97722200508326,9
2024-09-20 15:16:17.921000,429.9790627978856,7
2024-09-20 15:16:18.001000,429.9002795557884,995
2024-09-20 15:16:18.035000,429.9105074769079,1001
2024-09-20 15:16:18.100000,429.91099432743647,103
2024-09-20 15:16:18.173000,429.9247540267324,95
2024-09-20 15:16:18.207000,429.9657254189928,6
2024-09-20 15:16:18.241000,429.89550391735065,1005
2024-09-20 15:16:18.393000,429.9364022885714,995
2024-09-20 15:16:18.498000,429.9104598987535,15
2024-09-20 15:16:18.540000,429.9274965367036,1000
2024-09-20 15:16:18.631000,429.9180362417177,1003
2024-09-20 15:16:18.691000,429.8950256279808,999
2024-09-20 15:16:18.722000,429.9376796908199,14
2024-09-20 15:16:18.756000,429.93840353571954,10
2024-09-20 15:16:18.789000,429.91852165233865,12
2024-09-20 15:16:18.976000,429.9190677251637,99
2024-09-20 15:16:19.148000,429.9334716968969,102
2024-09-20 15:16:19.157000,429.8680129291716,997
2024-09-20 15:16:19.339000,429.9012506727352,8
2024-09-20 15:16:19.413000,429.9145981412552,105
2024-09-20 15:16:19.462000,429.9071539844229,996
2024-09-20 15:16:19.573000,429.8896458082014,5
2024-09-20 15:16:19.577000,429.8835223238304,999
2024-09-20 15:16:19.619000,429.9082968152639,103
2024-09-20 15:16:19.663000,429.9020892759497,5
2024-09-20 15:16:19.700000,429.9186736491164,104
2024-09-20 15:16:19.724000,429.9172743173453,8
2024-09-20 15:16:19.802000,429.9283101944434,98
2024-09-20 15:16:19.806000,429.90401785232143,996
2024-09-20 15:16:19.808000,429.9039244283682,9
2024-09-20 15:16:19.889000,429.8747197388308,999
2024-09-20 15:16:19.895000,429.87984231170645,1001
2024-09-20 15:16:19.916000,429.9024116481327,995
2024-09-20 15:16:20.138000,429.8794177566824,104
2024-09-20 15:16:20.509000,429.8765404163472,5
2024-09-20 15:16:20.776000,429.8967553220977,95
2024-09-20 15:16:20.791000,429.8615716379783,102
2024-09-20 15:16:20.816000,429.8960813758043,999
2024-09-20 15:16:20.838000,429.8838894905024,9
2024-09-20 15:16:20.905000,429.9066655500094,99
2024-09-20 15:16:20.963000,429.8930512244609,1002
2024-09-20 15:16:21.007000,429.8146653365472,1004
2024-09-20 15:16:21.075000,429.8001785086494,998
2024-09-20 15:16:21.143000,429.852312467271,15
2024-09-20 15:16:21.161000,429.7700127024759,99
2024-09-20 15:16:21.200000,429.7680698734453,998
2024-09-20 15:16:21.213000,429.7978000893933,1001
2024-09-20 15:16:21.403000,429.81471395709167,1004
2024-09-20 15:16:21.404000,429.80337676561845,100
2024-09-20 15:16:21.425000,429.7932816152878,6
2024-09-20 15:16:21.513000,429.78434651176906,999
2024-09-20 15:16:21.515000,429.78014599558327,96
2024-09-20 15:16:21.515000,424.18967076948536,996
2024-09-20 15:16:21.539000,429.7631580847736,1002
2024-09-20 15:16:21.627000,429.7978578348987,14
2024-09-20 15:16:21.638000,429.766358040179,10
2024-09-20 15:16:21.664000,429.7981862453351,95
2024-09-20 15:16:21.696000,429.806690492789,104
2024-09-20 15:16:21.776000,429.7813435938476,15
2024-09-20 15:16:21.850000,429.79717178482326,997
2024-09-20 15:16:21.901000,429.7851688607726,8
2024-09-20 15:16:21.925000,429.78227880316814,102
2024-09-20 15:16:22.031000,429.7876293360731,13
2024-09-20 15:16:22.186000,429.8158057906893,97
2024-09-20 15:16:22.214000,429.8032666915908,7
2024-09-20 15:16:22.214000,429.7927365275212,1001
2024-09-20 15:16:22.274000,429.802013709743,12
2024-09-20 15:16:22.334000,429.7901709184322,5
2024-09-20 15:16:22.512000,429.7974571436056,7
2024-09-20 15:16:22.642000,429.7971471185614,995
2024-09-20 15:16:23.127000,429.8672494045231,95
2024-09-20 15:16:23.156000,429.8708912825546,15
2024-09-20 15:16:23.180000,424.18856379999386,1005
2024-09-20 15:16:23.219000,429.8796257736472,97
2024-09-20 15:16:23.264000,429.86431779392245,5
2024-09-20 15:16:23.269000,429.8524237767319,95
2024-09-20 15:16:23.338000,429.7749323897434,104
2024-09-20 15:16:23.358000,429.8099353724056,999
2024-09-20 15:16:23.367000,429.8474268178465,998
2024-09-20 15:16:23.449000,429.8669813148744,7
2024-09-20 15:16:23.492000,429.8084503825434,101
2024-09-20 15:16:23.510000,429.8161489786411,998
2024-09-20 15:16:23.529000,429.8347428329129,99
2024-09-20 15:16:23.597000,429.81009252401606,105
2024-09-20 15:16:23.614000,429.78456051896194,8
2024-09-20 15:16:23.634000,429.8434599527774,105
2024-09-20 15:16:23.647000,429.84821349302143,999
2024-09-20 15:16:23.662000,429.8715358875669,103
2024-09-20 15:16:23.739000,429.7846533695011,100
2024-09-20 15:16:23.745000,429.8384219765218,996
2024-09-20 15:16:23.761000,429.80012040363465,7
2024-09-20 15:16:23.803000,429.8059781540781,1001
2024-09-20 15:16:23.842000,429.8452611342468,14
2024-09-20 15:16:23.863000,429.8428962320167,6
2024-09-20 15:16:23.921000,429.7785847072397,103
2024-09-20 15:16:23.975000,429.8476738579657,1005
2024-09-20 15:16:23.991000,429.7915105045845,11
2024-09-20 15:16:23.998000,429.8702230246784,9
2024-09-20 15:16:24.016000,429.8509406780934,10
2024-09-20 15:16:24.028000,429.8195989177652,12
2024-09-20 15:16:24.059000,429.8918345306114,97
2024-09-20 15:16:24.183000,429.9396692444992,14
2024-09-20 15:16:24.198000,429.8315215803017,105
2024-09-20 15:16:24.231000,429.9449655259936,15
2024-09-20 15:16:24.250000,429.8937923392528,100
2024-09-20 15:16:24.337000,429.89177297234136,1002
2024-09-20 15:16:24.369000,429.87153469682914,996
2024-09-20 15:16:24.446000,429.9162366431521,9
2024-09-20 15:16:24.459000,429.8503175215984,1000
2024-09-20 15:16:24.464000,429.9051356024724,102
2024-09-20 15:16:24.491000,429.89989969804736,998
2024-09-20 15:16:24.504000,429.840356677377,13
2024-09-20 15:16:24.510000,429.8681747236905,12
2024-09-20 15:16:24.511000,429.8366073473,14
2024-09-20 15:16:24.559000,429.8804186822727,1002
2024-09-20 15:16:24.624000,429.91109461793394,95
2024-09-20 15:16:24.809000,429.8923997446482,11
2024-09-20 15:16:24.835000,429.84768854969576,1000
2024-09-20 15:16:24.841000,429.8398213456719,10
2024-09-20 15:16:24.930000,429.838522456016,997
2024-09-20 15:16:24.966000,429.8643427478575,101
2024-09-20 15:16:24.984000,429.93010329768,15
2024-09-20 15:16:24.984000,429.9423990605888,14
2024-09-20 15:16:25.065000,429.8978137539799,1003
2024-09-20 15:16:25.085000,429.90558204655423,12
2024-09-20 15:16:25.212000,429.9083583102647,10
2024-09-20 15:16:25.226000,429.8868817002448,104
2024-09-20 15:16:25.246000,429.9052188950959,6
2024-09-20 15:16:25.302000,429.9151363870119,12
2024-09-20 15:16:25.527000,429.8966010710065,1002
2024-09-20 15:16:25.672000,429.9006548661444,97
2024-09-20 15:16:25.674000,429.9171440889456,102
2024-09-20 15:16:25.682000,429.9148025488685,9
2024-09-20 15:16:25.855000,429.91376795078526,13
2024-09-20 15:16:25.988000,429.89806935883024,104
2024-09-20 15:16:26.046000,429.8968443515216,98
2024-09-20 15:16:26.046000,429.8750520835415,102
2024-09-20 15:16:26.064000,429.8907691193738,7
2024-09-20 15:16:26.072000,429.90765407327086,10
2024-09-20 15:16:26.214000,429.9168739296071,5
2024-09-20 15:16:26.221000,429.8513237758819,995
2024-09-20 15:16:26.290000,429.85832980335744,996
2024-09-20 15:16:26.336000,429.8783235536711,996
2024-09-20 15:16:26.411000,429.8729810210076,101
2024-09-20 15:16:26.585000,429.8757978436508,1000
2024-09-20 15:16:26.608000,429.89744798755567,100
2024-09-20 15:16:26.645000,429.8728804297564,8
2024-09-20 15:16:26.653000,429.8927008689408,1000
2024-09-20 15:16:26.791000,429.9025034714526,95
2024-09-20 15:16:26.808000,429.89295200222176,5
2024-09-20 15:16:26.880000,429.8876856283934,8
2024-09-20 15:16:26.985000,429.8666971968744,12
2024-09-20 15:16:26.988000,429.8816951663492,1002
2024-09-20 15:16:27.001000,429.857448454373,6
2024-09-20 15:16:27.339000,429.843258347585,14
2024-09-20 15:16:27.413000,429.8452906524713,995
2024-09-20 15:16:27.586000,429.8472374400407,104
2024-09-20 15:16:27.796000,429.8439458329854,95
2024-09-20 15:16:28.075000,429.7910944948703,14
2024-09-20 15:16:28.120000,429.8056854621003,997
2024-09-20 15:16:28.195000,429.7726438046991,99
2024-09-20 15:16:28.284000,429.7922717823475,1002
2024-09-20 15:16:28.409000,429.77177237150505,9
2024-09-20 15:16:28.584000,429.7820290300088,10
2024-09-20 15:16:28.668000,429.8294738753905,99
2024-09-20 15:16:28.682000,429.82762831393296,6
2024-09-20 15:16:28.748000,429.7933589132152,14
2024-09-20 15:16:28.757000,429.8222864769186,997
2024-09-20 15:16:28.869000,429.8046101728366,104
2024-09-20 15:16:29.014000,429.875331957598,13
2024-09-20 15:16:29.020000,429.86546807660727,97
2024-09-20 15:16:29.079000,429.828825470386,1003
2024-09-20 15:16:29.081000,429.862904166306,96
2024-09-20 15:16:29.104000,429.8847806770682,1000
2024-09-20 15:16:29.146000,429.8016521321625,11
2024-09-20 15:16:29.169000,429.8610986399121,998
2024-09-20 15:16:29.262000,429.8651329904406,103
2024-09-20 15:16:29.269000,429.7885556632672,995
2024-09-20 15:16:29.404000,429.8642098935003,12
2024-09-20 15:16:29.447000,429.8455516654685,98
2024-09-20 15:16:29.482000,429.83969694100927,103
2024-09-20 15:16:29.510000,429.87252781879255,5
2024-09-20 15:16:29.521000,429.8615874890246,99
2024-09-20 15:16:29.528000,429.8438481242064,15
2024-09-20 15:16:29.651000,429.8658932424431,1002
2024-09-20 15:16:29.653000,429.8500761082073,100
2024-09-20 15:16:29.823000,429.8143576881158,11
2024-09-20 15:16:29.865000,429.863395967958,96
2024-09-20 15:16:29.920000,429.86110454568416,11
2024-09-20 15:16:29.939000,429.8609395796554,7
2024-09-20 15:16:29.967000,429.8736150247307,10
2024-09-20 15:16:30.041000,429.95514520433335,8
2024-09-20 15:16:30.079000,429.958026939972,1005
2024-09-20 15:16:30.192000,429.9407890704813,14
2024-09-20 15:16:30.206000,429.8928035339406,1000
2024-09-20 15:16:30.474000,429.95623870559695,998
2024-09-20 15:16:30.495000,429.9552427305294,9
2024-09-20 15:16:30.593000,429.9417470098955,95
2024-09-20 15:16:30.682000,429.9259105011525,998
2024-09-20 15:16:30.941000,429.86749351673154,1005
2024-09-20 15:16:30.981000,429.8674079212464,9
2024-09-20 15:16:31.003000,429.922861468709,7
2024-09-20 15:16:31.037000,429.97940048192487,14
2024-09-20 15:16:31.078000,429.98576999428985,103
2024-09-20 15:16:31.096000,429.9972846464277,11
2024-09-20 15:16:31.103000,429.9733235332493,96
2024-09-20 15:16:31.162000,429.9707614375164,105
2024-09-20 15:16:31.390000,429.982290672295,995
2024-09-20 15:16:31.437000,429.9729525396432,96
2024-09-20 15:16:31.444000,429.949738818145,9
2024-09-20 15:16:31.497000,429.9421869353016,996
2024-09-20 15:16:31.508000,429.9701850332596,100
2024-09-20 15:16:31.519000,429.9482539641673,15
2024-09-20 15:16:31.536000,429.98426563806186,11
2024-09-20 15:16:31.577000,429.89718160173896,13
2024-09-20 15:16:31.589000,429.9028486579004,1003
2024-09-20 15:16:31.591000,429.97427579383407,105
2024-09-20 15:16:31.593000,429.94990075881566,100
2024-09-20 15:16:31.634000,429.9858355047302,13
2024-09-20 15:16:31.646000,429.9719033365805,12
2024-09-20 15:16:31.688000,429.9749683311118,8
2024-09-20 15:16:31.720000,429.9876139142897,97
2024-09-20 15:16:31.772000,429.9876969246281,10
2024-09-20 15:16:31.826000,429.9640557297773,7
2024-09-20 15:16:31.846000,429.98763961755736,1005
2024-09-20 15:16:31.849000,429.93470458022375,14
2024-09-20 15:16:31.853000,429.9572182078316,996
2024-09-20 15:16:31.939000,430.00101696248726,998
2024-09-20 15:16:31.967000,429.9829750228625,10
2024-09-20 15:16:31.990000,429.95398361009,11
2024-09-20 15:16:32.065000,429.9186879387405,1000
2024-09-20 15:16:32.189000,429.9300115569268,12
2024-09-20 15:16:32.299000,429.92543426655936,7
2024-09-20 15:16:32.311000,429.87564641654654,996
2024-09-20 15:16:32.330000,429.9361257288332,98
2024-09-20 15:16:32.363000,429.9422146564288,105
2024-09-20 15:16:32.417000,429.9203417118261,95
2024-09-20 15:16:32.420000,429.8964527627679,995
2024-09-20 15:16:32.423000,429.924825765784,996
2024-09-20 15:16:32.513000,429.9359885982668,97
2024-09-20 15:16:32.604000,429.9496279350479,103
2024-09-20 15:16:32.647000,429.9050317087557,104
2024-09-20 15:16:32.649000,429.9218464012684,1003
2024-09-20 15:16:32.755000,429.911917216962,995
2024-09-20 15:16:32.769000,429.8721606854893,6
2024-09-20 15:16:32.788000,429.9150531718277,1005
2024-09-20 15:16:32.834000,429.9219540262069,996
2024-09-20 15:16:32.901000,429.929040157541,998
2024-09-20 15:16:32.910000,429.89077494478624,101
2024-09-20 15:16:32.927000,429.9405741189792,101
2024-09-20 15:16:32.951000,429.9434365518299,100
2024-09-20 15:16:33.001000,429.885830787249,14
2024-09-20 15:16:33.572000,429.8755021368596,6
2024-09-20 15:16:34.051000,429.8550593408365,96
2024-09-20 15:16:34.053000,429.8297107368714,14
2024-09-20 15:16:34.101000,429.8213452710393,10
2024-09-20 15:16:34.106000,429.886436844428,99
2024-09-20 15:16:34.128000,429.8153507707093,95
2024-09-20 15:16:34.166000,429.8971090343948,98
2024-09-20 15:16:34.196000,429.874351609621,11
2024-09-20 15:16:34.212000,429.8294342340592,998
2024-09-20 15:16:34.284000,429.8614360691474,102
2024-09-20 15:16:34.305000,429.8727449386255,100
2024-09-20 15:16:34.386000,429.8743913758596,13
2024-09-20 15:16:34.414000,429.88957631679017,1002
2024-09-20 15:16:34.449000,429.87492736260464,5
2024-09-20 15:16:34.471000,429.8704297023513,1002
2024-09-20 15:16:34.613000,429.8529020197937,9
2024-09-20 15:16:34.621000,429.8571871999545,996
2024-09-20 15:16:34.801000,429.8637187838805,11
2024-09-20 15:16:34.841000,429.80523209608657,10
2024-09-20 15:16:34.961000,429.8752228559632,103
2024-09-20 15:16:34.968000,429.87633477636496,1002
2024-09-20 15:16:34.976000,429.82495880247353,997
2024-09-20 15:16:35.223000,429.8498532876679,1004
2024-09-20 15:16:35.475000,429.8593775159092,1002
2024-09-20 15:16:35.794000,429.83496961031295,999
2024-09-20 15:16:35.804000,429.8024640647934,103
2024-09-20 15:16:35.916000,429.8441908188452,11
2024-09-20 15:16:36.093000,429.8446837358125,103
2024-09-20 15:16:36.173000,429.9070028008872,999
2024-09-20 15:16:36.186000,429.81570387260456,96
2024-09-20 15:16:36.197000,429.8164564480077,96
2024-09-20 15:16:36.273000,429.8286197441099,12
2024-09-20 15:16:36.332000,429.8375718456014,14
2024-09-20 15:16:36.387000,429.8073354853479,12
2024-09-20 15:16:36.539000,429.8811295981366,997
2024-09-20 15:16:36.605000,429.8918118851136,998
2024-09-20 15:16:36.683000,429.8249878689911,996
2024-09-20 15:16:36.696000,429.836790573588,998
2024-09-20 15:16:36.719000,429.82516563431847,100
2024-09-20 15:16:36.755000,429.85325126193953,102
2024-09-20 15:16:36.843000,429.8691122139812,100
2024-09-20 15:16:36.881000,429.8522024365592,13
2024-09-20 15:16:36.901000,429.82473901625,102
2024-09-20 15:16:36.922000,429.8760731907116,99
2024-09-20 15:16:37.038000,429.9596293979615,5
2024-09-20 15:16:37.134000,430.0098263563917,10
2024-09-20 15:16:37.152000,429.9516198412018,6
2024-09-20 15:16:37.167000,429.9507917045258,997
2024-09-20 15:16:37.310000,430.0616087459467,1003
2024-09-20 15:16:37.319000,429.96012385264095,103
2024-09-20 15:16:37.323000,429.93068178183086,98
2024-09-20 15:16:37.325000,430.0587353482398,104
2024-09-20 15:16:37.411000,429.97763631470247,5
2024-09-20 15:16:37.428000,430.037465978607,9
2024-09-20 15:16:37.433000,430.03820531323504,98
2024-09-20 15:16:37.462000,430.0315940919774,97
2024-09-20 15:16:37.483000,430.0252826813117,13
2024-09-20 15:16:37.506000,430.02861111353553,996
2024-09-20 15:16:37.510000,429.99353712574725,15
2024-09-20 15:16:37.519000,430.0541467305768,14
2024-09-20 15:16:37.561000,430.0300780638949,9
2024-09-20 15:16:37.718000,429.9587820072986,995
2024-09-20 15:16:37.720000,430.01840174772167,15
2024-09-20 15:16:37.746000,430.0182385113839,9
2024-09-20 15:16:37.746000,430.0080900705111,1003
2024-09-20 15:16:37.761000,430.0193568807218,6
2024-09-20 15:16:37.795000,429.9972360688951,95
2024-09-20 15:16:37.844000,430.0026709992727,1000
2024-09-20 15:16:37.881000,429.98896945904926,105
2024-09-20 15:16:37.901000,430.0092420232722,100
2024-09-20 15:16:37.904000,429.9833329706424,104
2024-09-20 15:16:37.933000,430.0475964442421,995
2024-09-20 15:16:38.021000,429.8634584754449,999
2024-09-20 15:16:38.106000,430.0009153564611,7
2024-09-20 15:16:38.132000,429.9574459354403,12
2024-09-20 15:16:38.150000,429.9989819084101,15
2024-09-20 15:16:38.183000,429.98978874108,5
2024-09-20 15:16:38.214000,429.9975307410308,12
2024-09-20 15:16:38.239000,429.9962089789535,1000
2024-09-20 15:16:38.290000,429.8884678407103,102
2024-09-20 15:16:38.322000,429.9359749236763,97
2024-09-20 15:16:38.329000,430.0212938667584,100
2024-09-20 15:16:38.355000,429.9413970411479,996
2024-09-20 15:16:38.357000,429.90684058897074,1004
2024-09-20 15:16:38.386000,430.0064038989361,10
2024-09-20 15:16:38.454000,430.0194110639839,95
2024-09-20 15:16:38.541000,429.9717638190296,101
2024-09-20 15:16:38.618000,430.0213126415302,1003
2024-09-20 15:16:38.631000,430.024207864381,6
2024-09-20 15:16:38.672000,429.9561985432088,9
2024-09-20 15:16:38.674000,430.0223745740855,1005
2024-09-20 15:16:38.849000,430.02358304536926,12
2024-09-20 15:16:38.849000,430.0220958632602,13
2024-09-20 15:16:38.865000,430.02349854389945,996
2024-09-20 15:16:38.886000,430.0185650794151,13
2024-09-20 15:16:38.984000,430.0077537635159,995
2024-09-20 15:16:38.997000,429.9402355727696,97
2024-09-20 15:16:39.163000,429.86066685454034,999
2024-09-20 15:16:39.309000,429.8609400630888,1005
2024-09-20 15:16:39.989000,429.87006655814014,998
2024-09-20 15:16:39.998000,429.8695143517152,97
2024-09-20 15:16:41.066000,429.8756778768652,1003
2024-09-20 15:16:41.067000,429.92353382370777,98
2024-09-20 15:16:41.104000,429.86494762768655,96
2024-09-20 15:16:41.171000,429.8855128932863,8
2024-09-20 15:16:41.235000,429.8631943435531,97
2024-09-20 15:16:41.238000,429.8780061411119,6
2024-09-20 15:16:41.250000,429.88618006126944,5
2024-09-20 15:16:41.267000,429.8944225729655,105
2024-09-20 15:16:41.269000,429.9040722102185,1000
2024-09-20 15:16:41.290000,429.88622502473817,995
2024-09-20 15:16:41.304000,429.88265550641887,5
2024-09-20 15:16:41.336000,429.89324703168506,998
2024-09-20 15:16:41.364000,429.9184406470847,102
2024-09-20 15:16:41.365000,429.9311398715348,100
2024-09-20 15:16:41.397000,429.89316135589854,1004
2024-09-20 15:16:41.423000,429.8884919311077,10
2024-09-20 15:16:41.459000,429.8876088323347,999
2024-09-20 15:16:41.494000,429.87556737676215,98
2024-09-20 15:16:41.530000,429.8924642978992,105
2024-09-20 15:16:41.551000,429.8711467208403,98
2024-09-20 15:16:41.589000,429.89964642540633,8
2024-09-20 15:16:41.622000,429.8849054551293,5
2024-09-20 15:16:41.641000,429.8807958340435,1000
2024-09-20 15:16:41.653000,429.8907292934094,9
2024-09-20 15:16:41.656000,429.86546208609855,8
2024-09-20 15:16:41.702000,429.8876978271951,1004
2024-09-20 15:16:41.796000,429.8876018503773,12
2024-09-20 15:16:41.832000,429.88284364675167,999
2024-09-20 15:16:41.984000,429.8483355295045,1002
2024-09-20 15:16:42.029000,429.9247547667409,14
2024-09-20 15:16:42.081000,429.92963653582166,999
2024-09-20 15:16:42.119000,429.9533665000207,997
2024-09-20 15:16:42.224000,429.979542338494,15
2024-09-20 15:16:42.235000,429.98229384887526,998
2024-09-20 15:16:42.340000,430.00528435378607,13
2024-09-20 15:16:42.349000,429.9897344382572,103
2024-09-20 15:16:42.438000,429.9650047718346,1002
2024-09-20 15:16:42.458000,429.9905048634417,14
2024-09-20 15:16:42.611000,429.9772945486864,998
2024-09-20 15:16:42.637000,429.9933455444254,15
2024-09-20 15:16:42.641000,429.96186934371104,11
2024-09-20 15:16:42.665000,429.98186332262713,997
2024-09-20 15:16:42.695000,429.9506150648037,997
2024-09-20 15:16:42.699000,424.2194269287245,7
2024-09-20 15:16:42.724000,429.9540474381749,1005
2024-09-20 15:16:42.779000,429.9527046926772,103
2024-09-20 15:16:42.798000,429.9659382843945,1001
2024-09-20 15:16:42.836000,429.9590793103123,104
2024-09-20 15:16:42.851000,429.953291870716,1002
2024-09-20 15:16:42.871000,429.95929909338105,14
2024-09-20 15:16:42.889000,429.9638321275446,10
2024-09-20 15:16:42.926000,429.9851169339794,105
2024-09-20 15:16:42.928000,430.0014354997138,1001
2024-09-20 15:16:43.022000,429.9865740885352,998
2024-09-20 15:16:43.023000,429.9803236401007,1001
2024-09-20 15:16:43.065000,429.9891509677406,995
2024-09-20 15:16:43.161000,429.99675224446,11
2024-09-20 15:16:43.183000,430.03697107774286,97
2024-09-20 15:16:43.248000,429.9528035414526,6
2024-09-20 15:16:43.366000,429.9942470063076,97
2024-09-20 15:16:43.399000,430.03361736598185,8
2024-09-20 15:16:43.410000,429.9437388114845,14
2024-09-20 15:16:43.497000,429.9709044145201,9
2024-09-20 15:16:43.517000,430.036789780669,6
2024-09-20 15:16:43.543000,430.039656347998,6
2024-09-20 15:16:43.545000,430.0145543080321,995
2024-09-20 15:16:43.567000,430.02568285576393,95
2024-09-20 15:16:43.617000,429.9506419375887,95
2024-09-20 15:16:43.622000,424.16327531339954,995
2024-09-20 15:16:43.669000,429.99374391313296,9
2024-09-20 15:16:43.702000,429.9611035348802,101
2024-09-20 15:16:43.739000,429.98279530259214,99
2024-09-20 15:16:43.749000,429.97445688505417,104
2024-09-20 15:16:43.769000,430.0251082982222,13
2024-09-20 15:16:43.791000,429.9617191864824,1002
2024-09-20 15:16:43.888000,429.9506291509191,7
2024-09-20 15:16:43.894000,429.9473001270437,11
2024-09-20 15:16:43.908000,429.9726172747664,1001
2024-09-20 15:16:43.970000,429.9764339180072,98
2024-09-20 15:16:43.978000,430.0314777865338,998
2024-09-20 15:16:43.991000,430.0063603102399,998
2024-09-20 15:16:44.055000,429.9927081012306,13
2024-09-20 15:16:44.291000,429.9675766278032,99
2024-09-20 15:16:44.329000,429.95093909229945,10
2024-09-20 15:16:44.513000,429.9956218308656,1001
2024-09-20 15:16:44.572000,429.95038538703807,101
2024-09-20 15:16:44.639000,429.9567122251116,15
2024-09-20 15:16:44.854000,429.98593153229336,98
2024-09-20 15:16:44.897000,429.9587512502158,7
2024-09-20 15:16:44.904000,430.0010831366289,104
2024-09-20 15:16:45.014000,429.9646810696537,995
2024-09-20 15:16:45.099000,424.3069780366501,1003
2024-09-20 15:16:45.106000,429.9591362822315,101
2024-09-20 15:16:45.263000,429.9697631164309,104
2024-09-20 15:16:45.316000,429.99362772713,996
2024-09-20 15:16:45.329000,429.9573972357504,8
2024-09-20 15:16:45.469000,429.9628507206907,96
2024-09-20 15:16:45.506000,429.9649054569021,13
2024-09-20 15:16:45.641000,429.9629754426519,100
2024-09-20 15:16:45.698000,429.9831308634592,96
2024-09-20 15:16:45.786000,429.9807749716245,95
2024-09-20 15:16:45.939000,429.95249013795,6
2024-09-20 15:16:46.056000,430.0081853824343,102
2024-09-20 15:16:46.063000,430.0212057887913,105
2024-09-20 15:16:46.242000,430.00694473167806,999
2024-09-20 15:16:46.643000,429.97755511753104,103
2024-09-20 15:16:46.780000,429.9828813791903,5
2024-09-20 15:16:46.873000,430.0016296724586,1002
2024-09-20 15:16:46.902000,424.27957151714185,15
2024-09-20 15:16:47.018000,429.9965151771826,995
2024-09-20 15:16:47.091000,429.9944411790707,998
2024-09-20 15:16:47.113000,430.0104091455637,101
2024-09-20 15:16:47.129000,429.9917124250901,101
2024-09-20 15:16:47.137000,430.01290238379306,105
2024-09-20 15:16:47.139000,430.0028493330146,10
2024-09-20 15:16:47.178000,429.98852281955567,12
2024-09-20 15:16:47.225000,429.9898096191594,995
2024-09-20 15:16:47.247000,429.9860041648765,1001
2024-09-20 15:16:47.372000,429.9913790403886,12
2024-09-20 15:16:47.462000,430.0020505802101,101
2024-09-20 15:16:47.511000,429.9968916936765,97
2024-09-20 15:16:47.569000,429.990619190248,5
2024-09-20 15:16:47.584000,429.9997753486893,11
2024-09-20 15:16:47.593000,430.0220282687583,12
2024-09-20 15:16:47.656000,429.9911536827176,99
2024-09-20 15:16:47.677000,429.98991609627296,998
2024-09-20 15:16:47.682000,429.9919904077666,6
2024-09-20 15:16:47.792000,429.98661514112086,98
2024-09-20 15:16:47.843000,430.0231118879736,998
2024-09-20 15:16:47.853000,430.00630797525343,1001
2024-09-20 15:16:47.891000,429.9905127625543,14
2024-09-20 15:16:47.922000,429.99155712399386,105
2024-09-20 15:16:48.032000,429.9981524224866,104
2024-09-20 15:16:48.034000,430.036091902656,6
2024-09-20 15:16:48.047000,430.0535507145264,1002
2024-09-20 15:16:48.050000,430.02899001469285,95
2024-09-20 15:16:48.138000,430.0053215086961,96
2024-09-20 15:16:48.216000,430.06337624444456,8
2024-09-20 15:16:48.221000,429.9981963811408,104
2024-09-20 15:16:48.266000,430.0729802749408,1003
2024-09-20 15:16:48.277000,430.0568503912408,997
2024-09-20 15:16:48.322000,430.0400097725193,997
2024-09-20 15:16:48.340000,429.9836251233467,10
2024-09-20 15:16:48.394000,430.0313965564142,103
2024-09-20 15:16:48.433000,430.0279191109796,12
2024-09-20 15:16:48.434000,430.00984651506496,1001
2024-09-20 15:16:48.471000,430.0576464577376,1000
2024-09-20 15:16:48.474000,429.9815137149452,97
2024-09-20 15:16:48.508000,430.0226215287656,9
2024-09-20 15:16:48.536000,430.0007394797916,1000
2024-09-20 15:16:48.572000,430.05260856846166,11
2024-09-20 15:16:48.614000,429.9876481655649,99
2024-09-20 15:16:48.622000,430.0230310552725,102
2024-09-20 15:16:48.776000,430.01252953094007,999
2024-09-20 15:16:48.788000,430.0393298347845,1004
2024-09-20 15:16:48.847000,430.0564537065157,97
2024-09-20 15:16:48.853000,430.0409096009624,7
2024-09-20 15:16:48.864000,430.0379313942083,104
2024-09-20 15:16:48.901000,430.0122312720423,11
2024-09-20 15:16:49.029000,430.0827708036615,95
2024-09-20 15:16:49.188000,430.0781502835495,6
2024-09-20 15:16:49.336000,430.0787776628117,9
2024-09-20 15:16:49.347000,430.0581279193629,102
2024-09-20 15:16:49.353000,430.0416926082363,1004
2024-09-20 15:16:49.374000,430.0891404615414,10
2024-09-20 15:16:49.534000,430.07176911533935,97
2024-09-20 15:16:49.719000,430.064854065051,11
2024-09-20 15:16:49.753000,430.0786506379131,997
2024-09-20 15:16:49.791000,430.089422243146,12
2024-09-20 15:16:50.036000,430.0365523920848,997
2024-09-20 15:16:50.097000,430.0752482532062,97
2024-09-20 15:16:50.113000,430.0481130522346,1005
2024-09-20 15:16:50.153000,430.0283095687008,105
2024-09-20 15:16:50.417000,430.03971542081615,1005
2024-09-20 15:16:50.448000,430.0413416748645,100
2024-09-20 15:16:50.461000,430.050030468761,99
2024-09-20 15:16:50.584000,430.0377986102073,13
2024-09-20 15:16:50.608000,430.04245569815697,104
2024-09-20 15:16:50.645000,430.0503562860443,1005
2024-09-20 15:16:50.652000,430.0325089586571,1004
2024-09-20 15:16:50.705000,430.05854227320015,96
2024-09-20 15:16:50.739000,430.0528905644082,103
2024-09-20 15:16:50.771000,430.0519864611136,1005
2024-09-20 15:16:50.792000,430.0424877963385,1000
2024-09-20 15:16:50.927000,430.0437462210873,96
2024-09-20 15:16:50.987000,430.0338298445293,105
2024-09-20 15:16:51.048000,430.0405678707333,12
2024-09-20 15:16:51.333000,430.0220028695803,8
2024-09-20 15:16:51.337000,430.0414029079212,99
2024-09-20 15:16:51.361000,430.0203021836842,99
2024-09-20 15:16:51.405000,430.0325533628859,96
2024-09-20 15:16:51.414000,430.0112996616724,996
2024-09-20 15:16:51.422000,430.0141963172242,1005
2024-09-20 15:16:51.486000,430.022963928767,6
2024-09-20 15:16:51.509000,430.0363137186918,998
2024-09-20 15:16:51.580000,430.01654422808537,95
2024-09-20 15:16:51.641000,430.04711095446027,10
2024-09-20 15:16:51.664000,430.0190384896037,5
2024-09-20 15:16:51.729000,430.036949561469,13
2024-09-20 15:16:51.742000,430.0320357934345,99
2024-09-20 15:16:51.753000,430.01793927745945,101
2024-09-20 15:16:51.891000,430.0608488437796,5
2024-09-20 15:16:51.893000,430.0404350877088,995
2024-09-20 15:16:51.923000,430.03203486705183,8
2024-09-20 15:16:51.954000,430.0489199670572,11
2024-09-20 15:16:51.955000,430.03911856894166,9
2024-09-20 15:16:51.960000,430.0173174611821,105
2024-09-20 15:16:51.974000,430.0339334093432,105
2024-09-20 15:16:52.004000,429.9965193875906,10
2024-09-20 15:16:52.040000,430.0114762977705,15
2024-09-20 15:16:52.058000,429.9846438157213,102
2024-09-20 15:16:52.058000,429.9814720181645,15
2024-09-20 15:16:52.064000,430.0019026236854,1004
2024-09-20 15:16:52.069000,430.0023969316183,12
2024-09-20 15:16:52.100000,430.02549718340526,997
2024-09-20 15:16:52.273000,430.0155424692159,104
2024-09-20 15:16:52.275000,429.9975711305734,15
2024-09-20 15:16:52.279000,429.98526363784674,95
2024-09-20 15:16:52.308000,430.0311317390241,996
2024-09-20 15:16:52.375000,430.04672245870336,104
2024-09-20 15:16:52.446000,429.9940092676711,10
2024-09-20 15:16:52.449000,430.0478756068663,1004
2024-09-20 15:16:52.470000,430.0197897527176,95
2024-09-20 15:16:52.553000,430.0074928554683,101
2024-09-20 15:16:52.554000,430.01205060991447,996
2024-09-20 15:16:52.592000,429.9944591659963,1004
2024-09-20 15:16:52.643000,429.9906680838078,7
2024-09-20 15:16:52.681000,429.9963506975007,13
2024-09-20 15:16:52.684000,430.0040959868184,995
2024-09-20 15:16:52.697000,430.0038752538295,999
2024-09-20 15:16:52.754000,430.01002786678686,102
2024-09-20 15:16:52.894000,430.00334486616936,10
2024-09-20 15:16:52.963000,429.9880918057858,12
2024-09-20 15:16:52.984000,429.9855873265371,1001
2024-09-20 15:16:54.004000,430.003596018646,6
2024-09-20 15:16:54.012000,430.0619215090557,105
2024-09-20 15:16:54.025000,430.0173451514014,103
2024-09-20 15:16:54.208000,429.9867833612097,95
2024-09-20 15:16:54.250000,430.0329924013179,995
2024-09-20 15:16:54.315000,430.0139483079643,95
2024-09-20 15:16:54.338000,430.01084379643805,15
2024-09-20 15:16:54.354000,430.0185332505207,1004
2024-09-20 15:16:54.471000,430.0967545964186,98
2024-09-20 15:16:54.481000,430.0413920545873,97
2024-09-20 15:16:54.562000,430.0002821577451,1005
2024-09-20 15:16:54.585000,430.0246972990725,997
2024-09-20 15:16:54.601000,430.0849453950488,1001
2024-09-20 15:16:54.703000,430.0974484086232,1003
2024-09-20 15:16:54.716000,430.0014270612111,13
2024-09-20 15:16:54.761000,430.0147676117819,1005
2024-09-20 15:16:54.836000,430.0174811500167,98
2024-09-20 15:16:54.838000,430.00214708095154,999
2024-09-20 15:16:54.870000,430.01215871703056,98
2024-09-20 15:16:54.885000,429.9583511603018,1004
2024-09-20 15:16:54.935000,430.0818953502782,999
2024-09-20 15:16:54.941000,429.99428878456473,9
2024-09-20 15:16:54.973000,430.0085697548831,98
2024-09-20 15:16:54.983000,430.0761315939624,1001
2024-09-20 15:16:55.074000,429.9866108207119,11
2024-09-20 15:16:55.172000,429.9974846724062,12
2024-09-20 15:16:55.180000,429.9921286654437,999
2024-09-20 15:16:55.278000,429.9960486365373,997
2024-09-20 15:16:55.377000,430.00810440051725,102
2024-09-20 15:16:55.377000,430.0184513365463,1000
2024-09-20 15:16:55.492000,429.9728197992569,15
2024-09-20 15:16:55.499000,429.99937962434007,1002
2024-09-20 15:16:55.607000,429.97921914522686,95
2024-09-20 15:16:55.619000,429.9740516205512,1005
2024-09-20 15:16:55.746000,429.9901557401247,1001
2024-09-20 15:16:55.833000,430.0245491136458,5
2024-09-20 15:16:55.877000,429.999541078014,12
2024-09-20 15:16:55.962000,429.9639842026394,1001
2024-09-20 15:16:55.987000,430.003215856501,13
2024-09-20 15:16:56.069000,429.99742040335775,10
2024-09-20 15:16:56.286000,429.99315341779146,95
2024-09-20 15:16:56.977000,429.9914298889241,10
2024-09-20 15:16:57.044000,429.97192059500577,15
2024-09-20 15:16:57.252000,429.97058021419525,98
2024-09-20 15:16:57.273000,429.98936634421966,95
2024-09-20 15:16:57.527000,429.9479347415839,95
2024-09-20 15:16:57.980000,429.9678913036713,105
2024-09-20 15:16:58.016000,429.977408662283,1000
2024-09-20 15:16:58.041000,429.9884260806762,104
2024-09-20 15:16:58.174000,429.97291022838425,997
2024-09-20 15:16:58.339000,429.9917808982798,15
2024-09-20 15:16:58.392000,429.9805709871866,995
2024-09-20 15:16:58.633000,429.9799651247018,95
2024-09-20 15:16:58.834000,429.9879991868774,96
2024-09-20 15:16:58.987000,429.9698583125484,9
2024-09-20 15:16:58.994000,429.9589576797973,103
2024-09-20 15:16:59.074000,429.9508101001751,7
2024-09-20 15:16:59.179000,429.9568068452384,12
2024-09-20 15:16:59.244000,429.9662520477912,5
2024-09-20 15:16:59.344000,429.9690760085067,5
2024-09-20 15:16:59.506000,429.9874745573777,96
2024-09-20 15:16:59.602000,429.9614303892406,8
