Timestamp,Price,Size
2024-09-19 15:40:00.059000,418.7363960427739,97
2024-09-19 15:40:00.075000,418.7459053294924,5
2024-09-19 15:40:00.265000,418.74726699168656,1004
2024-09-19 15:40:00.275000,418.71936616176623,8
2024-09-19 15:40:00.318000,418.7602131214202,999
2024-09-19 15:40:00.420000,418.7710757933883,14
2024-09-19 15:40:00.439000,418.742488067882,15
2024-09-19 15:40:00.451000,418.770871999282,10
2024-09-19 15:40:00.466000,418.74737836210574,1002
2024-09-19 15:40:00.474000,418.7987552957964,96
2024-09-19 15:40:00.493000,418.74527218398254,10
2024-09-19 15:40:00.556000,418.7272770000778,6
2024-09-19 15:40:00.566000,418.72716238867,101
2024-09-19 15:40:00.720000,418.7786921401462,98
2024-09-19 15:40:00.820000,418.74635088205935,104
2024-09-19 15:40:00.838000,418.76833889109713,999
2024-09-19 15:40:00.866000,418.7406800060333,101
2024-09-19 15:40:00.945000,418.7226684149844,102
2024-09-19 15:40:01.013000,418.8378817940592,996
2024-09-19 15:40:01.184000,418.8178882448341,103
2024-09-19 15:40:01.294000,418.8282607788996,1001
2024-09-19 15:40:01.307000,418.8132632860546,98
2024-09-19 15:40:01.311000,418.8117848740123,11
2024-09-19 15:40:01.332000,418.8332816703755,103
2024-09-19 15:40:01.370000,418.79821266131466,103
2024-09-19 15:40:01.410000,418.8215705305743,102
2024-09-19 15:40:01.493000,418.8070718693454,103
2024-09-19 15:40:01.513000,418.83385412306535,96
2024-09-19 15:40:01.543000,418.823215541425,996
2024-09-19 15:40:01.621000,418.833019484924,998
2024-09-19 15:40:01.628000,418.83288220986566,1003
2024-09-19 15:40:01.635000,418.8254038172445,1003
2024-09-19 15:40:01.666000,418.7847515588567,13
2024-09-19 15:40:01.753000,418.81748281158985,14
2024-09-19 15:40:01.914000,418.7937477102971,1000
2024-09-19 15:40:01.915000,418.8005567904394,95
2024-09-19 15:40:01.924000,418.82971748556895,105
2024-09-19 15:40:02.017000,418.855577305394,95
2024-09-19 15:40:02.061000,418.8361460545474,97
2024-09-19 15:40:02.093000,418.91384586135297,97
2024-09-19 15:40:02.150000,418.84372177807575,96
2024-09-19 15:40:02.164000,418.86186401779,103
2024-09-19 15:40:02.178000,418.8901354065615,995
2024-09-19 15:40:02.363000,418.8663050511302,99
2024-09-19 15:40:02.374000,418.8644840365764,6
2024-09-19 15:40:02.394000,418.8784763436352,1002
2024-09-19 15:40:02.479000,418.8488372135432,7
2024-09-19 15:40:02.518000,418.9244492294079,5
2024-09-19 15:40:02.521000,418.9316908772881,7
2024-09-19 15:40:02.537000,418.8512127985846,104
2024-09-19 15:40:02.550000,418.9140838015818,999
2024-09-19 15:40:02.556000,418.8545798856171,100
2024-09-19 15:40:02.557000,418.8882439865856,98
2024-09-19 15:40:02.707000,418.8582318257096,1000
2024-09-19 15:40:02.730000,418.8775932769639,999
2024-09-19 15:40:02.737000,418.8466531724332,15
2024-09-19 15:40:02.773000,418.9243839420069,12
2024-09-19 15:40:02.809000,418.9148019649248,995
2024-09-19 15:40:02.916000,418.8600924743568,998
2024-09-19 15:40:02.996000,418.8692473717611,1003
2024-09-19 15:40:03.016000,418.9915491481137,998
2024-09-19 15:40:03.164000,419.0196038317375,1001
2024-09-19 15:40:03.171000,419.02392941742727,103
2024-09-19 15:40:03.195000,419.0153261526502,995
2024-09-19 15:40:03.224000,419.0143487215929,999
2024-09-19 15:40:03.237000,418.97493571621465,10
2024-09-19 15:40:03.282000,418.99660320598497,104
2024-09-19 15:40:03.319000,419.01007578162745,13
2024-09-19 15:40:03.325000,418.9832873404943,8
2024-09-19 15:40:03.682000,419.0063699541115,14
2024-09-19 15:40:03.749000,418.9703015400016,6
2024-09-19 15:40:03.797000,419.0049524728176,8
2024-09-19 15:40:03.919000,419.0094043319959,100
2024-09-19 15:40:03.936000,418.94272592463216,14
2024-09-19 15:40:03.945000,419.0043895083975,101
2024-09-19 15:40:03.992000,418.959131142455,104
2024-09-19 15:40:04.037000,418.95904768724967,98
2024-09-19 15:40:04.040000,419.01226545018375,7
2024-09-19 15:40:04.071000,419.0002634662426,995
2024-09-19 15:40:04.211000,419.0338435143354,998
2024-09-19 15:40:04.245000,418.9713373150997,104
2024-09-19 15:40:04.371000,418.97720147481726,1003
2024-09-19 15:40:04.373000,418.9813121700032,10
2024-09-19 15:40:04.409000,419.0289065673289,102
2024-09-19 15:40:04.410000,418.9614236465374,995
2024-09-19 15:40:04.550000,419.0480704721308,98
2024-09-19 15:40:04.607000,419.0272914610828,102
2024-09-19 15:40:04.635000,419.0241171098103,11
2024-09-19 15:40:04.731000,418.9595944936131,1001
2024-09-19 15:40:04.866000,419.033608043043,14
2024-09-19 15:40:04.873000,419.0238016858577,9
2024-09-19 15:40:04.880000,419.0163077875145,9
2024-09-19 15:40:04.905000,419.0353244056709,5
2024-09-19 15:40:04.910000,419.0113208946251,103
2024-09-19 15:40:04.986000,419.01402329672027,98
2024-09-19 15:40:05.038000,418.9348543978105,95
2024-09-19 15:40:05.634000,418.9389583227003,1005
2024-09-19 15:40:05.733000,418.9381573566932,14
2024-09-19 15:40:06.010000,418.9055195745517,997
2024-09-19 15:40:06.041000,418.95797646205386,6
2024-09-19 15:40:06.119000,418.9025516239444,999
2024-09-19 15:40:06.173000,418.9455914514708,996
2024-09-19 15:40:06.200000,418.9255568453581,1003
2024-09-19 15:40:06.233000,418.9343472842269,996
2024-09-19 15:40:06.328000,418.92988601051366,96
2024-09-19 15:40:06.333000,418.9773623992303,102
2024-09-19 15:40:06.359000,418.9471423035982,101
2024-09-19 15:40:06.374000,418.9925589161164,11
2024-09-19 15:40:06.450000,418.913639863401,14
2024-09-19 15:40:06.542000,418.98280513831975,100
2024-09-19 15:40:06.551000,418.9659031937327,996
2024-09-19 15:40:06.594000,418.9617070689185,1002
2024-09-19 15:40:06.679000,418.9552529103697,1001
2024-09-19 15:40:06.698000,418.9781332633594,1002
2024-09-19 15:40:06.700000,418.976482024656,999
2024-09-19 15:40:06.722000,418.9266744210523,105
2024-09-19 15:40:06.731000,418.948138993744,101
2024-09-19 15:40:06.732000,418.99461297009566,13
2024-09-19 15:40:06.777000,418.9369137485189,104
2024-09-19 15:40:06.794000,418.95400454647137,8
2024-09-19 15:40:06.876000,418.9861313741983,10
2024-09-19 15:40:06.897000,418.9427483722896,10
2024-09-19 15:40:06.907000,418.9624664754985,105
2024-09-19 15:40:06.921000,418.9771731198419,1002
2024-09-19 15:40:06.965000,418.94551393189056,1000
2024-09-19 15:40:06.977000,418.96239160171393,99
2024-09-19 15:40:07.003000,419.0034420503481,96
2024-09-19 15:40:07.023000,419.00418499583486,104
2024-09-19 15:40:07.087000,419.01165622523126,96
2024-09-19 15:40:07.148000,419.00480108598754,1001
2024-09-19 15:40:07.257000,419.01540482757,15
2024-09-19 15:40:07.366000,419.0092119020496,99
2024-09-19 15:40:07.409000,419.014379864421,997
2024-09-19 15:40:07.433000,419.0037000489728,997
2024-09-19 15:40:07.499000,419.0244275145191,13
2024-09-19 15:40:07.631000,419.0071316234868,105
2024-09-19 15:40:07.637000,418.9953633559507,1005
2024-09-19 15:40:07.651000,418.9980031252624,98
2024-09-19 15:40:07.707000,418.99172875742863,10
2024-09-19 15:40:07.729000,419.0091098267067,101
2024-09-19 15:40:07.843000,418.9939536845664,1001
2024-09-19 15:40:07.967000,419.0167788455269,5
2024-09-19 15:40:07.991000,419.0206164324927,101
2024-09-19 15:40:08.191000,418.9996723196336,14
2024-09-19 15:40:08.353000,418.9971446307339,12
2024-09-19 15:40:08.360000,419.0046883352781,98
2024-09-19 15:40:08.607000,418.9981887666657,1000
2024-09-19 15:40:09.005000,418.9436586734988,1005
2024-09-19 15:40:09.107000,418.9719263545461,1005
2024-09-19 15:40:09.144000,418.9754441063842,100
2024-09-19 15:40:09.175000,418.9501588561128,12
2024-09-19 15:40:09.224000,418.978020652413,1003
2024-09-19 15:40:09.301000,418.9645999768516,15
2024-09-19 15:40:09.382000,418.9614110741336,998
2024-09-19 15:40:09.408000,418.9403340562158,98
2024-09-19 15:40:09.467000,418.9543410632179,95
2024-09-19 15:40:09.669000,418.95292584357753,99
2024-09-19 15:40:09.683000,418.94726465426106,15
2024-09-19 15:40:09.765000,418.9512359289789,6
2024-09-19 15:40:09.847000,418.9556399530968,104
2024-09-19 15:40:10.019000,418.9232435200947,1004
2024-09-19 15:40:10.177000,418.9444845111772,10
2024-09-19 15:40:10.217000,418.8313304937535,102
2024-09-19 15:40:10.311000,418.8590381751396,12
2024-09-19 15:40:10.452000,418.8510829482228,999
2024-09-19 15:40:10.465000,418.8613283805778,11
2024-09-19 15:40:10.479000,418.8645892349018,5
2024-09-19 15:40:10.483000,418.9111354889478,1001
2024-09-19 15:40:10.484000,418.85580246380334,95
2024-09-19 15:40:10.553000,418.9295465484664,5
2024-09-19 15:40:10.611000,418.84632248613366,105
2024-09-19 15:40:10.634000,418.8496745964986,1001
2024-09-19 15:40:10.654000,418.8621013951975,15
2024-09-19 15:40:10.702000,418.9187605714354,11
2024-09-19 15:40:10.704000,418.8569766765167,103
2024-09-19 15:40:10.732000,419.57806979124615,105
2024-09-19 15:40:10.755000,418.924115539812,996
2024-09-19 15:40:10.780000,418.8398123578796,102
2024-09-19 15:40:10.888000,418.9172389651776,11
2024-09-19 15:40:10.911000,419.5821208279634,1005
2024-09-19 15:40:10.946000,418.8510397927828,99
2024-09-19 15:40:10.958000,418.92291252951605,8
2024-09-19 15:40:10.976000,418.8597650629642,98
2024-09-19 15:40:11.056000,418.8379781883746,15
2024-09-19 15:40:11.137000,418.8638103222356,101
2024-09-19 15:40:11.232000,418.81170178957854,104
2024-09-19 15:40:11.239000,418.8633956736047,11
2024-09-19 15:40:11.300000,418.8656364311454,101
2024-09-19 15:40:11.347000,418.7933106917999,9
2024-09-19 15:40:11.383000,418.86901343231074,1001
2024-09-19 15:40:11.468000,418.8799190793839,1002
2024-09-19 15:40:11.537000,418.8589511512629,1001
2024-09-19 15:40:11.575000,418.8365142598793,105
2024-09-19 15:40:11.854000,418.81316049129873,1004
2024-09-19 15:40:11.967000,418.86600862770433,1003
2024-09-19 15:40:12.015000,418.8055473891356,5
2024-09-19 15:40:12.040000,418.88353475245134,11
2024-09-19 15:40:12.058000,418.7823210851832,12
2024-09-19 15:40:12.076000,418.8126720041778,14
2024-09-19 15:40:12.180000,418.8919976944357,103
2024-09-19 15:40:12.204000,418.8979582163713,10
2024-09-19 15:40:12.277000,418.7958980056869,11
2024-09-19 15:40:12.325000,418.8118213434385,1002
2024-09-19 15:40:12.507000,418.78865895732224,995
2024-09-19 15:40:12.535000,418.8328383844795,997
2024-09-19 15:40:12.602000,418.8180874560189,995
2024-09-19 15:40:12.746000,418.891887013591,996
2024-09-19 15:40:12.753000,418.8296453388056,7
2024-09-19 15:40:12.767000,418.8067232584747,9
2024-09-19 15:40:12.769000,418.8492923893894,8
2024-09-19 15:40:12.779000,418.78227878987934,1000
2024-09-19 15:40:12.789000,418.80764329883664,14
2024-09-19 15:40:12.819000,418.8206839541644,14
2024-09-19 15:40:12.905000,418.81678511140393,99
2024-09-19 15:40:12.913000,418.7945860266767,96
2024-09-19 15:40:12.933000,418.86518180561575,1004
2024-09-19 15:40:12.939000,418.8307615516115,15
2024-09-19 15:40:12.946000,418.8945529773056,995
2024-09-19 15:40:12.951000,418.8274398499516,9
2024-09-19 15:40:12.959000,418.7913881324495,1005
2024-09-19 15:40:12.962000,418.7986858622857,105
2024-09-19 15:40:13.098000,418.8833796416648,1005
2024-09-19 15:40:13.100000,418.90872405918464,1002
2024-09-19 15:40:13.222000,418.9076163425332,1005
2024-09-19 15:40:13.378000,418.8945185407582,1004
2024-09-19 15:40:13.455000,418.8186449233733,99
2024-09-19 15:40:13.661000,418.89750346224304,6
2024-09-19 15:40:13.690000,418.86784075817707,1001
2024-09-19 15:40:13.702000,418.8619134144254,1005
2024-09-19 15:40:13.724000,418.861107405813,1002
2024-09-19 15:40:13.738000,418.8689022127311,101
2024-09-19 15:40:13.786000,418.8785598954704,1000
2024-09-19 15:40:13.800000,418.81937138257433,995
2024-09-19 15:40:13.813000,418.8887560690407,1003
2024-09-19 15:40:13.813000,418.8762698855927,1003
2024-09-19 15:40:13.815000,418.8986215210304,12
2024-09-19 15:40:13.836000,418.8590315527657,996
2024-09-19 15:40:13.854000,418.889288572389,100
2024-09-19 15:40:13.891000,418.880286156861,12
2024-09-19 15:40:14.037000,418.859596661284,97
2024-09-19 15:40:14.073000,418.8258176471186,5
2024-09-19 15:40:14.100000,418.8385596938792,95
2024-09-19 15:40:14.130000,418.8291763698346,7
2024-09-19 15:40:14.347000,418.83877568694913,11
2024-09-19 15:40:14.407000,418.8535027799955,97
2024-09-19 15:40:14.409000,418.833334435619,97
2024-09-19 15:40:14.419000,418.82591972912894,100
2024-09-19 15:40:14.428000,418.8487047629218,1004
2024-09-19 15:40:14.457000,418.8349687636977,102
2024-09-19 15:40:14.462000,418.833819734963,11
2024-09-19 15:40:14.671000,418.8383735243924,11
2024-09-19 15:40:14.698000,418.84406034946846,104
2024-09-19 15:40:14.723000,418.8306720051928,9
2024-09-19 15:40:14.738000,418.8381598101342,10
2024-09-19 15:40:14.908000,418.88469470556487,14
2024-09-19 15:40:14.979000,418.8170161905568,11
2024-09-19 15:40:14.995000,418.8317695439317,11
2024-09-19 15:40:15.001000,418.8035186893193,103
2024-09-19 15:40:15.010000,418.7853905002504,12
2024-09-19 15:40:15.187000,418.767681682172,997
2024-09-19 15:40:15.226000,418.8113118237172,101
2024-09-19 15:40:15.239000,418.7578693901963,99
2024-09-19 15:40:15.366000,418.7970901558512,100
2024-09-19 15:40:15.371000,418.7559093984853,13
2024-09-19 15:40:15.379000,418.7817269976063,102
2024-09-19 15:40:15.391000,418.7698665234569,104
2024-09-19 15:40:15.416000,418.8085437091488,1001
2024-09-19 15:40:15.417000,418.79691243187887,1001
2024-09-19 15:40:15.540000,418.7846530850551,1000
2024-09-19 15:40:15.585000,418.7969207239331,99
2024-09-19 15:40:15.880000,418.7843468923999,11
2024-09-19 15:40:15.885000,418.773566446849,1003
2024-09-19 15:40:16.023000,418.78479033028697,12
2024-09-19 15:40:16.072000,418.7565916489156,98
2024-09-19 15:40:16.125000,418.7610549547984,13
2024-09-19 15:40:16.167000,418.8008988229191,999
2024-09-19 15:40:16.249000,418.79604665037976,13
2024-09-19 15:40:16.257000,418.8071153097972,13
2024-09-19 15:40:16.279000,418.7860852913959,15
2024-09-19 15:40:16.303000,418.8236142586278,95
2024-09-19 15:40:16.319000,418.7483535456057,15
2024-09-19 15:40:16.328000,418.7864264365972,5
2024-09-19 15:40:16.337000,418.7690971874361,13
2024-09-19 15:40:16.450000,418.7333120779927,10
2024-09-19 15:40:16.469000,418.80588573979054,95
2024-09-19 15:40:16.496000,418.8019079204497,102
2024-09-19 15:40:16.538000,418.7798918530457,8
2024-09-19 15:40:16.543000,418.74126487576905,95
2024-09-19 15:40:16.587000,418.765582985419,5
2024-09-19 15:40:16.611000,418.7542867997482,5
2024-09-19 15:40:16.639000,418.79742152329806,999
2024-09-19 15:40:16.652000,418.76065960326025,102
2024-09-19 15:40:16.698000,418.74757355680754,95
2024-09-19 15:40:16.740000,418.7945711502359,998
2024-09-19 15:40:16.749000,418.780075916473,12
2024-09-19 15:40:16.760000,419.652037151942,1003
2024-09-19 15:40:16.836000,418.76152174405576,9
2024-09-19 15:40:16.859000,418.77848352441686,995
2024-09-19 15:40:16.894000,418.7580354146188,100
2024-09-19 15:40:16.895000,418.778449792117,97
2024-09-19 15:40:16.919000,418.7685120367341,100
2024-09-19 15:40:16.954000,418.7722504387855,995
2024-09-19 15:40:17.024000,418.81170199219423,99
2024-09-19 15:40:17.153000,418.79997138110576,5
2024-09-19 15:40:17.208000,418.7763262084319,15
2024-09-19 15:40:17.216000,418.77688459621385,1000
2024-09-19 15:40:17.218000,418.8160241498945,998
2024-09-19 15:40:17.325000,418.7989990335963,5
2024-09-19 15:40:17.338000,418.7945689882102,1004
2024-09-19 15:40:17.401000,418.7922314388664,9
2024-09-19 15:40:17.522000,418.7735492781983,1004
2024-09-19 15:40:17.561000,418.7832553314792,1001
2024-09-19 15:40:17.608000,418.8401306188642,8
2024-09-19 15:40:17.612000,418.79892291969657,100
2024-09-19 15:40:17.691000,418.8076145584629,15
2024-09-19 15:40:17.708000,418.8111577897029,96
2024-09-19 15:40:17.710000,418.7972925972186,15
2024-09-19 15:40:17.745000,418.8243751252753,98
2024-09-19 15:40:17.793000,418.81000579503234,102
2024-09-19 15:40:17.829000,418.8030534931602,1002
2024-09-19 15:40:17.873000,418.7751225896217,6
2024-09-19 15:40:17.892000,418.8107513798021,105
2024-09-19 15:40:17.953000,418.761703617899,102
2024-09-19 15:40:18.077000,418.8449296060616,1004
2024-09-19 15:40:18.103000,419.65913455035655,7
2024-09-19 15:40:18.153000,418.84785042915695,996
2024-09-19 15:40:18.173000,418.84109762307503,12
2024-09-19 15:40:18.209000,418.8337704779212,998
2024-09-19 15:40:18.286000,418.8539570799293,997
2024-09-19 15:40:18.312000,418.8363490392713,8
2024-09-19 15:40:18.424000,418.8196268614368,95
2024-09-19 15:40:18.495000,418.84184534180446,101
2024-09-19 15:40:18.588000,418.8306871704255,97
2024-09-19 15:40:18.701000,418.8628496203722,96
2024-09-19 15:40:18.717000,418.8340912143119,100
2024-09-19 15:40:18.766000,418.85754790702873,13
2024-09-19 15:40:18.781000,418.8498105770983,1005
2024-09-19 15:40:18.783000,418.8483710180018,103
2024-09-19 15:40:18.802000,418.83658460782544,998
2024-09-19 15:40:18.832000,419.6384619399192,11
2024-09-19 15:40:18.934000,418.82521286600365,1001
2024-09-19 15:40:18.939000,418.84576860827474,97
2024-09-19 15:40:18.973000,418.8554772325293,97
2024-09-19 15:40:18.984000,418.8512313586757,104
2024-09-19 15:40:18.987000,418.8134194081263,95
2024-09-19 15:40:19.072000,418.8601429481858,1005
2024-09-19 15:40:19.190000,418.8724849323176,6
2024-09-19 15:40:19.332000,418.85519442802,1005
2024-09-19 15:40:19.507000,418.8764209127279,105
2024-09-19 15:40:19.554000,418.8798449797928,9
2024-09-19 15:40:19.566000,418.8769361812439,997
2024-09-19 15:40:19.683000,418.86869858063113,14
2024-09-19 15:40:19.703000,418.8759033818599,96
2024-09-19 15:40:19.719000,418.8578650453993,12
2024-09-19 15:40:19.742000,418.86087878634055,999
2024-09-19 15:40:19.744000,418.856079938528,13
2024-09-19 15:40:19.746000,418.8611434305901,1002
2024-09-19 15:40:19.759000,418.8872966048591,12
2024-09-19 15:40:19.857000,418.879837437348,996
2024-09-19 15:40:19.929000,418.8675002944284,8
2024-09-19 15:40:19.970000,418.8548837814304,1001
2024-09-19 15:40:19.977000,418.8786800438322,1001
2024-09-19 15:40:21.045000,418.8470888832694,9
2024-09-19 15:40:21.227000,418.8649848710954,14
2024-09-19 15:40:21.295000,418.8490197527571,1002
2024-09-19 15:40:21.553000,418.85256124952855,1003
2024-09-19 15:40:21.734000,418.8528313710036,1002
2024-09-19 15:40:21.757000,418.8388070867289,15
2024-09-19 15:40:21.781000,418.8301109746174,1002
2024-09-19 15:40:21.803000,418.85502724594176,1001
2024-09-19 15:40:21.984000,418.8438977292217,104
2024-09-19 15:40:22.029000,418.8793603760981,102
2024-09-19 15:40:22.045000,418.8818894059177,1003
2024-09-19 15:40:22.049000,418.9089968727649,999
2024-09-19 15:40:22.077000,418.85782243670855,15
2024-09-19 15:40:22.115000,418.8554062179591,997
2024-09-19 15:40:22.133000,418.87993819657385,6
2024-09-19 15:40:22.152000,418.8724292240767,11
2024-09-19 15:40:22.175000,418.87979827409134,1001
2024-09-19 15:40:22.184000,418.877575051844,101
2024-09-19 15:40:22.225000,418.8820624745527,15
2024-09-19 15:40:22.243000,418.8580538692759,1000
2024-09-19 15:40:22.250000,418.9015389879775,102
2024-09-19 15:40:22.274000,418.8535709906112,9
2024-09-19 15:40:22.293000,418.8978353298012,105
2024-09-19 15:40:22.299000,418.88932781767016,96
2024-09-19 15:40:22.328000,418.8805859922944,996
2024-09-19 15:40:22.409000,418.9069089702076,98
2024-09-19 15:40:22.462000,418.8924381449015,999
2024-09-19 15:40:22.499000,418.8661943480695,5
2024-09-19 15:40:22.511000,418.90895384225314,95
2024-09-19 15:40:22.562000,418.87629680020143,5
2024-09-19 15:40:22.758000,418.8824139083311,1002
2024-09-19 15:40:22.761000,418.905776206721,8
2024-09-19 15:40:22.770000,418.8699202122336,98
2024-09-19 15:40:22.814000,418.8913915761527,101
2024-09-19 15:40:22.922000,418.8832602779792,6
2024-09-19 15:40:22.926000,418.8760555421186,1004
2024-09-19 15:40:22.946000,418.8912210708021,98
2024-09-19 15:40:22.949000,418.89115244342855,1002
2024-09-19 15:40:22.950000,418.8719484239028,1003
2024-09-19 15:40:23.391000,418.90875779692686,995
2024-09-19 15:40:24.068000,418.8887824774712,12
2024-09-19 15:40:24.305000,418.9145068302034,98
2024-09-19 15:40:24.341000,418.9058961368183,102
2024-09-19 15:40:24.377000,418.8795956957131,1002
2024-09-19 15:40:24.391000,418.8959007302576,12
2024-09-19 15:40:24.443000,418.8887284038177,997
2024-09-19 15:40:24.449000,418.8845196203014,13
2024-09-19 15:40:24.461000,418.8837016918722,996
2024-09-19 15:40:24.474000,418.9062707007072,1004
2024-09-19 15:40:24.534000,418.9007241629725,997
2024-09-19 15:40:24.567000,418.9132775965367,100
2024-09-19 15:40:24.689000,418.88527111608926,5
2024-09-19 15:40:24.878000,418.88635415692966,101
2024-09-19 15:40:25.124000,418.9580489350511,998
2024-09-19 15:40:25.177000,418.94601681469794,15
2024-09-19 15:40:25.184000,418.9474277278224,103
2024-09-19 15:40:25.207000,418.945647616633,6
2024-09-19 15:40:25.283000,418.90753030225176,97
2024-09-19 15:40:25.406000,418.9248110218192,95
2024-09-19 15:40:25.524000,418.9486786956156,12
2024-09-19 15:40:25.544000,418.95062457461904,99
2024-09-19 15:40:25.562000,418.9370660872972,999
2024-09-19 15:40:25.700000,418.9450444308701,11
2024-09-19 15:40:25.739000,418.8929847696617,14
2024-09-19 15:40:25.799000,418.9605641036294,14
2024-09-19 15:40:25.816000,418.9427977004544,12
2024-09-19 15:40:25.835000,418.8810262105599,95
2024-09-19 15:40:25.848000,418.938593210356,1001
2024-09-19 15:40:25.857000,418.9050158528444,95
2024-09-19 15:40:25.973000,418.9017303940603,996
2024-09-19 15:40:25.987000,418.941604559844,7
2024-09-19 15:40:26.023000,418.9359636398473,96
2024-09-19 15:40:26.040000,418.9396668307122,1004
2024-09-19 15:40:26.555000,418.9385071413213,10
2024-09-19 15:40:27.023000,418.9289972867451,100
2024-09-19 15:40:27.035000,418.9426683970788,8
2024-09-19 15:40:27.062000,418.943482466333,12
2024-09-19 15:40:27.066000,418.94686611971,1001
2024-09-19 15:40:27.092000,419.01709024586165,1004
2024-09-19 15:40:27.170000,418.9455707638878,1002
2024-09-19 15:40:27.198000,418.91598510420806,10
2024-09-19 15:40:27.210000,418.9283296791146,6
2024-09-19 15:40:27.267000,418.9474509138182,1000
2024-09-19 15:40:27.283000,418.91515655010807,9
2024-09-19 15:40:27.291000,419.01742614559225,14
2024-09-19 15:40:27.319000,419.70384174133466,10
2024-09-19 15:40:27.369000,418.9848162039286,13
2024-09-19 15:40:27.438000,418.9357817313335,9
2024-09-19 15:40:27.548000,418.9551212033628,97
2024-09-19 15:40:27.567000,418.9051912040949,99
2024-09-19 15:40:27.692000,418.92998915958776,996
2024-09-19 15:40:27.706000,418.92464100102615,104
2024-09-19 15:40:27.728000,418.9801513289448,995
2024-09-19 15:40:27.740000,418.97146665277256,102
2024-09-19 15:40:27.755000,419.02603955857,95
2024-09-19 15:40:27.795000,418.9327575737317,1000
2024-09-19 15:40:27.796000,418.9559331481451,97
2024-09-19 15:40:27.825000,418.9549701872069,13
2024-09-19 15:40:27.899000,418.98932753436816,103
2024-09-19 15:40:27.906000,418.9308475630952,96
2024-09-19 15:40:27.916000,418.9311776540077,98
2024-09-19 15:40:27.918000,419.0186377014318,5
2024-09-19 15:40:27.988000,418.925884423034,99
2024-09-19 15:40:28.041000,419.02857168763694,105
2024-09-19 15:40:28.109000,418.95895813166,102
2024-09-19 15:40:28.196000,419.0275533273277,10
2024-09-19 15:40:28.233000,419.0019845692807,102
2024-09-19 15:40:28.343000,418.9708063831778,1004
2024-09-19 15:40:28.362000,419.0032624891533,103
2024-09-19 15:40:28.433000,419.0272509687292,5
2024-09-19 15:40:28.461000,419.007418486529,6
2024-09-19 15:40:28.472000,419.0167346572882,105
2024-09-19 15:40:28.492000,418.9584275305642,10
2024-09-19 15:40:28.498000,419.0225096827868,7
2024-09-19 15:40:28.518000,419.0305272280789,105
2024-09-19 15:40:28.567000,419.0149318581957,97
2024-09-19 15:40:28.572000,419.03387214276864,997
2024-09-19 15:40:28.632000,419.0229846011785,96
2024-09-19 15:40:28.721000,418.9964266919919,1005
2024-09-19 15:40:28.871000,419.0231745270482,103
2024-09-19 15:40:28.874000,419.0157233742976,99
2024-09-19 15:40:28.986000,419.01233973004,104
2024-09-19 15:40:29.033000,419.0439009196527,101
2024-09-19 15:40:29.034000,418.9654909896314,102
2024-09-19 15:40:29.082000,419.0192384814493,10
2024-09-19 15:40:29.097000,418.97951909968026,102
2024-09-19 15:40:29.178000,419.0478884641785,104
2024-09-19 15:40:29.211000,419.0458716720321,8
2024-09-19 15:40:29.234000,418.9992341604568,7
2024-09-19 15:40:29.263000,419.00960681067176,1005
2024-09-19 15:40:29.386000,419.017430150898,6
2024-09-19 15:40:29.391000,418.9870161800426,98
2024-09-19 15:40:29.394000,419.0075243170645,1005
2024-09-19 15:40:29.443000,419.02588941777617,95
2024-09-19 15:40:29.484000,418.9766291392437,11
2024-09-19 15:40:29.516000,418.9694836585208,15
2024-09-19 15:40:29.524000,418.96522885962,15
2024-09-19 15:40:29.654000,419.0307811285637,11
2024-09-19 15:40:29.669000,418.97172375608,95
2024-09-19 15:40:29.697000,419.0052251046873,13
2024-09-19 15:40:29.727000,418.9814041769629,98
2024-09-19 15:40:29.737000,419.0628005128896,12
2024-09-19 15:40:29.784000,419.0575846585854,13
2024-09-19 15:40:29.805000,419.0311313296123,996
2024-09-19 15:40:29.850000,419.05129063125054,99
2024-09-19 15:40:29.952000,418.9766946897512,95
2024-09-19 15:40:30.051000,418.98018319069513,9
2024-09-19 15:40:30.072000,418.9892500691458,12
2024-09-19 15:40:30.086000,418.9500191755863,100
2024-09-19 15:40:30.098000,418.9142412049619,12
2024-09-19 15:40:30.104000,418.9451741758442,6
2024-09-19 15:40:30.114000,418.92347528197394,1002
2024-09-19 15:40:30.217000,418.9553855377618,998
2024-09-19 15:40:30.297000,418.9985132055701,6
2024-09-19 15:40:30.359000,418.9100212165248,105
2024-09-19 15:40:30.371000,418.9589716557815,103
2024-09-19 15:40:30.373000,418.96241467660985,14
2024-09-19 15:40:30.388000,418.90852677013766,105
2024-09-19 15:40:30.438000,418.9899498748794,103
2024-09-19 15:40:30.443000,418.9859772392738,101
2024-09-19 15:40:30.520000,418.95620122505386,1005
2024-09-19 15:40:30.597000,418.8917273125328,99
2024-09-19 15:40:30.650000,418.9902027667512,1002
2024-09-19 15:40:30.730000,419.0014531562393,998
2024-09-19 15:40:30.739000,419.0058178367932,1004
2024-09-19 15:40:30.792000,419.0057044589903,95
2024-09-19 15:40:30.808000,418.9053749513367,1002
2024-09-19 15:40:30.906000,418.9438039296453,5
2024-09-19 15:40:30.914000,418.9394314691747,100
2024-09-19 15:40:30.962000,418.9699864768904,96
2024-09-19 15:40:30.967000,418.9251680236465,996
2024-09-19 15:40:30.975000,418.9110667160239,103
2024-09-19 15:40:30.983000,419.0200655648095,13
2024-09-19 15:40:31.028000,419.0505941057825,102
2024-09-19 15:40:31.104000,419.0309535231429,8
2024-09-19 15:40:31.148000,418.9878071447728,13
2024-09-19 15:40:31.202000,419.0213671453978,1003
2024-09-19 15:40:31.210000,419.0278779859871,8
2024-09-19 15:40:31.282000,419.04486462883057,7
2024-09-19 15:40:31.302000,419.03053207113993,103
2024-09-19 15:40:31.323000,419.04773343752606,5
2024-09-19 15:40:31.378000,419.01082024210586,105
2024-09-19 15:40:31.384000,419.0667969142627,100
2024-09-19 15:40:31.397000,418.9542347870917,101
2024-09-19 15:40:31.426000,419.0248401351329,100
2024-09-19 15:40:31.426000,419.0504121200955,6
2024-09-19 15:40:31.452000,419.0219188056438,105
2024-09-19 15:40:31.515000,419.0509496060926,96
2024-09-19 15:40:31.604000,419.03737462652833,8
2024-09-19 15:40:31.632000,419.03389716698535,101
2024-09-19 15:40:31.652000,419.04218103509,1001
2024-09-19 15:40:31.671000,419.0394751926596,1005
2024-09-19 15:40:31.717000,419.0230610137774,1001
2024-09-19 15:40:31.721000,419.0391335259899,5
2024-09-19 15:40:31.768000,419.0285514430404,96
2024-09-19 15:40:31.793000,419.05006741545606,97
2024-09-19 15:40:31.864000,419.0600140536749,999
2024-09-19 15:40:31.879000,418.9688771201169,15
2024-09-19 15:40:31.896000,419.0536012785321,1000
2024-09-19 15:40:31.966000,419.0458355656183,96
2024-09-19 15:40:31.968000,419.0444157312639,98
2024-09-19 15:40:31.990000,418.991617633632,1005
2024-09-19 15:40:32.019000,418.9733559995764,7
2024-09-19 15:40:32.029000,418.9722214477905,1003
2024-09-19 15:40:32.031000,418.99063139948606,102
2024-09-19 15:40:32.046000,419.0385252887301,12
2024-09-19 15:40:32.061000,418.9932566441462,15
2024-09-19 15:40:32.080000,418.9833197285399,997
2024-09-19 15:40:32.084000,418.9757972133622,996
2024-09-19 15:40:32.121000,419.05124901982623,5
2024-09-19 15:40:32.160000,418.9822689321418,5
2024-09-19 15:40:32.199000,418.9713910503373,101
2024-09-19 15:40:32.204000,418.9884936917997,995
2024-09-19 15:40:32.395000,418.9635113191681,6
2024-09-19 15:40:32.454000,419.0262740246456,8
2024-09-19 15:40:32.498000,418.9785119137412,96
2024-09-19 15:40:32.513000,418.98030642982087,13
2024-09-19 15:40:32.557000,419.0201870569356,1001
2024-09-19 15:40:32.565000,419.0504827348587,100
2024-09-19 15:40:32.616000,419.0411729535346,1000
2024-09-19 15:40:32.669000,419.0047767992048,95
2024-09-19 15:40:32.679000,418.9763648858736,10
2024-09-19 15:40:32.715000,419.0323254325861,99
2024-09-19 15:40:32.755000,418.98171003891065,100
2024-09-19 15:40:32.855000,418.979947272672,13
2024-09-19 15:40:32.871000,418.9715310175124,1001
2024-09-19 15:40:32.918000,419.0387807604703,1001
2024-09-19 15:40:32.926000,418.9694180683626,9
2024-09-19 15:40:32.989000,419.02962245679146,1000
2024-09-19 15:40:33.008000,418.9681574059188,8
2024-09-19 15:40:33.008000,418.9901293670217,13
2024-09-19 15:40:33.090000,418.9888084906148,104
2024-09-19 15:40:33.241000,418.9581206866816,1001
2024-09-19 15:40:33.242000,418.9779390940885,104
2024-09-19 15:40:33.253000,418.96010506395805,15
2024-09-19 15:40:33.397000,418.9861839352602,5
2024-09-19 15:40:33.433000,418.97806824943535,5
2024-09-19 15:40:33.437000,418.9924079479899,12
2024-09-19 15:40:33.445000,418.9478521050851,999
2024-09-19 15:40:33.464000,418.9754054327354,11
2024-09-19 15:40:33.489000,418.9805668720524,14
2024-09-19 15:40:33.499000,418.9598647252595,6
2024-09-19 15:40:33.544000,418.9652265447421,1005
2024-09-19 15:40:33.564000,418.95912758872265,6
2024-09-19 15:40:33.570000,418.9659778068017,9
2024-09-19 15:40:33.572000,419.00435048839057,95
2024-09-19 15:40:33.624000,418.96070341409927,13
2024-09-19 15:40:33.663000,418.9744963474256,1004
2024-09-19 15:40:33.668000,418.9545065948053,99
2024-09-19 15:40:33.694000,418.9530331426935,1005
2024-09-19 15:40:33.838000,418.9521433855323,95
2024-09-19 15:40:33.866000,418.9932221072812,999
2024-09-19 15:40:33.952000,418.95933956281993,15
2024-09-19 15:40:34.874000,418.9249335746118,1000
2024-09-19 15:40:34.884000,418.953939668059,98
2024-09-19 15:40:34.984000,418.9700297924622,101
2024-09-19 15:40:35.025000,418.90006702467457,10
2024-09-19 15:40:35.093000,418.8863200414308,9
2024-09-19 15:40:35.240000,418.9025463383885,6
2024-09-19 15:40:35.288000,418.9022764706136,96
2024-09-19 15:40:35.348000,418.9162779390074,13
2024-09-19 15:40:35.587000,418.896736432492,97
2024-09-19 15:40:35.702000,418.8997663194747,8
2024-09-19 15:40:35.780000,418.9075100433777,1000
2024-09-19 15:40:35.786000,418.8974166153631,96
2024-09-19 15:40:35.959000,418.894274858305,97
2024-09-19 15:40:35.999000,418.9114875358031,999
2024-09-19 15:40:36.032000,418.92007332421474,104
2024-09-19 15:40:36.035000,418.9029515655386,995
2024-09-19 15:40:36.061000,418.9319402790177,997
2024-09-19 15:40:36.173000,418.9404245372117,104
2024-09-19 15:40:36.195000,418.9284859210025,1002
2024-09-19 15:40:36.249000,418.9094163727303,13
2024-09-19 15:40:36.290000,418.9101341159261,6
2024-09-19 15:40:36.301000,418.9297903960557,15
2024-09-19 15:40:36.337000,418.9133427982056,9
2024-09-19 15:40:36.361000,418.94663243379006,10
2024-09-19 15:40:36.374000,418.91389983424426,11
2024-09-19 15:40:36.441000,418.8926395311308,15
2024-09-19 15:40:36.476000,418.95944066205215,14
2024-09-19 15:40:36.513000,418.939034044894,996
2024-09-19 15:40:36.540000,418.9009804301417,13
2024-09-19 15:40:36.561000,418.9239873102668,97
2024-09-19 15:40:36.731000,418.8823845976162,9
2024-09-19 15:40:36.798000,418.9194587847115,1004
2024-09-19 15:40:36.801000,418.88592944612776,95
2024-09-19 15:40:36.821000,418.9338040630446,103
2024-09-19 15:40:36.855000,418.9357766929076,1003
2024-09-19 15:40:36.875000,418.9469389008291,10
2024-09-19 15:40:36.948000,418.9096238896165,1004
2024-09-19 15:40:37.237000,418.9592417594496,995
2024-09-19 15:40:37.319000,418.9819084254296,995
2024-09-19 15:40:37.349000,418.9586226495364,5
2024-09-19 15:40:37.404000,418.8909504331736,103
2024-09-19 15:40:37.503000,418.9214743580283,15
2024-09-19 15:40:37.579000,418.94192776096,100
2024-09-19 15:40:37.593000,418.9480110024403,8
2024-09-19 15:40:37.601000,418.9283853250626,95
2024-09-19 15:40:37.711000,418.9208168693449,998
2024-09-19 15:40:37.727000,418.9255551386224,6
2024-09-19 15:40:37.736000,418.926327480594,103
2024-09-19 15:40:37.747000,418.9266419525181,14
2024-09-19 15:40:37.778000,418.95853613761216,101
2024-09-19 15:40:37.781000,418.9379459636756,1002
2024-09-19 15:40:37.862000,418.9185203500156,98
2024-09-19 15:40:37.875000,418.9629879213057,10
2024-09-19 15:40:37.876000,418.950115301655,1000
2024-09-19 15:40:37.892000,418.9426567547915,105
2024-09-19 15:40:37.972000,418.9342707493702,995
2024-09-19 15:40:38.011000,418.9088070656361,998
2024-09-19 15:40:38.041000,418.9171750122577,1004
2024-09-19 15:40:38.057000,418.9343622468865,15
2024-09-19 15:40:38.102000,418.960006822495,11
2024-09-19 15:40:38.221000,418.977608363521,104
2024-09-19 15:40:38.283000,418.9261965488968,1004
2024-09-19 15:40:38.321000,418.9214279559521,101
2024-09-19 15:40:38.350000,418.92427280559184,6
2024-09-19 15:40:38.408000,418.9380493976924,1003
2024-09-19 15:40:38.431000,418.9343144373489,12
2024-09-19 15:40:38.440000,418.91210653276,999
2024-09-19 15:40:38.445000,418.95414431732434,1005
2024-09-19 15:40:38.508000,418.90952876648686,8
2024-09-19 15:40:38.523000,418.9198477489634,999
2024-09-19 15:40:38.612000,418.95251848118727,95
2024-09-19 15:40:38.617000,418.89583585462384,996
2024-09-19 15:40:38.646000,418.9112359374549,10
2024-09-19 15:40:38.661000,418.9603772624159,13
2024-09-19 15:40:38.709000,418.9522194339113,7
2024-09-19 15:40:38.721000,418.93849407721154,6
2024-09-19 15:40:38.737000,418.9698734386255,1002
2024-09-19 15:40:38.742000,418.9353573911297,104
2024-09-19 15:40:38.765000,418.9953224698467,1004
2024-09-19 15:40:38.835000,418.9278037203069,1005
2024-09-19 15:40:38.852000,418.9553462108621,96
2024-09-19 15:40:38.893000,418.9177476252087,15
2024-09-19 15:40:38.953000,418.9487617941441,9
2024-09-19 15:40:38.990000,418.9519215238721,8
2024-09-19 15:40:39.067000,418.9551414760326,8
2024-09-19 15:40:39.075000,418.9244664599652,8
2024-09-19 15:40:39.185000,418.9426628587206,14
2024-09-19 15:40:39.222000,418.9665802673301,103
2024-09-19 15:40:39.226000,418.8967224300165,1005
2024-09-19 15:40:39.288000,418.9352261972963,100
2024-09-19 15:40:39.311000,418.9326071348777,998
2024-09-19 15:40:39.372000,418.991298618256,995
2024-09-19 15:40:39.405000,418.9778085680096,15
2024-09-19 15:40:39.488000,418.89355881274,5
2024-09-19 15:40:39.489000,419.6293368249489,14
2024-09-19 15:40:39.503000,418.9345806525358,1003
2024-09-19 15:40:39.654000,418.95580947000514,15
2024-09-19 15:40:39.792000,418.8946235019203,98
2024-09-19 15:40:39.815000,418.8965135155189,998
2024-09-19 15:40:39.834000,418.8969958545316,98
2024-09-19 15:40:39.968000,418.92464579835456,8
2024-09-19 15:40:39.999000,418.95240420038647,6
2024-09-19 15:40:40.017000,418.99636570937577,998
2024-09-19 15:40:40.067000,418.9898408816278,98
2024-09-19 15:40:40.086000,418.9469977686814,96
2024-09-19 15:40:40.160000,419.00751026493134,10
2024-09-19 15:40:40.205000,418.9680139969864,999
2024-09-19 15:40:40.217000,418.9343066443299,998
2024-09-19 15:40:40.218000,418.98722016787815,1001
2024-09-19 15:40:40.257000,418.9905920249182,100
2024-09-19 15:40:40.372000,418.9437872446771,1001
2024-09-19 15:40:40.410000,419.00146228386745,1004
2024-09-19 15:40:40.470000,418.9931017291641,996
2024-09-19 15:40:40.502000,418.9671639932963,997
2024-09-19 15:40:40.511000,418.977981649449,5
2024-09-19 15:40:40.579000,418.9239932753428,101
2024-09-19 15:40:40.632000,418.9713238721105,95
2024-09-19 15:40:40.785000,418.96851638026817,998
2024-09-19 15:40:40.806000,418.9802434830749,14
2024-09-19 15:40:40.844000,418.9513191461146,5
2024-09-19 15:40:40.960000,418.9981906044212,1000
2024-09-19 15:40:40.995000,418.9450829450364,96
2024-09-19 15:40:41.015000,418.9854625341357,5
2024-09-19 15:40:41.026000,418.9589530738669,13
2024-09-19 15:40:41.049000,418.9851612999025,100
2024-09-19 15:40:41.073000,418.924535280298,103
2024-09-19 15:40:41.175000,418.9200249850613,12
2024-09-19 15:40:41.218000,418.9398417003351,1000
2024-09-19 15:40:41.219000,418.9409804237032,996
2024-09-19 15:40:41.254000,418.918541200924,96
2024-09-19 15:40:41.351000,418.9700291261812,97
2024-09-19 15:40:41.369000,419.0066664469519,98
2024-09-19 15:40:41.374000,419.018537792765,995
2024-09-19 15:40:41.383000,418.9809498413861,99
2024-09-19 15:40:41.416000,418.9463532688049,5
2024-09-19 15:40:41.441000,418.97243514018766,995
2024-09-19 15:40:41.515000,419.0171467731855,95
2024-09-19 15:40:41.573000,418.9730153808983,9
2024-09-19 15:40:41.583000,419.0329677164212,1001
2024-09-19 15:40:41.651000,418.9151568117268,15
2024-09-19 15:40:41.762000,418.9392640059369,101
2024-09-19 15:40:41.834000,418.90730333400177,12
2024-09-19 15:40:41.846000,418.9351100993381,998
2024-09-19 15:40:41.966000,418.9704304603747,1005
2024-09-19 15:40:41.980000,419.00547651595423,1001
2024-09-19 15:40:42.109000,419.0372340741362,98
2024-09-19 15:40:42.142000,419.0478036268055,103
2024-09-19 15:40:42.487000,419.03069004776336,7
2024-09-19 15:40:42.493000,419.0145146658393,7
2024-09-19 15:40:42.642000,419.0181345055041,15
2024-09-19 15:40:42.658000,419.0273091660844,12
2024-09-19 15:40:42.666000,419.0177931209311,14
2024-09-19 15:40:43.060000,419.0598513250317,8
2024-09-19 15:40:43.082000,419.1038905680838,105
2024-09-19 15:40:43.086000,419.0523113789566,99
2024-09-19 15:40:43.108000,419.0689008564297,1000
2024-09-19 15:40:43.149000,419.06110276796494,9
2024-09-19 15:40:43.175000,419.04315710506336,1001
2024-09-19 15:40:43.267000,419.040708513881,10
2024-09-19 15:40:43.297000,419.0694306982445,100
2024-09-19 15:40:43.298000,419.0543209766507,101
2024-09-19 15:40:43.335000,419.0220758814095,5
2024-09-19 15:40:43.339000,419.05676856313255,1001
2024-09-19 15:40:43.381000,419.06220531130543,99
2024-09-19 15:40:43.424000,419.054669728476,14
2024-09-19 15:40:43.486000,419.03543453461776,7
2024-09-19 15:40:43.536000,419.0673897994503,5
2024-09-19 15:40:43.626000,419.0540223894014,996
2024-09-19 15:40:43.787000,419.0744396395707,996
2024-09-19 15:40:43.794000,419.1078408460818,102
2024-09-19 15:40:43.897000,419.0420130630099,105
2024-09-19 15:40:43.935000,419.0654536984941,97
2024-09-19 15:40:43.965000,419.0617064020979,95
2024-09-19 15:40:43.974000,419.04121040029327,1003
2024-09-19 15:40:44.023000,419.1010960593681,12
2024-09-19 15:40:44.024000,419.0827190889688,996
2024-09-19 15:40:44.026000,419.0891053536964,1001
2024-09-19 15:40:44.039000,419.0642475694743,998
2024-09-19 15:40:44.185000,419.0538773094747,95
2024-09-19 15:40:44.215000,419.0711347544048,104
2024-09-19 15:40:44.240000,419.095773314402,11
2024-09-19 15:40:44.292000,419.10731461472807,95
2024-09-19 15:40:44.351000,419.0474035117069,12
2024-09-19 15:40:44.398000,419.0769389723478,9
2024-09-19 15:40:44.438000,419.0815662860328,1001
2024-09-19 15:40:44.592000,419.1036459363234,8
2024-09-19 15:40:44.725000,419.0994573584204,96
2024-09-19 15:40:44.761000,419.0841395160457,13
2024-09-19 15:40:44.766000,419.08216280699344,999
2024-09-19 15:40:44.876000,419.0818077577436,96
2024-09-19 15:40:44.893000,419.1059689715013,13
2024-09-19 15:40:44.961000,419.0580014317009,101
2024-09-19 15:40:44.975000,419.1074679818692,11
2024-09-19 15:40:45.056000,419.1019074644024,99
2024-09-19 15:40:45.100000,419.1025957921029,105
2024-09-19 15:40:45.173000,419.09799926718347,10
2024-09-19 15:40:45.233000,419.11146319579785,95
2024-09-19 15:40:45.292000,419.1012362912411,7
2024-09-19 15:40:45.406000,419.0801654941112,8
2024-09-19 15:40:45.429000,419.1074166168879,98
2024-09-19 15:40:45.481000,419.0663314879673,97
2024-09-19 15:40:45.524000,419.1159948524207,13
2024-09-19 15:40:45.608000,419.11147891899935,6
2024-09-19 15:40:45.681000,419.0912867046774,15
2024-09-19 15:40:45.700000,419.09652469241774,100
2024-09-19 15:40:45.909000,419.1078217191811,997
2024-09-19 15:40:45.970000,419.07318231956486,15
2024-09-19 15:40:45.981000,419.10376395785727,5
2024-09-19 15:40:46.002000,419.0527693859404,1005
2024-09-19 15:40:46.086000,419.1054352984561,105
2024-09-19 15:40:46.104000,419.07057170185726,11
2024-09-19 15:40:46.170000,419.0888163260151,8
2024-09-19 15:40:46.207000,419.09838495525,6
2024-09-19 15:40:46.294000,419.07717567052526,11
2024-09-19 15:40:46.448000,419.06000276426136,101
2024-09-19 15:40:46.519000,419.0486107167932,999
2024-09-19 15:40:46.578000,419.0612242864963,101
2024-09-19 15:40:46.706000,419.05836267645407,95
2024-09-19 15:40:46.716000,419.0629837748445,13
2024-09-19 15:40:46.964000,419.0625565224239,1001
2024-09-19 15:40:46.978000,419.05888770880784,8
2024-09-19 15:40:47.356000,419.02822369533646,7
2024-09-19 15:40:47.422000,419.0334552478494,95
2024-09-19 15:40:47.629000,419.0413302351416,105
2024-09-19 15:40:47.709000,419.0271613345266,998
2024-09-19 15:40:47.919000,419.03603950004936,1005
2024-09-19 15:40:47.926000,419.0203300341373,100
2024-09-19 15:40:47.930000,419.0420334644817,95
2024-09-19 15:40:47.990000,419.02479376196254,998
2024-09-19 15:40:48.002000,418.940425367978,102
2024-09-19 15:40:48.043000,418.9387861318057,11
2024-09-19 15:40:48.090000,419.0144201137758,1003
2024-09-19 15:40:48.192000,418.9447151595854,1002
2024-09-19 15:40:48.230000,418.9577687801201,1001
2024-09-19 15:40:48.244000,419.0089327119552,1002
2024-09-19 15:40:48.375000,419.0247396125308,14
2024-09-19 15:40:48.423000,418.9382861719789,9
2024-09-19 15:40:48.444000,418.9804277192613,105
2024-09-19 15:40:48.483000,419.0231760064778,101
2024-09-19 15:40:48.519000,418.9323129455865,10
2024-09-19 15:40:48.528000,418.9277459033087,96
2024-09-19 15:40:48.668000,418.9744689719633,7
2024-09-19 15:40:48.674000,418.9414487115377,99
2024-09-19 15:40:48.717000,418.9448377325757,102
2024-09-19 15:40:48.867000,419.0166505232241,1003
2024-09-19 15:40:48.909000,419.01610915429546,15
2024-09-19 15:40:48.951000,418.9911704730106,102
2024-09-19 15:40:49.124000,419.01401068525024,15
2024-09-19 15:40:49.229000,418.9270248473136,7
2024-09-19 15:40:49.276000,418.9441786867809,1001
2024-09-19 15:40:49.331000,418.9571768500901,95
2024-09-19 15:40:49.456000,418.9067988992749,1001
2024-09-19 15:40:49.553000,418.9192550086101,96
2024-09-19 15:40:49.623000,419.873252570637,97
2024-09-19 15:40:49.650000,418.9142866491631,1001
2024-09-19 15:40:49.654000,418.9210012102584,97
2024-09-19 15:40:49.696000,418.9875564042994,95
2024-09-19 15:40:49.700000,419.0279315298844,102
2024-09-19 15:40:49.754000,418.9509606271076,1004
2024-09-19 15:40:49.813000,419.0056727923373,104
2024-09-19 15:40:49.867000,418.9343029242278,103
2024-09-19 15:40:49.874000,419.0016076402368,8
2024-09-19 15:40:49.940000,418.9080744239501,104
2024-09-19 15:40:49.971000,419.0073277502097,998
2024-09-19 15:40:50.012000,418.942737546024,99
2024-09-19 15:40:50.039000,418.9785174016159,98
2024-09-19 15:40:50.072000,418.97238756385,96
2024-09-19 15:40:50.138000,418.96563055065343,97
2024-09-19 15:40:50.301000,418.94397907304096,100
2024-09-19 15:40:50.346000,418.9389321576706,999
2024-09-19 15:40:50.359000,418.93909381571785,8
2024-09-19 15:40:50.393000,418.93600535384894,999
2024-09-19 15:40:50.575000,418.9967480243174,103
2024-09-19 15:40:50.601000,419.0033010919519,1003
2024-09-19 15:40:50.667000,418.9573788091229,1000
2024-09-19 15:40:50.694000,418.97812340808,14
2024-09-19 15:40:50.727000,418.9365367178393,1003
2024-09-19 15:40:50.727000,418.9799721054604,999
2024-09-19 15:40:50.732000,418.9551208970757,103
2024-09-19 15:40:50.812000,418.9553107870466,13
2024-09-19 15:40:50.818000,418.95419556102985,98
2024-09-19 15:40:50.843000,418.99488466215513,8
2024-09-19 15:40:51.041000,418.96874986102455,995
2024-09-19 15:40:51.135000,418.96620851389577,10
2024-09-19 15:40:51.384000,418.9826877501469,101
2024-09-19 15:40:51.587000,418.965962983653,14
2024-09-19 15:40:51.766000,418.9676708237085,1003
2024-09-19 15:40:51.964000,418.9677860144079,1003
2024-09-19 15:40:52.023000,419.04571596000585,1001
2024-09-19 15:40:52.120000,419.0548028324187,5
2024-09-19 15:40:52.185000,419.0570734109129,1005
2024-09-19 15:40:52.193000,419.0639747236865,97
2024-09-19 15:40:52.203000,419.07156280489295,999
2024-09-19 15:40:52.222000,419.0399465599671,1000
2024-09-19 15:40:52.290000,419.06205484569824,12
2024-09-19 15:40:52.331000,419.06505535474406,1001
2024-09-19 15:40:52.335000,419.0559138637905,101
2024-09-19 15:40:52.342000,419.0680071231646,101
2024-09-19 15:40:52.350000,419.06210302239697,99
2024-09-19 15:40:52.352000,419.0629352758466,95
2024-09-19 15:40:52.466000,419.0720243732745,12
2024-09-19 15:40:52.583000,419.0519845017526,1005
2024-09-19 15:40:52.608000,419.0501588526414,95
2024-09-19 15:40:52.638000,418.9851679709051,1000
2024-09-19 15:40:52.667000,419.0110105827904,105
2024-09-19 15:40:52.710000,419.05889633075407,1000
2024-09-19 15:40:52.742000,418.970869606724,101
2024-09-19 15:40:52.824000,419.0647909949224,9
2024-09-19 15:40:52.871000,419.0512294647384,98
2024-09-19 15:40:52.892000,419.0438264624628,11
2024-09-19 15:40:52.973000,419.05910957607387,13
2024-09-19 15:40:53.026000,419.075123384174,9
2024-09-19 15:40:53.064000,419.0242392137568,14
2024-09-19 15:40:53.135000,419.0544223157784,105
2024-09-19 15:40:53.195000,419.04846325373336,11
2024-09-19 15:40:53.199000,419.0648152572845,103
2024-09-19 15:40:53.265000,419.0603645923401,101
2024-09-19 15:40:53.455000,419.07359524782265,7
2024-09-19 15:40:53.474000,419.0456965677935,96
2024-09-19 15:40:53.569000,419.0676243729274,102
2024-09-19 15:40:53.740000,419.03904986002607,95
2024-09-19 15:40:53.793000,419.06521946123087,96
2024-09-19 15:40:53.806000,419.0646349181741,99
2024-09-19 15:40:53.963000,419.0510476795824,98
2024-09-19 15:40:53.975000,419.05455103839057,1004
2024-09-19 15:40:53.990000,419.0861044912352,96
2024-09-19 15:40:54.010000,419.0141541792694,1000
2024-09-19 15:40:54.016000,419.0151189262803,1004
2024-09-19 15:40:54.259000,419.00935577271946,14
2024-09-19 15:40:54.262000,419.0601979780932,11
2024-09-19 15:40:54.318000,419.0786143889465,996
2024-09-19 15:40:54.411000,419.07321000351374,97
2024-09-19 15:40:54.523000,419.018336972165,1005
2024-09-19 15:40:54.594000,419.0075382029424,1003
2024-09-19 15:40:54.598000,419.0132349184795,98
2024-09-19 15:40:54.616000,419.0256949773007,101
2024-09-19 15:40:54.637000,419.0185364909957,995
2024-09-19 15:40:54.821000,419.037603469336,100
2024-09-19 15:40:54.828000,419.01994042324833,999
2024-09-19 15:40:54.960000,419.0423238354619,1003
2024-09-19 15:40:55.040000,419.0578575922879,95
2024-09-19 15:40:55.082000,419.0489453244654,996
2024-09-19 15:40:55.145000,419.08773105011466,99
2024-09-19 15:40:55.176000,419.0696023684097,998
2024-09-19 15:40:55.228000,419.06925053153657,996
2024-09-19 15:40:55.231000,419.0562227747114,15
2024-09-19 15:40:55.241000,419.0696872084128,11
2024-09-19 15:40:55.244000,419.0744581647732,997
2024-09-19 15:40:55.272000,419.0949637002776,1002
2024-09-19 15:40:55.301000,419.052214912636,14
2024-09-19 15:40:55.388000,419.0978653604248,102
2024-09-19 15:40:55.409000,419.056217210243,104
2024-09-19 15:40:55.425000,419.09426477261167,11
2024-09-19 15:40:55.429000,419.075549788362,105
2024-09-19 15:40:55.511000,419.0680564193498,14
2024-09-19 15:40:55.523000,419.100226627149,101
2024-09-19 15:40:55.547000,419.04457228450354,1004
2024-09-19 15:40:55.650000,419.0805887190992,100
2024-09-19 15:40:55.688000,419.0592689539311,1003
2024-09-19 15:40:55.803000,419.0455538157664,15
2024-09-19 15:40:55.896000,419.0343149638573,7
2024-09-19 15:40:55.953000,419.07407961857575,998
2024-09-19 15:40:56.066000,419.0377089453816,996
2024-09-19 15:40:56.093000,419.0486344371277,102
2024-09-19 15:40:56.098000,419.0441697131375,95
2024-09-19 15:40:56.110000,419.0263231068475,101
2024-09-19 15:40:56.125000,419.01310479852094,96
2024-09-19 15:40:56.160000,419.04186925350245,97
2024-09-19 15:40:56.165000,419.037311488381,1002
2024-09-19 15:40:56.168000,419.0237116898975,104
2024-09-19 15:40:56.215000,419.02974374976543,105
2024-09-19 15:40:56.312000,419.0234676567122,98
2024-09-19 15:40:56.326000,419.031230927443,95
2024-09-19 15:40:56.364000,419.0105013183346,1003
2024-09-19 15:40:56.375000,419.0371857317946,102
2024-09-19 15:40:56.383000,419.03357187606497,999
2024-09-19 15:40:56.393000,419.05231307345406,99
2024-09-19 15:40:56.461000,419.0305360192074,97
2024-09-19 15:40:56.463000,419.0325849063173,8
2024-09-19 15:40:56.464000,419.02211276958536,1004
2024-09-19 15:40:56.480000,419.028513619989,100
2024-09-19 15:40:56.502000,419.0406289855248,103
2024-09-19 15:40:56.502000,419.0410401301757,998
2024-09-19 15:40:56.507000,419.04551707139166,1005
2024-09-19 15:40:56.550000,419.0281754469282,105
2024-09-19 15:40:56.701000,419.02758279679273,1002
2024-09-19 15:40:56.734000,419.0476105885181,995
2024-09-19 15:40:56.737000,419.05746506184687,100
2024-09-19 15:40:56.749000,419.03769238041065,11
2024-09-19 15:40:56.800000,419.039810946233,1003
2024-09-19 15:40:56.861000,419.0444394262478,13
2024-09-19 15:40:57.002000,418.9993661670435,1005
2024-09-19 15:40:57.037000,419.02947117943216,996
2024-09-19 15:40:57.337000,418.9998861100025,1004
2024-09-19 15:40:57.415000,419.0004352927229,1000
2024-09-19 15:40:57.470000,419.01265507842703,7
2024-09-19 15:40:57.746000,419.00913885988666,102
2024-09-19 15:40:57.836000,419.0333925581628,6
2024-09-19 15:40:57.876000,419.0255985967981,11
2024-09-19 15:40:57.931000,418.9992058844773,103
2024-09-19 15:40:57.946000,419.0002888728817,5
2024-09-19 15:40:58.213000,419.0073250121013,995
2024-09-19 15:40:58.653000,418.9984543518285,12
2024-09-19 15:40:58.662000,418.9845660847572,1005
2024-09-19 15:40:58.664000,419.000099416878,15
2024-09-19 15:40:58.982000,419.0035460976066,97
2024-09-19 15:40:59.297000,419.0039751051028,98
2024-09-19 15:40:59.661000,418.98531535794217,1005
