Timestamp,Price,Size
2024-09-17 13:32:00.172000,401.22516771881385,999
2024-09-17 13:32:00.562000,401.22814247237744,7
2024-09-17 13:32:00.601000,401.2244459163087,8
2024-09-17 13:32:00.647000,401.2269793163769,995
2024-09-17 13:32:00.849000,401.2517540218535,13
2024-09-17 13:32:01.016000,401.2354195506232,100
2024-09-17 13:32:01.021000,401.1822862575776,1002
2024-09-17 13:32:01.274000,401.2199946146384,96
2024-09-17 13:32:01.275000,401.1944879005875,13
2024-09-17 13:32:01.308000,401.1894320920673,6
2024-09-17 13:32:01.353000,401.2284461600236,101
2024-09-17 13:32:01.407000,401.1770746981748,95
2024-09-17 13:32:01.473000,401.2236071479522,995
2024-09-17 13:32:01.496000,401.2002957784496,14
2024-09-17 13:32:01.543000,401.18875680622256,12
2024-09-17 13:32:01.849000,401.2385216068355,1005
2024-09-17 13:32:01.930000,401.2341752043719,8
2024-09-17 13:32:02.109000,401.19921195918056,998
2024-09-17 13:32:02.342000,401.1892548962263,1001
2024-09-17 13:32:02.371000,401.190709724621,997
2024-09-17 13:32:02.400000,401.1800512634271,100
2024-09-17 13:32:02.569000,401.1818264234537,12
2024-09-17 13:32:02.573000,401.1866509362846,6
2024-09-17 13:32:02.654000,401.18234836173326,8
2024-09-17 13:32:02.719000,401.17663882657257,998
2024-09-17 13:32:02.725000,401.1872537793815,9
2024-09-17 13:32:02.832000,401.1918458458284,5
2024-09-17 13:32:02.960000,401.1870295251871,105
2024-09-17 13:32:03.400000,401.1972648243772,999
2024-09-17 13:32:03.492000,401.1871897014853,97
2024-09-17 13:32:04.209000,401.1675731676445,995
2024-09-17 13:32:04.634000,401.1816610789767,96
2024-09-17 13:32:04.809000,401.1746330120704,995
2024-09-17 13:32:04.904000,401.17411019865455,998
2024-09-17 13:32:04.951000,401.17935326023377,1004
2024-09-17 13:32:05.013000,401.2022303173513,997
2024-09-17 13:32:05.015000,401.1755372025203,96
2024-09-17 13:32:05.072000,401.2182822212384,12
2024-09-17 13:32:05.131000,401.16573575586193,95
2024-09-17 13:32:05.147000,401.194997054493,1001
2024-09-17 13:32:05.230000,401.23107433732656,998
2024-09-17 13:32:05.306000,401.2165964724507,14
2024-09-17 13:32:05.355000,401.2279642901708,9
2024-09-17 13:32:05.424000,401.1836397144692,996
2024-09-17 13:32:05.432000,401.19212443329207,96
2024-09-17 13:32:05.433000,401.21703475881895,995
2024-09-17 13:32:05.488000,401.17951614373953,95
2024-09-17 13:32:05.514000,401.1750574189337,1001
2024-09-17 13:32:05.527000,401.2222513976988,6
2024-09-17 13:32:05.546000,401.1829105134127,98
2024-09-17 13:32:05.634000,401.2097019199617,6
2024-09-17 13:32:05.663000,401.1814978501468,996
2024-09-17 13:32:05.721000,401.2270607116033,105
2024-09-17 13:32:05.892000,401.22034182872153,14
2024-09-17 13:32:05.915000,401.1770697190718,14
2024-09-17 13:32:06.004000,401.1574968193223,1000
2024-09-17 13:32:06.012000,401.1989679126095,8
2024-09-17 13:32:06.363000,401.2090276291975,13
2024-09-17 13:32:06.372000,401.2054812717549,13
2024-09-17 13:32:06.595000,401.1714647837081,5
2024-09-17 13:32:06.736000,401.1658821594851,999
2024-09-17 13:32:06.739000,401.17228799768577,1004
2024-09-17 13:32:06.741000,401.17495646858,101
2024-09-17 13:32:06.787000,401.2122978213312,1000
2024-09-17 13:32:06.787000,401.18073679919934,1004
2024-09-17 13:32:06.864000,401.2017143420836,104
2024-09-17 13:32:06.879000,401.20384841382327,7
2024-09-17 13:32:06.895000,401.2275529613861,5
2024-09-17 13:32:06.906000,401.1521281717002,103
2024-09-17 13:32:06.965000,401.1939660373474,1001
2024-09-17 13:32:06.985000,401.1875680511652,1000
2024-09-17 13:32:07.240000,401.1493598455268,99
2024-09-17 13:32:07.258000,401.1756060075696,105
2024-09-17 13:32:07.272000,401.125629060692,996
2024-09-17 13:32:07.293000,401.1396876472648,1000
2024-09-17 13:32:07.453000,401.1661532395844,996
2024-09-17 13:32:07.528000,401.1313002845312,995
2024-09-17 13:32:07.714000,401.121997013373,99
2024-09-17 13:32:07.714000,401.15898043685627,1002
2024-09-17 13:32:07.784000,401.1510253690632,999
2024-09-17 13:32:07.825000,401.188565185933,1004
2024-09-17 13:32:08.531000,401.1063031352248,6
2024-09-17 13:32:08.622000,401.1072480698015,105
2024-09-17 13:32:08.656000,401.1341683074227,103
2024-09-17 13:32:09.071000,401.0822354874325,1003
2024-09-17 13:32:09.117000,401.0947591346291,98
2024-09-17 13:32:09.133000,401.1013981060843,999
2024-09-17 13:32:09.235000,401.1134624797778,105
2024-09-17 13:32:09.250000,401.0915218188668,15
2024-09-17 13:32:09.268000,401.09783714860896,96
2024-09-17 13:32:09.385000,401.0966971224344,96
2024-09-17 13:32:09.398000,401.0971870844936,1004
2024-09-17 13:32:09.495000,401.0874132054805,7
2024-09-17 13:32:09.747000,401.0930610551582,105
2024-09-17 13:32:09.853000,401.11583211480126,96
2024-09-17 13:32:09.964000,401.0880508481999,1004
2024-09-17 13:32:10.799000,401.09173722127343,1000
2024-09-17 13:32:11.024000,401.1944558061427,1003
2024-09-17 13:32:11.175000,401.1922700196789,5
2024-09-17 13:32:11.175000,401.1727369804304,98
2024-09-17 13:32:11.246000,401.1051555467262,103
2024-09-17 13:32:11.281000,401.1399018770782,97
2024-09-17 13:32:11.296000,401.0687814895265,1002
2024-09-17 13:32:11.318000,401.1163001904832,1000
2024-09-17 13:32:11.381000,401.1406396586668,103
2024-09-17 13:32:11.619000,401.0894464466663,13
2024-09-17 13:32:11.749000,401.19463215706105,104
2024-09-17 13:32:11.853000,401.1580115101108,95
2024-09-17 13:32:11.891000,401.0939215222214,1004
2024-09-17 13:32:11.897000,401.15057445705,102
2024-09-17 13:32:12.036000,401.1063488523503,1004
2024-09-17 13:32:12.151000,401.1917762569564,996
2024-09-17 13:32:12.154000,401.1610148642208,9
2024-09-17 13:32:12.165000,401.1281191442713,14
2024-09-17 13:32:12.211000,401.1472192195816,6
2024-09-17 13:32:12.295000,401.1173519750701,8
2024-09-17 13:32:12.362000,401.1591337402052,12
2024-09-17 13:32:12.468000,401.1299876680312,1005
2024-09-17 13:32:12.510000,401.1224625230906,11
2024-09-17 13:32:12.516000,401.1197125493672,95
2024-09-17 13:32:12.617000,401.1614990082821,1002
2024-09-17 13:32:12.628000,401.1234624632279,14
2024-09-17 13:32:12.673000,401.12254327914206,11
2024-09-17 13:32:12.788000,401.15089410404767,97
2024-09-17 13:32:12.970000,401.179656098582,100
2024-09-17 13:32:13.491000,401.14878180684906,102
2024-09-17 13:32:14.146000,401.11647956349,10
2024-09-17 13:32:14.196000,401.1596215474031,1001
2024-09-17 13:32:14.642000,401.1332944476433,10
2024-09-17 13:32:14.727000,401.1476745186889,12
2024-09-17 13:32:14.779000,401.1194943862048,14
2024-09-17 13:32:14.949000,401.16492933007095,101
2024-09-17 13:32:15.002000,401.12564714117616,12
2024-09-17 13:32:15.072000,401.0824314304217,13
2024-09-17 13:32:15.105000,401.1072114480483,102
2024-09-17 13:32:15.109000,401.1015490048462,1002
2024-09-17 13:32:15.123000,401.06996548267017,995
2024-09-17 13:32:15.130000,401.1017399859208,996
2024-09-17 13:32:15.152000,401.118331441451,105
2024-09-17 13:32:15.162000,401.1090000433542,998
2024-09-17 13:32:15.180000,401.1067747562468,99
2024-09-17 13:32:15.187000,401.1270692169918,100
2024-09-17 13:32:15.207000,401.095920598222,7
2024-09-17 13:32:15.235000,401.1164389991785,9
2024-09-17 13:32:15.250000,401.0640256319665,105
2024-09-17 13:32:15.317000,401.1000692167033,101
2024-09-17 13:32:15.413000,401.0623003718393,9
2024-09-17 13:32:15.504000,401.0851369245659,9
2024-09-17 13:32:15.534000,401.1065417269617,101
2024-09-17 13:32:15.569000,401.1015784555778,11
2024-09-17 13:32:15.688000,401.1006882194774,95
2024-09-17 13:32:15.821000,401.1028454085973,6
2024-09-17 13:32:15.838000,401.0736952959817,98
2024-09-17 13:32:15.892000,401.1243405114565,1002
2024-09-17 13:32:15.912000,401.1005799575781,95
2024-09-17 13:32:15.989000,401.1025943434245,997
2024-09-17 13:32:15.993000,401.1295745171988,1004
2024-09-17 13:32:16.020000,401.0453479086654,996
2024-09-17 13:32:16.136000,401.0600704536885,102
2024-09-17 13:32:16.284000,401.0253408084173,1002
2024-09-17 13:32:16.341000,401.0429741650147,105
2024-09-17 13:32:16.355000,401.0449500317726,1004
2024-09-17 13:32:16.417000,401.03267117327806,1005
2024-09-17 13:32:16.446000,401.026897559204,1005
2024-09-17 13:32:16.478000,401.0663611152109,1002
2024-09-17 13:32:16.504000,401.0567704288682,15
2024-09-17 13:32:16.626000,401.0391477388205,102
2024-09-17 13:32:16.706000,401.0344362929487,102
2024-09-17 13:32:16.828000,401.038485684908,6
2024-09-17 13:32:16.913000,401.0457377586512,1001
2024-09-17 13:32:16.914000,401.0389328139648,103
2024-09-17 13:32:16.977000,401.0408987916471,101
2024-09-17 13:32:17.357000,401.0358997054013,98
2024-09-17 13:32:17.527000,401.0125486249871,9
2024-09-17 13:32:17.629000,401.0482241917978,99
2024-09-17 13:32:17.866000,400.99383195106674,6
2024-09-17 13:32:18.097000,400.984097002393,1005
2024-09-17 13:32:18.151000,400.9554821106965,13
2024-09-17 13:32:18.201000,401.0002152585413,1002
2024-09-17 13:32:18.220000,401.00607030764417,1005
2024-09-17 13:32:18.230000,400.99413798315135,103
2024-09-17 13:32:18.298000,400.9481398119262,1001
2024-09-17 13:32:18.301000,400.9995386872448,104
2024-09-17 13:32:18.541000,400.9447635845406,15
2024-09-17 13:32:18.699000,400.9894235003962,6
2024-09-17 13:32:18.719000,400.9526867649437,99
2024-09-17 13:32:18.764000,400.99367692170927,8
2024-09-17 13:32:18.869000,400.9546746669406,5
2024-09-17 13:32:18.891000,400.9994759371335,10
2024-09-17 13:32:18.958000,401.0057245438602,15
2024-09-17 13:32:18.978000,400.9815813392424,101
2024-09-17 13:32:19.090000,400.9388864079122,10
2024-09-17 13:32:19.112000,400.937647737592,7
2024-09-17 13:32:19.163000,400.9556615026223,995
2024-09-17 13:32:19.255000,400.9703143228183,105
2024-09-17 13:32:19.255000,400.9613876405375,101
2024-09-17 13:32:19.266000,400.9836150503787,1000
2024-09-17 13:32:19.289000,400.97211977916544,97
2024-09-17 13:32:19.319000,400.9610853111237,103
2024-09-17 13:32:19.363000,400.96150925779614,1002
2024-09-17 13:32:19.390000,400.9295152841841,997
2024-09-17 13:32:19.422000,400.9914213530637,103
2024-09-17 13:32:19.465000,400.9556653662403,100
2024-09-17 13:32:19.525000,400.9472611777243,102
2024-09-17 13:32:19.569000,400.9678708598456,7
2024-09-17 13:32:19.614000,400.9581601644229,1002
2024-09-17 13:32:19.661000,400.9678225142573,999
2024-09-17 13:32:19.670000,400.944801789691,1003
2024-09-17 13:32:19.678000,400.9540726517634,11
2024-09-17 13:32:19.696000,401.003424787493,98
2024-09-17 13:32:19.714000,400.92984191861296,1002
2024-09-17 13:32:19.781000,400.9578528207031,103
2024-09-17 13:32:19.801000,400.9782467684973,104
2024-09-17 13:32:19.912000,400.9646101242173,100
2024-09-17 13:32:19.950000,400.9580539067529,11
2024-09-17 13:32:20.082000,400.9733663064345,100
2024-09-17 13:32:20.083000,400.9811391007069,997
2024-09-17 13:32:20.091000,400.9845375650508,96
2024-09-17 13:32:20.126000,400.9531428187478,5
2024-09-17 13:32:20.161000,401.0077502017165,12
2024-09-17 13:32:20.358000,400.9974849199799,7
2024-09-17 13:32:20.387000,400.9829661018212,98
2024-09-17 13:32:20.395000,400.9941809974881,15
2024-09-17 13:32:20.420000,400.9516776306984,999
2024-09-17 13:32:20.540000,400.9567024951456,12
2024-09-17 13:32:20.624000,401.010396698429,1001
2024-09-17 13:32:20.682000,401.0276505452621,104
2024-09-17 13:32:20.701000,400.9935751168463,9
2024-09-17 13:32:20.794000,400.9768516220319,102
2024-09-17 13:32:20.810000,400.9534533568012,10
2024-09-17 13:32:20.957000,400.9908459707135,9
2024-09-17 13:32:20.968000,400.9406865264065,999
2024-09-17 13:32:21.254000,401.0018116773745,1005
2024-09-17 13:32:22.073000,401.0452834000045,996
2024-09-17 13:32:22.280000,401.0357089240411,101
2024-09-17 13:32:22.296000,401.026484777946,101
2024-09-17 13:32:22.342000,401.008026761653,995
2024-09-17 13:32:22.437000,401.0280385355151,15
2024-09-17 13:32:22.483000,401.0235792738186,97
2024-09-17 13:32:22.523000,401.0301525097204,9
2024-09-17 13:32:22.708000,401.0129744322432,102
2024-09-17 13:32:22.718000,400.9991057454404,997
2024-09-17 13:32:22.736000,401.027321218041,8
2024-09-17 13:32:22.748000,401.0321327995295,1000
2024-09-17 13:32:22.758000,401.0170006646512,6
2024-09-17 13:32:22.920000,401.0470921083461,1002
2024-09-17 13:32:23.105000,401.0949765334125,96
2024-09-17 13:32:23.172000,401.0829997089652,99
2024-09-17 13:32:23.792000,401.0606620490252,5
2024-09-17 13:32:24.831000,401.0592104892088,996
2024-09-17 13:32:25.011000,401.0670181807152,997
2024-09-17 13:32:25.029000,401.0912443561347,6
2024-09-17 13:32:25.066000,401.0567933458306,100
2024-09-17 13:32:25.076000,401.02941913366215,96
2024-09-17 13:32:25.089000,401.0265162052264,104
2024-09-17 13:32:25.090000,401.0365816124984,996
2024-09-17 13:32:25.156000,401.04158245856223,1000
2024-09-17 13:32:25.164000,401.0356188050817,1002
2024-09-17 13:32:25.204000,401.0437834953169,10
2024-09-17 13:32:25.381000,401.0619608243813,1005
2024-09-17 13:32:25.388000,401.04616247098113,6
2024-09-17 13:32:25.442000,401.03831936424393,99
2024-09-17 13:32:25.458000,401.06540622790993,1004
2024-09-17 13:32:25.488000,401.0478193150569,105
2024-09-17 13:32:25.515000,401.0574704949735,7
2024-09-17 13:32:25.517000,401.0690946217165,95
2024-09-17 13:32:25.576000,401.0622130970064,13
2024-09-17 13:32:25.616000,401.0957546032055,995
2024-09-17 13:32:25.756000,401.0552284052178,995
2024-09-17 13:32:25.759000,401.03378046892215,102
2024-09-17 13:32:25.849000,401.06411091393136,14
2024-09-17 13:32:25.879000,401.06263729475904,1001
2024-09-17 13:32:25.893000,401.0661022009557,96
2024-09-17 13:32:25.923000,401.0595777989961,98
2024-09-17 13:32:25.983000,401.0712569674669,14
2024-09-17 13:32:26.033000,401.03024464178606,1002
2024-09-17 13:32:26.047000,401.0839487269754,14
2024-09-17 13:32:26.133000,401.0544663605674,96
2024-09-17 13:32:26.147000,401.0821205676636,10
2024-09-17 13:32:26.187000,401.0812378373879,1003
2024-09-17 13:32:26.202000,401.08381217513767,105
2024-09-17 13:32:26.318000,401.0411352904742,1003
2024-09-17 13:32:26.376000,401.02089474996126,100
2024-09-17 13:32:26.420000,401.0955266551592,1002
2024-09-17 13:32:26.437000,401.0794710546472,99
2024-09-17 13:32:26.471000,401.036108546378,15
2024-09-17 13:32:26.501000,401.0186865975161,99
2024-09-17 13:32:26.684000,401.1010109054815,996
2024-09-17 13:32:26.688000,401.0858717919237,95
2024-09-17 13:32:26.692000,400.9777651874285,12
2024-09-17 13:32:26.748000,401.05902500150944,95
2024-09-17 13:32:26.750000,401.0142426092533,96
2024-09-17 13:32:26.821000,401.00680099239577,998
2024-09-17 13:32:26.875000,401.0875753991581,12
2024-09-17 13:32:26.991000,401.02010170611993,103
2024-09-17 13:32:26.996000,401.101840011939,9
2024-09-17 13:32:27.135000,401.05075499941466,997
2024-09-17 13:32:27.290000,401.0422801628003,9
2024-09-17 13:32:27.461000,401.0680426584456,6
2024-09-17 13:32:27.549000,401.045593777058,999
2024-09-17 13:32:27.701000,401.07800769943896,101
2024-09-17 13:32:27.709000,401.04177428670783,101
2024-09-17 13:32:27.740000,401.0548749884638,999
2024-09-17 13:32:27.848000,401.0712096503352,995
2024-09-17 13:32:28.008000,401.0931702023629,105
2024-09-17 13:32:28.015000,401.03992996292686,6
2024-09-17 13:32:28.027000,401.0263202631217,9
2024-09-17 13:32:28.139000,401.0273274965468,13
2024-09-17 13:32:28.247000,401.0176248019399,15
2024-09-17 13:32:28.254000,401.05427356604736,999
2024-09-17 13:32:28.259000,401.0312596473944,1001
2024-09-17 13:32:28.308000,401.0397515760948,7
2024-09-17 13:32:28.320000,401.024685827713,8
2024-09-17 13:32:28.415000,401.02068130525686,95
2024-09-17 13:32:28.457000,401.077806779271,15
2024-09-17 13:32:28.538000,401.0470904507855,999
2024-09-17 13:32:28.679000,401.0282195666466,998
2024-09-17 13:32:28.699000,401.0455979400799,103
2024-09-17 13:32:28.725000,401.0726551654534,1005
2024-09-17 13:32:28.820000,401.0427938460405,1003
2024-09-17 13:32:28.832000,401.02141685942166,996
2024-09-17 13:32:28.864000,401.0605362045725,15
2024-09-17 13:32:28.864000,401.05114912163214,104
2024-09-17 13:32:28.937000,401.0220166562564,999
2024-09-17 13:32:29.027000,401.1383018575947,105
2024-09-17 13:32:29.067000,401.10182063376914,13
2024-09-17 13:32:29.068000,401.1235224058204,1002
2024-09-17 13:32:29.093000,401.0879165556131,96
2024-09-17 13:32:29.169000,401.11343482374485,8
2024-09-17 13:32:29.172000,401.0722453199926,96
2024-09-17 13:32:29.260000,401.0680726217246,997
2024-09-17 13:32:29.279000,401.0941422611458,1003
2024-09-17 13:32:29.298000,401.0769217034649,1005
2024-09-17 13:32:29.391000,401.0786842318393,14
2024-09-17 13:32:29.475000,401.1520728675095,996
2024-09-17 13:32:29.505000,401.094331190093,996
2024-09-17 13:32:29.606000,401.0969668242786,15
2024-09-17 13:32:29.616000,401.0983307232916,11
2024-09-17 13:32:29.691000,401.08353454582704,9
2024-09-17 13:32:29.692000,401.1244448114063,14
2024-09-17 13:32:29.705000,401.065227999788,105
2024-09-17 13:32:29.723000,401.0927840580332,1003
2024-09-17 13:32:29.756000,401.0801403130006,1001
2024-09-17 13:32:29.757000,401.0923311591628,1001
2024-09-17 13:32:29.842000,401.0856795039976,5
2024-09-17 13:32:29.862000,401.1446893189295,99
2024-09-17 13:32:30.091000,401.2114782171105,1002
2024-09-17 13:32:30.104000,401.18165627852056,97
2024-09-17 13:32:30.123000,401.22977475300087,1000
2024-09-17 13:32:30.135000,401.1750052093515,6
2024-09-17 13:32:30.141000,401.1849576414781,15
2024-09-17 13:32:30.228000,401.1689641635696,97
2024-09-17 13:32:30.289000,401.2331955249006,98
2024-09-17 13:32:30.313000,401.1876933161719,104
2024-09-17 13:32:30.316000,401.2398839804175,998
2024-09-17 13:32:30.329000,401.2254202683718,1000
2024-09-17 13:32:30.366000,401.1655100544877,1003
2024-09-17 13:32:30.369000,401.1694568306165,14
2024-09-17 13:32:30.384000,401.2169019508893,95
2024-09-17 13:32:30.434000,401.1953245167824,104
2024-09-17 13:32:30.511000,401.18322809255454,99
2024-09-17 13:32:30.619000,401.21880551341343,997
2024-09-17 13:32:30.632000,401.2296387700791,101
2024-09-17 13:32:30.665000,401.1848031642115,5
2024-09-17 13:32:30.771000,401.2331701938917,14
2024-09-17 13:32:30.786000,401.1957388391392,1000
2024-09-17 13:32:30.806000,401.1765546609283,105
2024-09-17 13:32:30.932000,401.22794347463264,1001
2024-09-17 13:32:30.945000,401.1912160022515,100
2024-09-17 13:32:30.955000,401.22898140840175,15
2024-09-17 13:32:30.972000,401.2242585589456,11
2024-09-17 13:32:30.981000,401.2108923975534,12
2024-09-17 13:32:31.248000,401.1819458396744,11
2024-09-17 13:32:31.562000,401.2267876171694,99
2024-09-17 13:32:31.630000,401.1767708329887,8
2024-09-17 13:32:31.891000,401.2006917107615,996
2024-09-17 13:32:32.012000,401.2218026380981,998
2024-09-17 13:32:32.127000,401.24372766331606,7
2024-09-17 13:32:32.158000,401.2777145118989,101
2024-09-17 13:32:32.169000,401.2277812256805,11
2024-09-17 13:32:32.177000,401.2138515286258,996
2024-09-17 13:32:32.298000,401.2389363628973,100
2024-09-17 13:32:32.373000,401.2647839939976,98
2024-09-17 13:32:32.395000,401.2049593799813,1002
2024-09-17 13:32:32.409000,401.266286235224,99
2024-09-17 13:32:32.443000,401.2235491721244,1005
2024-09-17 13:32:32.538000,401.24962404186607,10
2024-09-17 13:32:32.553000,401.2357743599088,103
2024-09-17 13:32:32.581000,401.23604271175446,1004
2024-09-17 13:32:32.737000,401.25711637793023,9
2024-09-17 13:32:32.768000,401.2141097056901,997
2024-09-17 13:32:32.807000,401.22681557808136,996
2024-09-17 13:32:32.852000,401.24817508355017,1001
2024-09-17 13:32:33.007000,401.2152349343679,1002
2024-09-17 13:32:33.071000,401.2719728519377,11
2024-09-17 13:32:33.077000,401.2509979392489,998
2024-09-17 13:32:33.109000,401.25766049321606,10
2024-09-17 13:32:33.269000,401.17274069383046,8
2024-09-17 13:32:33.276000,401.2658328475579,1001
2024-09-17 13:32:33.322000,401.1799106486971,99
2024-09-17 13:32:33.408000,401.2072385183248,999
2024-09-17 13:32:33.455000,401.2283548565356,103
2024-09-17 13:32:33.455000,401.25015471276566,100
2024-09-17 13:32:33.472000,401.2662369146766,95
2024-09-17 13:32:33.536000,401.2508781309004,5
2024-09-17 13:32:33.541000,401.1991307922477,105
2024-09-17 13:32:33.571000,401.2320791551716,6
2024-09-17 13:32:33.602000,401.2408667603853,999
2024-09-17 13:32:33.611000,401.2426896312529,995
2024-09-17 13:32:33.636000,401.2560696177508,105
2024-09-17 13:32:33.654000,401.2620326745084,15
2024-09-17 13:32:33.694000,401.2301969723028,1002
2024-09-17 13:32:33.730000,401.1945814005229,14
2024-09-17 13:32:33.793000,401.2271437391017,6
2024-09-17 13:32:33.806000,401.2601256649768,1003
2024-09-17 13:32:33.845000,401.1770803286362,15
2024-09-17 13:32:33.861000,401.2001839126911,97
2024-09-17 13:32:33.883000,401.2299401957423,996
2024-09-17 13:32:33.962000,401.1810271219211,998
2024-09-17 13:32:33.965000,401.2499175679251,8
2024-09-17 13:32:33.989000,401.1874247388644,104
2024-09-17 13:32:34.244000,401.17096421646335,100
2024-09-17 13:32:34.553000,401.16473652140553,999
2024-09-17 13:32:34.884000,401.15245266003967,8
2024-09-17 13:32:36,401.1410895112523,13
2024-09-17 13:32:36.003000,401.17774728419823,10
2024-09-17 13:32:36.022000,401.1433039393477,13
2024-09-17 13:32:36.124000,401.17056684403633,1001
2024-09-17 13:32:36.131000,401.1543370249648,998
2024-09-17 13:32:36.188000,401.1616650521986,13
2024-09-17 13:32:36.272000,401.137514117349,13
2024-09-17 13:32:36.273000,401.1513886548024,14
2024-09-17 13:32:36.310000,401.16492450981497,105
2024-09-17 13:32:36.336000,401.15757230136535,1004
2024-09-17 13:32:36.469000,401.1368382282146,6
2024-09-17 13:32:36.533000,401.1616119232101,1001
2024-09-17 13:32:36.667000,401.13328172222816,10
2024-09-17 13:32:36.668000,401.1523630715927,100
2024-09-17 13:32:36.836000,401.1573483788601,8
2024-09-17 13:32:36.903000,401.1233357833796,7
2024-09-17 13:32:37.013000,401.159613805998,998
2024-09-17 13:32:37.020000,401.15119180021424,10
2024-09-17 13:32:37.028000,401.15882203578514,11
2024-09-17 13:32:37.154000,401.184095365893,10
2024-09-17 13:32:37.187000,401.1868601468853,97
2024-09-17 13:32:37.258000,401.1599659924461,99
2024-09-17 13:32:37.349000,401.1691265689104,999
2024-09-17 13:32:37.364000,401.1694624751058,1002
2024-09-17 13:32:37.379000,401.1731055626214,99
2024-09-17 13:32:37.383000,401.153689272941,1005
2024-09-17 13:32:37.578000,401.1815411859049,99
2024-09-17 13:32:37.696000,401.1625271974028,8
2024-09-17 13:32:37.732000,401.1757259493654,13
2024-09-17 13:32:37.739000,401.1846428932112,1003
2024-09-17 13:32:37.776000,401.1726580312191,5
2024-09-17 13:32:37.783000,401.1551993678195,96
2024-09-17 13:32:37.891000,401.16248161663646,105
2024-09-17 13:32:37.903000,401.155614064857,999
2024-09-17 13:32:37.955000,401.16010240384645,12
2024-09-17 13:32:38.115000,401.15984278255047,997
2024-09-17 13:32:38.284000,401.1466959113138,102
2024-09-17 13:32:38.861000,401.12440609915336,102
2024-09-17 13:32:38.869000,401.1543805360317,95
2024-09-17 13:32:38.960000,401.142420757868,6
2024-09-17 13:32:39.001000,401.23008166570617,996
2024-09-17 13:32:39.024000,401.2229068829605,1004
2024-09-17 13:32:39.024000,401.2567717852992,7
2024-09-17 13:32:39.153000,401.2164336029948,1005
2024-09-17 13:32:39.394000,401.2451443443972,103
2024-09-17 13:32:39.549000,401.2600891520543,100
2024-09-17 13:32:39.549000,401.2463785869923,104
2024-09-17 13:32:39.603000,401.2383072363842,96
2024-09-17 13:32:39.607000,401.20995884529486,1001
2024-09-17 13:32:39.645000,401.2246744081925,8
2024-09-17 13:32:39.652000,401.2395174552013,96
2024-09-17 13:32:39.695000,401.1937781718835,100
2024-09-17 13:32:39.726000,401.2157692244824,6
2024-09-17 13:32:39.731000,401.2171066042516,12
2024-09-17 13:32:39.852000,401.1990034782538,1002
2024-09-17 13:32:39.918000,401.22901313986415,995
2024-09-17 13:32:39.927000,401.1749507741139,101
2024-09-17 13:32:39.976000,401.2327465733677,8
2024-09-17 13:32:39.986000,401.1806007220151,997
2024-09-17 13:32:40.008000,401.2599159725859,95
2024-09-17 13:32:40.140000,401.2315735065921,998
2024-09-17 13:32:40.227000,401.25071137322345,5
2024-09-17 13:32:40.232000,401.2564982401871,9
2024-09-17 13:32:40.243000,401.2718496624668,996
2024-09-17 13:32:40.264000,401.2304958791148,14
2024-09-17 13:32:40.338000,401.2966387037853,1001
2024-09-17 13:32:40.353000,401.270034716548,997
2024-09-17 13:32:40.381000,401.284135040239,7
2024-09-17 13:32:40.442000,401.2405506294088,1004
2024-09-17 13:32:40.502000,401.2689924219812,999
2024-09-17 13:32:40.590000,401.243951576812,100
2024-09-17 13:32:40.599000,401.2632718961812,998
2024-09-17 13:32:40.599000,401.2700929985836,1001
2024-09-17 13:32:40.638000,401.2557412945119,104
2024-09-17 13:32:40.677000,401.2496746144701,105
2024-09-17 13:32:40.824000,401.2371677523952,1005
2024-09-17 13:32:40.893000,401.25712527202376,10
2024-09-17 13:32:41.043000,401.2683053904359,11
2024-09-17 13:32:41.193000,401.31106901736166,14
2024-09-17 13:32:41.204000,401.2917607785257,1003
2024-09-17 13:32:41.225000,401.2640804310826,1002
2024-09-17 13:32:41.241000,401.28883066942205,103
2024-09-17 13:32:41.258000,401.30775395306966,998
2024-09-17 13:32:41.364000,401.2897988233864,8
2024-09-17 13:32:41.384000,401.300343971064,999
2024-09-17 13:32:41.655000,401.3018688658112,1001
2024-09-17 13:32:41.754000,401.28746724055,100
2024-09-17 13:32:41.930000,401.282047577896,101
2024-09-17 13:32:42.037000,401.2900558045601,100
2024-09-17 13:32:42.062000,401.2908482011263,1001
2024-09-17 13:32:42.063000,401.2935690782887,8
2024-09-17 13:32:42.242000,401.27705848279584,13
2024-09-17 13:32:42.293000,401.29615902014825,9
2024-09-17 13:32:42.381000,401.3319785172137,102
2024-09-17 13:32:42.423000,401.2906833688354,100
2024-09-17 13:32:42.440000,401.27578524329687,99
2024-09-17 13:32:42.470000,401.30613721450567,1003
2024-09-17 13:32:42.474000,401.2754248553076,103
2024-09-17 13:32:42.549000,401.2886751076719,11
2024-09-17 13:32:42.556000,401.2752691689199,99
2024-09-17 13:32:42.565000,401.2967302034411,5
2024-09-17 13:32:42.585000,401.2995221045701,1003
2024-09-17 13:32:42.628000,401.3277500955203,1001
2024-09-17 13:32:42.701000,401.2822733629724,11
2024-09-17 13:32:42.703000,401.2821089687836,14
2024-09-17 13:32:42.831000,401.2944334916778,96
2024-09-17 13:32:42.871000,401.3068465485477,101
2024-09-17 13:32:42.892000,401.2978810613666,10
2024-09-17 13:32:42.898000,401.2886129724093,97
2024-09-17 13:32:42.907000,401.3157071375505,11
2024-09-17 13:32:42.917000,401.28295120639433,102
2024-09-17 13:32:42.931000,401.2807902473752,998
2024-09-17 13:32:42.964000,401.2775829365897,999
2024-09-17 13:32:43.022000,401.37569734574697,6
2024-09-17 13:32:43.023000,401.30994901831673,96
2024-09-17 13:32:43.065000,401.4206967395251,1000
2024-09-17 13:32:43.091000,401.439479451838,1002
2024-09-17 13:32:43.180000,401.4313547710476,13
2024-09-17 13:32:43.253000,401.3117653821269,12
2024-09-17 13:32:43.274000,401.3299869183037,98
2024-09-17 13:32:43.327000,401.3880124253679,13
2024-09-17 13:32:43.333000,401.36031392972455,101
2024-09-17 13:32:43.476000,401.4198239284465,1001
2024-09-17 13:32:43.518000,401.3167511071791,1005
2024-09-17 13:32:43.531000,401.43060021659335,14
2024-09-17 13:32:43.567000,401.39535576503073,15
2024-09-17 13:32:43.573000,401.3824753379271,103
2024-09-17 13:32:43.625000,401.4372400264977,100
2024-09-17 13:32:43.681000,401.3449145446188,7
2024-09-17 13:32:43.705000,401.32390832317145,7
2024-09-17 13:32:43.712000,401.4319369357,14
2024-09-17 13:32:43.715000,401.34252005208606,95
2024-09-17 13:32:43.747000,401.3134342392164,1001
2024-09-17 13:32:43.762000,401.4087701747304,101
2024-09-17 13:32:43.774000,401.3950587274328,104
2024-09-17 13:32:43.860000,401.4286629020809,998
2024-09-17 13:32:43.882000,401.3986197321875,1001
2024-09-17 13:32:43.981000,401.3462912290371,104
2024-09-17 13:32:44.159000,401.4086692988413,101
2024-09-17 13:32:44.353000,401.4110564421815,7
2024-09-17 13:32:44.572000,401.4139896621776,14
2024-09-17 13:32:44.596000,401.42088043396456,100
2024-09-17 13:32:44.710000,401.3863841417444,104
2024-09-17 13:32:44.719000,401.4362799800143,997
2024-09-17 13:32:44.915000,401.3892476734518,14
2024-09-17 13:32:44.932000,401.38215878838656,7
2024-09-17 13:32:45.026000,401.3861110087252,15
2024-09-17 13:32:45.079000,401.402889963984,1001
2024-09-17 13:32:45.106000,401.381709207416,996
2024-09-17 13:32:45.180000,401.4270229737049,1001
2024-09-17 13:32:45.223000,401.3786108408244,999
2024-09-17 13:32:45.285000,401.4108406770742,103
2024-09-17 13:32:45.333000,401.3754185043153,6
2024-09-17 13:32:45.365000,401.4463480950225,5
2024-09-17 13:32:45.372000,401.4009968813523,97
2024-09-17 13:32:45.489000,401.45457467654944,10
2024-09-17 13:32:45.530000,401.3769352949639,8
2024-09-17 13:32:45.670000,401.4019715583357,11
2024-09-17 13:32:45.725000,401.39821160348026,104
2024-09-17 13:32:45.753000,401.4057777634094,98
2024-09-17 13:32:45.830000,401.3924041924243,103
2024-09-17 13:32:45.832000,401.4065602104262,1004
2024-09-17 13:32:45.954000,401.44295280925695,8
2024-09-17 13:32:46.001000,401.3814423522109,1003
2024-09-17 13:32:46.318000,401.40665214350327,998
2024-09-17 13:32:46.359000,401.4010892707582,1003
2024-09-17 13:32:46.470000,401.3891050781854,6
2024-09-17 13:32:46.557000,401.3907793098648,1004
2024-09-17 13:32:46.628000,401.37270733661074,102
2024-09-17 13:32:46.736000,401.37292904158943,7
2024-09-17 13:32:46.950000,401.37974251732845,1002
2024-09-17 13:32:47.023000,401.4091602547947,1004
2024-09-17 13:32:47.095000,401.4222877939132,102
2024-09-17 13:32:47.143000,401.3953150306512,1003
2024-09-17 13:32:47.361000,401.3812045189824,6
2024-09-17 13:32:47.429000,401.4191311173528,1000
2024-09-17 13:32:47.672000,401.3857777439951,8
2024-09-17 13:32:47.683000,401.3691701992951,7
2024-09-17 13:32:47.769000,401.3722216919708,996
2024-09-17 13:32:47.794000,401.3920101288045,997
2024-09-17 13:32:47.871000,401.3878411669528,101
2024-09-17 13:32:48.035000,401.4405981179833,96
2024-09-17 13:32:48.103000,401.446746884627,96
2024-09-17 13:32:48.388000,401.4272107970884,12
2024-09-17 13:32:48.478000,401.43277022163386,98
2024-09-17 13:32:48.493000,401.4339384166158,1003
2024-09-17 13:32:48.519000,401.4602817984184,997
2024-09-17 13:32:48.568000,401.4381677564878,1005
2024-09-17 13:32:48.618000,401.4434743466045,102
2024-09-17 13:32:48.708000,401.4632589180803,15
2024-09-17 13:32:49.030000,401.4081376070621,13
2024-09-17 13:32:49.116000,401.42656884399,104
2024-09-17 13:32:49.120000,401.4112647136363,999
2024-09-17 13:32:49.125000,401.4296191896493,8
2024-09-17 13:32:49.138000,401.4178994574364,999
2024-09-17 13:32:49.323000,401.39885687435714,1005
2024-09-17 13:32:49.348000,401.39156455070594,9
2024-09-17 13:32:49.452000,401.4093385829422,97
2024-09-17 13:32:49.511000,401.43492985225095,1002
2024-09-17 13:32:49.529000,401.4058063954705,1002
2024-09-17 13:32:49.571000,401.4409062150544,98
2024-09-17 13:32:49.591000,401.414696229799,97
2024-09-17 13:32:49.628000,401.4196576527343,1003
2024-09-17 13:32:49.692000,401.4226207538928,1001
2024-09-17 13:32:49.716000,401.4442236546401,95
2024-09-17 13:32:49.787000,401.4125567190664,999
2024-09-17 13:32:49.833000,401.4329625708441,1001
2024-09-17 13:32:49.855000,401.3898360232965,104
2024-09-17 13:32:49.861000,401.3942340309793,15
2024-09-17 13:32:49.934000,401.4193884357399,1004
2024-09-17 13:32:49.976000,401.41895533974304,15
2024-09-17 13:32:49.986000,401.41542331467946,5
2024-09-17 13:32:50.064000,401.44601911882455,10
2024-09-17 13:32:50.080000,401.4490458449771,98
2024-09-17 13:32:50.083000,401.4228865009909,5
2024-09-17 13:32:50.134000,401.4276421033108,97
2024-09-17 13:32:50.241000,401.4415307344233,6
2024-09-17 13:32:50.249000,401.4530959635022,105
2024-09-17 13:32:50.261000,401.5238991943942,97
2024-09-17 13:32:50.325000,401.4757250001281,5
2024-09-17 13:32:50.342000,401.4821409040511,8
2024-09-17 13:32:50.367000,401.5217062931397,1004
2024-09-17 13:32:50.449000,401.4302054296792,998
2024-09-17 13:32:50.498000,401.5036884199955,98
2024-09-17 13:32:50.549000,401.4783420859008,11
2024-09-17 13:32:50.612000,401.4518414052378,98
2024-09-17 13:32:50.651000,401.4543752925616,8
2024-09-17 13:32:50.653000,401.46387980034825,1001
2024-09-17 13:32:50.731000,401.4148985227127,1003
2024-09-17 13:32:50.742000,401.4460640192516,1003
2024-09-17 13:32:50.756000,401.4713834137766,9
2024-09-17 13:32:50.774000,401.4311222401898,7
2024-09-17 13:32:50.792000,401.4292057905041,997
2024-09-17 13:32:50.869000,401.4931382558511,97
2024-09-17 13:32:50.955000,401.4938313811661,1005
2024-09-17 13:32:51.001000,401.441434820628,1004
2024-09-17 13:32:51.054000,401.4331222996099,996
2024-09-17 13:32:51.062000,401.4180301579075,1001
2024-09-17 13:32:51.069000,401.4387958488538,104
2024-09-17 13:32:51.152000,401.4520725375566,97
2024-09-17 13:32:51.165000,401.4462377081014,105
2024-09-17 13:32:51.179000,401.4546091639543,100
2024-09-17 13:32:51.197000,401.4758858544498,96
2024-09-17 13:32:51.210000,401.4375183908133,97
2024-09-17 13:32:51.295000,401.4462825634134,95
2024-09-17 13:32:51.330000,401.4416072063769,98
2024-09-17 13:32:51.402000,401.44527036751566,1004
2024-09-17 13:32:51.490000,401.4270407165224,1005
2024-09-17 13:32:51.506000,401.436739221222,15
2024-09-17 13:32:51.517000,401.4304802203876,13
2024-09-17 13:32:51.633000,401.4692477739807,105
2024-09-17 13:32:51.684000,401.4352021864988,998
2024-09-17 13:32:51.694000,401.42972209096416,1002
2024-09-17 13:32:51.761000,401.4444202966109,14
2024-09-17 13:32:51.817000,401.4444029804611,11
2024-09-17 13:32:52.005000,401.4620955971594,999
2024-09-17 13:32:52.023000,401.4516134230147,6
2024-09-17 13:32:52.051000,401.45546921475005,10
2024-09-17 13:32:52.090000,401.4734332786122,5
2024-09-17 13:32:52.210000,401.4275160995935,1003
2024-09-17 13:32:52.220000,401.4568057768621,1002
2024-09-17 13:32:52.256000,401.4493534474879,97
2024-09-17 13:32:52.279000,401.4543055743509,11
2024-09-17 13:32:52.329000,401.4212086114861,7
2024-09-17 13:32:52.366000,401.4860580141396,100
2024-09-17 13:32:52.425000,401.46970015381606,101
2024-09-17 13:32:52.520000,401.4891760216218,99
2024-09-17 13:32:52.684000,401.4968843928109,102
2024-09-17 13:32:52.825000,401.483186041346,1002
2024-09-17 13:32:52.858000,401.47542416318447,1005
2024-09-17 13:32:52.872000,401.446206677403,15
2024-09-17 13:32:52.946000,401.4308619114858,9
2024-09-17 13:32:52.985000,401.4577562227725,1005
2024-09-17 13:32:53.040000,401.4695950216073,95
2024-09-17 13:32:53.233000,401.4484547069891,1002
2024-09-17 13:32:53.477000,401.4493108180913,15
2024-09-17 13:32:53.680000,401.436082161172,10
2024-09-17 13:32:54.089000,401.36944708783295,996
2024-09-17 13:32:54.238000,401.3710956108761,102
2024-09-17 13:32:54.310000,401.3827696391611,6
2024-09-17 13:32:54.358000,401.3833868118679,998
2024-09-17 13:32:54.408000,401.40014992381725,102
2024-09-17 13:32:54.518000,401.38492363886354,98
2024-09-17 13:32:54.611000,401.40574126960513,96
2024-09-17 13:32:54.811000,401.3819341807325,1005
2024-09-17 13:32:54.826000,401.3817666827051,7
2024-09-17 13:32:54.901000,401.45092330355016,6
2024-09-17 13:32:54.908000,401.3926698210214,95
2024-09-17 13:32:54.938000,401.4359809460356,12
2024-09-17 13:32:54.994000,401.3797738434745,101
2024-09-17 13:32:55.046000,401.3289728306357,98
2024-09-17 13:32:55.053000,401.3583997502526,98
2024-09-17 13:32:55.075000,401.31259473923416,9
2024-09-17 13:32:55.091000,401.3899449055773,105
2024-09-17 13:32:55.137000,401.3324574937032,996
2024-09-17 13:32:55.171000,401.3505110918683,105
2024-09-17 13:32:55.200000,401.3720669765902,1005
2024-09-17 13:32:55.225000,401.3176542360641,8
2024-09-17 13:32:55.320000,401.3407201880468,5
2024-09-17 13:32:55.359000,401.3294462516254,7
2024-09-17 13:32:55.364000,401.3426821814004,11
2024-09-17 13:32:55.468000,401.31552743699024,8
2024-09-17 13:32:55.532000,401.33097649003446,103
2024-09-17 13:32:55.605000,401.3106771205031,105
2024-09-17 13:32:55.608000,401.3256026637581,1002
2024-09-17 13:32:55.640000,401.364691366444,5
2024-09-17 13:32:55.677000,401.3468171329375,1005
2024-09-17 13:32:55.680000,401.38978935270654,998
2024-09-17 13:32:55.701000,401.3580935591991,101
2024-09-17 13:32:55.739000,401.3572990217439,1002
2024-09-17 13:32:55.875000,401.3285704696972,1002
2024-09-17 13:32:55.889000,401.3196356571132,8
2024-09-17 13:32:56.048000,401.3744022012987,96
2024-09-17 13:32:56.065000,401.3841068638904,9
2024-09-17 13:32:56.394000,401.3623349153596,1000
2024-09-17 13:32:56.430000,401.3953069247608,1001
2024-09-17 13:32:56.689000,401.38895414234446,5
2024-09-17 13:32:56.805000,401.3801255146,99
2024-09-17 13:32:56.946000,401.3765444549642,102
2024-09-17 13:32:57.035000,401.42648252189633,95
2024-09-17 13:32:57.152000,401.41734393645953,11
2024-09-17 13:32:57.232000,401.4244875082368,997
2024-09-17 13:32:57.255000,401.4076217813441,11
2024-09-17 13:32:57.281000,401.4209896125933,95
2024-09-17 13:32:57.293000,401.419017530557,11
2024-09-17 13:32:57.338000,401.4316477485452,996
2024-09-17 13:32:57.442000,401.4522952028513,95
2024-09-17 13:32:57.475000,401.4260845220859,105
2024-09-17 13:32:57.490000,401.426332690734,1001
2024-09-17 13:32:57.518000,401.4296225406081,97
2024-09-17 13:32:57.530000,401.42916394382326,102
2024-09-17 13:32:57.535000,401.4559460356072,104
2024-09-17 13:32:57.541000,401.3982863984237,1000
2024-09-17 13:32:57.571000,401.4438155007717,97
2024-09-17 13:32:57.629000,401.42490615127457,1004
2024-09-17 13:32:57.709000,401.4523567536041,13
2024-09-17 13:32:57.768000,401.4197703894148,1001
2024-09-17 13:32:57.851000,401.4239177747768,14
2024-09-17 13:32:57.881000,401.434851858483,96
2024-09-17 13:32:57.967000,401.43228732501353,7
2024-09-17 13:32:58.027000,401.4175208855097,103
2024-09-17 13:32:58.062000,401.3636043715327,103
2024-09-17 13:32:58.250000,401.3613763284119,1002
2024-09-17 13:32:58.265000,401.3710632794217,10
2024-09-17 13:32:58.348000,401.3730855868352,105
2024-09-17 13:32:58.356000,401.411032738772,95
2024-09-17 13:32:58.368000,401.3789529779456,97
2024-09-17 13:32:58.475000,401.3752149281144,7
2024-09-17 13:32:58.486000,401.3977656783528,998
2024-09-17 13:32:58.566000,401.3886702369935,98
2024-09-17 13:32:58.764000,401.3806342875586,7
2024-09-17 13:32:58.836000,401.3975983359393,1001
2024-09-17 13:32:58.972000,401.4226309760005,97
2024-09-17 13:32:59.060000,401.3829112477245,1005
2024-09-17 13:32:59.313000,401.3665525515231,98
2024-09-17 13:32:59.546000,401.3699401879357,95
2024-09-17 13:32:59.571000,401.36083413360495,12
2024-09-17 13:32:59.607000,401.37695788512417,15
2024-09-17 13:32:59.700000,401.3522992588333,13
2024-09-17 13:32:59.779000,401.345108092838,6
2024-09-17 13:32:59.890000,401.3638276403264,99
2024-09-17 13:32:59.924000,401.37391487699466,1002
