Timestamp,Price,Size
2024-09-20 11:30:00.200000,427.13237034582033,105
2024-09-20 11:30:00.281000,427.1185307143507,1000
2024-09-20 11:30:00.429000,427.0705146246045,1002
2024-09-20 11:30:00.435000,427.10500954679696,103
2024-09-20 11:30:00.736000,427.0925115400845,104
2024-09-20 11:30:00.791000,427.1247815673543,1003
2024-09-20 11:30:00.825000,427.1272306143945,1003
2024-09-20 11:30:00.853000,427.1372948896311,96
2024-09-20 11:30:00.908000,427.1307111224303,7
2024-09-20 11:30:00.935000,427.1335541968476,101
2024-09-20 11:30:01.095000,427.0921124338666,996
2024-09-20 11:30:01.099000,427.10116693363193,9
2024-09-20 11:30:01.126000,427.0744357024438,1003
2024-09-20 11:30:01.210000,427.1018198344445,5
2024-09-20 11:30:01.325000,427.0915207758146,98
2024-09-20 11:30:01.342000,427.11487308378094,104
2024-09-20 11:30:01.351000,427.0971079425944,1003
2024-09-20 11:30:01.357000,427.0777524986588,9
2024-09-20 11:30:01.388000,427.08656244321895,996
2024-09-20 11:30:01.438000,427.1142195602082,96
2024-09-20 11:30:01.473000,427.10031416955024,9
2024-09-20 11:30:01.524000,427.11698534959896,15
2024-09-20 11:30:01.558000,427.0721891678438,996
2024-09-20 11:30:01.575000,427.1018313396298,99
2024-09-20 11:30:01.634000,427.0792401608191,12
2024-09-20 11:30:01.642000,427.12441630001183,95
2024-09-20 11:30:01.779000,427.0978495032255,14
2024-09-20 11:30:01.916000,427.1101767932104,100
2024-09-20 11:30:01.949000,427.1154376622823,1000
2024-09-20 11:30:02.063000,427.1557968654512,996
2024-09-20 11:30:02.088000,427.1353188351325,104
2024-09-20 11:30:02.187000,427.1550777642624,102
2024-09-20 11:30:02.221000,427.1777479026569,1003
2024-09-20 11:30:02.288000,427.1525663724014,999
2024-09-20 11:30:02.512000,427.1307910703264,1003
2024-09-20 11:30:02.570000,427.1617504259889,99
2024-09-20 11:30:02.976000,427.1587449729693,103
2024-09-20 11:30:03.038000,427.22333553464006,999
2024-09-20 11:30:03.046000,427.2143009320848,999
2024-09-20 11:30:03.063000,427.1631998171371,6
2024-09-20 11:30:03.082000,427.2029320038917,104
2024-09-20 11:30:03.108000,427.23368353019146,7
2024-09-20 11:30:03.153000,427.2097131537404,99
2024-09-20 11:30:03.154000,427.3070522487817,95
2024-09-20 11:30:03.200000,427.2184814921514,996
2024-09-20 11:30:03.246000,427.2020152738026,997
2024-09-20 11:30:03.287000,427.3316287977594,1001
2024-09-20 11:30:03.443000,427.2885312221652,12
2024-09-20 11:30:03.484000,427.2108553816735,103
2024-09-20 11:30:03.558000,427.2700266976064,10
2024-09-20 11:30:03.564000,427.2738276383884,1002
2024-09-20 11:30:03.640000,427.30116785211794,10
2024-09-20 11:30:03.654000,427.3220153285937,1004
2024-09-20 11:30:03.665000,427.21607009894274,99
2024-09-20 11:30:03.693000,427.2130833364157,8
2024-09-20 11:30:03.757000,427.273807155684,104
2024-09-20 11:30:03.785000,427.20187485071847,103
2024-09-20 11:30:03.868000,427.2228884651514,999
2024-09-20 11:30:03.870000,427.2715205986781,997
2024-09-20 11:30:03.905000,427.2754486588309,1003
2024-09-20 11:30:04.020000,427.25518811247525,100
2024-09-20 11:30:04.105000,427.301379415886,1002
2024-09-20 11:30:04.115000,427.2903615011962,14
2024-09-20 11:30:04.288000,427.2534704161466,1005
2024-09-20 11:30:04.453000,427.28699492290735,99
2024-09-20 11:30:04.461000,427.2783153469612,101
2024-09-20 11:30:04.477000,427.32399615393257,996
2024-09-20 11:30:04.514000,427.26807604322033,101
2024-09-20 11:30:04.775000,427.2973670832484,95
2024-09-20 11:30:04.823000,427.2730989572258,13
2024-09-20 11:30:05.060000,427.34190192557503,1001
2024-09-20 11:30:05.319000,427.3240806379199,6
2024-09-20 11:30:05.436000,427.3401953731131,1002
2024-09-20 11:30:05.445000,427.3631495694893,99
2024-09-20 11:30:05.489000,427.3413990423661,103
2024-09-20 11:30:05.494000,427.33167882657546,99
2024-09-20 11:30:05.564000,427.3460471633421,13
2024-09-20 11:30:05.919000,427.320137678272,8
2024-09-20 11:30:06.134000,427.28526502516166,1000
2024-09-20 11:30:06.355000,427.28424955933286,101
2024-09-20 11:30:06.394000,427.3156136020409,997
2024-09-20 11:30:06.470000,427.2463015184575,101
2024-09-20 11:30:06.497000,427.27526371795255,101
2024-09-20 11:30:06.762000,427.3020442412413,12
2024-09-20 11:30:06.814000,427.32062144176695,1001
2024-09-20 11:30:06.864000,427.2548885511336,996
2024-09-20 11:30:06.886000,427.2768989144772,13
2024-09-20 11:30:06.907000,427.230728361976,100
2024-09-20 11:30:06.963000,427.2473768517909,5
2024-09-20 11:30:06.982000,427.2663481593759,1003
2024-09-20 11:30:07.160000,427.24148459681294,999
2024-09-20 11:30:07.571000,427.2239541809346,9
2024-09-20 11:30:07.572000,427.18509066189176,12
2024-09-20 11:30:07.585000,427.25778619219744,97
2024-09-20 11:30:07.601000,427.2291323313439,7
2024-09-20 11:30:07.790000,427.17801491533857,1002
2024-09-20 11:30:07.948000,427.2072180453782,96
2024-09-20 11:30:07.948000,427.21333713457335,96
2024-09-20 11:30:08.019000,427.20903426964486,6
2024-09-20 11:30:08.098000,427.2552083562385,105
2024-09-20 11:30:08.170000,427.18784794885664,99
2024-09-20 11:30:08.258000,427.2103761149223,14
2024-09-20 11:30:08.317000,427.1905408233973,98
2024-09-20 11:30:08.328000,427.2578516450667,997
2024-09-20 11:30:08.398000,427.2525527976125,6
2024-09-20 11:30:08.484000,427.1979511016143,1005
2024-09-20 11:30:08.647000,427.2185700522985,1001
2024-09-20 11:30:08.677000,427.2442833026444,14
2024-09-20 11:30:08.844000,427.2678310889101,998
2024-09-20 11:30:08.980000,427.2459235854996,996
2024-09-20 11:30:09.079000,427.2328286080502,5
2024-09-20 11:30:09.099000,427.19223229732495,103
2024-09-20 11:30:09.103000,427.2043886754316,98
2024-09-20 11:30:09.168000,427.20943291241,10
2024-09-20 11:30:09.196000,427.2342862468728,102
2024-09-20 11:30:09.268000,427.1976131944515,104
2024-09-20 11:30:09.278000,427.2332539190792,6
2024-09-20 11:30:09.322000,427.2060804998632,15
2024-09-20 11:30:09.482000,427.2094466632796,1001
2024-09-20 11:30:09.626000,427.2257349170674,1003
2024-09-20 11:30:09.769000,427.26845802204633,98
2024-09-20 11:30:09.838000,427.2226431627834,1001
2024-09-20 11:30:09.876000,427.1903411178486,998
2024-09-20 11:30:09.979000,427.2592684866442,12
2024-09-20 11:30:09.988000,427.2370446252992,5
2024-09-20 11:30:10.013000,427.3231731156717,1000
2024-09-20 11:30:10.026000,427.39592165128,997
2024-09-20 11:30:10.036000,427.3511427361004,5
2024-09-20 11:30:10.075000,427.39697961284566,1005
2024-09-20 11:30:10.119000,427.34453840376887,104
2024-09-20 11:30:10.167000,427.2758707823571,6
2024-09-20 11:30:10.171000,427.3571493622544,997
2024-09-20 11:30:10.215000,427.2604601064753,996
2024-09-20 11:30:10.216000,427.3245560976604,1001
2024-09-20 11:30:10.219000,427.29318497429546,999
2024-09-20 11:30:10.233000,427.3462119223375,97
2024-09-20 11:30:10.305000,427.30212743533656,101
2024-09-20 11:30:10.361000,427.2793244094613,1004
2024-09-20 11:30:10.444000,427.3290597197346,101
2024-09-20 11:30:10.629000,427.3686678312482,995
2024-09-20 11:30:10.635000,427.3193014883879,10
2024-09-20 11:30:10.712000,427.3366172211188,8
2024-09-20 11:30:10.713000,427.3094727143532,12
2024-09-20 11:30:10.725000,427.3481086286802,995
2024-09-20 11:30:10.741000,427.3892785571757,6
2024-09-20 11:30:10.746000,427.3816641281751,11
2024-09-20 11:30:10.757000,427.34373672172586,8
2024-09-20 11:30:10.793000,427.2893661747663,13
2024-09-20 11:30:10.799000,427.3476723954119,996
2024-09-20 11:30:10.882000,427.32111814191,97
2024-09-20 11:30:10.985000,427.33124974726616,97
2024-09-20 11:30:11.003000,427.3968714695748,999
2024-09-20 11:30:11.066000,427.43972596928455,102
2024-09-20 11:30:11.144000,427.4159815732048,13
2024-09-20 11:30:11.147000,427.3921140649685,99
2024-09-20 11:30:11.168000,427.4512496778933,1000
2024-09-20 11:30:11.246000,427.4180784782671,99
2024-09-20 11:30:11.350000,427.3754282552917,9
2024-09-20 11:30:11.376000,427.417474872026,1004
2024-09-20 11:30:11.586000,427.43843345856914,9
2024-09-20 11:30:11.647000,427.4369475703941,1002
2024-09-20 11:30:11.769000,427.4502842863783,5
2024-09-20 11:30:11.773000,427.4098582639885,1000
2024-09-20 11:30:11.823000,427.3675785800283,104
2024-09-20 11:30:11.892000,427.4232503033516,996
2024-09-20 11:30:11.992000,427.3943858395645,1002
2024-09-20 11:30:12.100000,427.4491661876845,5
2024-09-20 11:30:12.105000,427.4559867784011,997
2024-09-20 11:30:12.107000,427.4671724955225,1002
2024-09-20 11:30:12.187000,427.4385570700155,1004
2024-09-20 11:30:12.226000,427.4328751245773,11
2024-09-20 11:30:12.249000,427.4516235750052,7
2024-09-20 11:30:12.326000,427.4540313543388,6
2024-09-20 11:30:12.333000,427.4401563107398,999
2024-09-20 11:30:12.471000,427.4239902645864,1000
2024-09-20 11:30:12.495000,427.41906119893815,101
2024-09-20 11:30:12.499000,427.4385416250176,104
2024-09-20 11:30:12.531000,427.4275106242849,98
2024-09-20 11:30:12.560000,427.4670479114502,96
2024-09-20 11:30:12.564000,427.42045189047167,1004
2024-09-20 11:30:12.565000,427.4367132146351,13
2024-09-20 11:30:12.720000,427.4250809229494,999
2024-09-20 11:30:12.747000,427.4563544451169,1005
2024-09-20 11:30:12.766000,427.4260540712317,1005
2024-09-20 11:30:12.853000,427.424333045389,12
2024-09-20 11:30:12.875000,427.4300885752685,1004
2024-09-20 11:30:12.880000,427.4338029810235,102
2024-09-20 11:30:12.904000,427.4278632913587,997
2024-09-20 11:30:12.954000,427.4707564363256,8
2024-09-20 11:30:13.106000,427.4019904196168,995
2024-09-20 11:30:13.133000,427.3841952956567,998
2024-09-20 11:30:13.211000,427.4163389743013,102
2024-09-20 11:30:13.287000,427.3536670054688,995
2024-09-20 11:30:13.289000,427.3934813238079,10
2024-09-20 11:30:13.428000,427.3626056818247,97
2024-09-20 11:30:13.448000,427.4105274519175,995
2024-09-20 11:30:13.470000,427.4264236527943,998
2024-09-20 11:30:13.640000,427.384197271434,6
2024-09-20 11:30:13.790000,427.3653485335746,1005
2024-09-20 11:30:13.803000,427.3741046580029,99
2024-09-20 11:30:13.808000,427.4126674540824,10
2024-09-20 11:30:13.839000,427.3634391343409,996
2024-09-20 11:30:13.840000,427.3510665242116,99
2024-09-20 11:30:14.037000,427.354979321253,999
2024-09-20 11:30:14.093000,427.3590561137816,999
2024-09-20 11:30:14.135000,427.3837993428934,98
2024-09-20 11:30:14.240000,427.35941166830696,5
2024-09-20 11:30:14.297000,427.3734435452538,103
2024-09-20 11:30:14.298000,427.3503678347059,96
2024-09-20 11:30:14.304000,427.3843559635212,13
2024-09-20 11:30:14.330000,427.3830169861205,101
2024-09-20 11:30:14.338000,427.3645749063713,7
2024-09-20 11:30:14.386000,427.3863878318219,14
2024-09-20 11:30:14.455000,427.36848082148487,99
2024-09-20 11:30:14.459000,427.3586719660848,7
2024-09-20 11:30:14.460000,427.3886153103464,995
2024-09-20 11:30:14.526000,427.3996415589425,13
2024-09-20 11:30:14.548000,427.3724465717074,105
2024-09-20 11:30:14.569000,427.34317182063376,100
2024-09-20 11:30:14.576000,427.39180285390586,101
2024-09-20 11:30:14.583000,427.3862661042236,99
2024-09-20 11:30:14.611000,427.3894047419188,10
2024-09-20 11:30:14.613000,427.37349825377913,13
2024-09-20 11:30:14.756000,427.3549622923315,1005
2024-09-20 11:30:14.769000,427.37425508182025,104
2024-09-20 11:30:14.788000,427.3684692511845,104
2024-09-20 11:30:14.793000,427.32398334965467,7
2024-09-20 11:30:14.841000,427.3685336718108,9
2024-09-20 11:30:14.970000,427.3802386397814,98
2024-09-20 11:30:15.021000,427.3147161662209,14
2024-09-20 11:30:15.047000,427.3138806642229,995
2024-09-20 11:30:15.179000,427.3059451657661,96
2024-09-20 11:30:15.189000,427.2317700566849,95
2024-09-20 11:30:15.217000,427.2492396316562,103
2024-09-20 11:30:15.290000,427.235414943704,1004
2024-09-20 11:30:15.342000,427.2645437827047,5
2024-09-20 11:30:15.354000,427.2655605707008,12
2024-09-20 11:30:15.399000,427.274892661772,100
2024-09-20 11:30:15.412000,427.21696182836274,998
2024-09-20 11:30:15.514000,427.23032234470736,5
2024-09-20 11:30:15.526000,427.25439155008905,100
2024-09-20 11:30:15.555000,427.2435819023634,97
2024-09-20 11:30:15.570000,427.2413172905824,7
2024-09-20 11:30:15.599000,427.30557922216514,996
2024-09-20 11:30:15.609000,427.2393653100967,995
2024-09-20 11:30:15.632000,427.2811007411919,1004
2024-09-20 11:30:15.684000,427.228972626432,995
2024-09-20 11:30:15.706000,427.32148903031486,8
2024-09-20 11:30:15.754000,427.2993878879723,11
2024-09-20 11:30:15.790000,427.29921036342256,10
2024-09-20 11:30:15.884000,427.2595536541812,996
2024-09-20 11:30:15.888000,427.326320007902,101
2024-09-20 11:30:15.892000,427.2520721747378,997
2024-09-20 11:30:15.925000,427.30414884869657,5
2024-09-20 11:30:15.929000,427.31595172779294,1001
2024-09-20 11:30:15.939000,427.3190720745096,997
2024-09-20 11:30:16.067000,427.20722720936266,1002
2024-09-20 11:30:16.319000,427.1920222721815,103
2024-09-20 11:30:16.331000,427.2156965787669,104
2024-09-20 11:30:16.352000,427.1876145101709,14
2024-09-20 11:30:16.469000,427.21893806472144,5
2024-09-20 11:30:16.620000,427.22577193442015,95
2024-09-20 11:30:16.719000,427.2314192297365,997
2024-09-20 11:30:16.742000,427.2151932876996,5
2024-09-20 11:30:16.744000,427.2025991768388,6
2024-09-20 11:30:16.940000,427.1914041575575,10
2024-09-20 11:30:17.148000,427.1689290387752,105
2024-09-20 11:30:17.297000,427.1571699231195,95
2024-09-20 11:30:17.431000,427.1757061531247,98
2024-09-20 11:30:17.480000,427.1545197994288,996
2024-09-20 11:30:17.597000,427.1427680929198,998
2024-09-20 11:30:17.707000,427.1891937133004,101
2024-09-20 11:30:17.724000,427.1518996226503,14
2024-09-20 11:30:17.786000,427.14847699613136,95
2024-09-20 11:30:17.885000,427.1857873931257,98
2024-09-20 11:30:17.901000,427.1466532786022,999
2024-09-20 11:30:17.966000,427.1608923127764,995
2024-09-20 11:30:18.007000,427.1694361412096,8
2024-09-20 11:30:18.025000,427.1757030877408,96
2024-09-20 11:30:18.086000,427.1681965333593,99
2024-09-20 11:30:18.157000,427.1226294695082,102
2024-09-20 11:30:18.201000,427.15784200692207,13
2024-09-20 11:30:18.253000,427.1776901805586,105
2024-09-20 11:30:18.259000,427.1888952026643,97
2024-09-20 11:30:18.288000,427.1521978549727,1003
2024-09-20 11:30:18.292000,427.1382411270078,1004
2024-09-20 11:30:18.375000,427.1721799694726,9
2024-09-20 11:30:18.425000,427.1841945945087,995
2024-09-20 11:30:18.456000,427.15740980109297,105
2024-09-20 11:30:18.471000,427.1393752488312,96
2024-09-20 11:30:18.490000,427.1316352905862,8
2024-09-20 11:30:18.551000,427.1391777235785,995
2024-09-20 11:30:18.563000,427.1553849379721,999
2024-09-20 11:30:18.579000,427.13979228432186,5
2024-09-20 11:30:18.597000,427.16425588733154,100
2024-09-20 11:30:18.603000,427.1305837999462,1005
2024-09-20 11:30:18.635000,427.1044748931223,1003
2024-09-20 11:30:18.656000,427.13012810166464,8
2024-09-20 11:30:18.715000,427.1738626941005,8
2024-09-20 11:30:18.745000,427.17833019114704,95
2024-09-20 11:30:18.782000,427.12215017091256,96
2024-09-20 11:30:18.814000,427.16509949476136,102
2024-09-20 11:30:18.859000,427.1795947770824,999
2024-09-20 11:30:18.871000,427.11959335957937,5
2024-09-20 11:30:18.996000,427.1905711567575,96
2024-09-20 11:30:19.147000,427.0803338708456,5
2024-09-20 11:30:19.166000,427.0814432151044,11
2024-09-20 11:30:19.258000,427.1019825013298,997
2024-09-20 11:30:19.400000,427.1271309233701,8
2024-09-20 11:30:19.674000,427.1032152405152,103
2024-09-20 11:30:19.751000,427.11988471055616,996
2024-09-20 11:30:19.797000,427.1148609504967,9
2024-09-20 11:30:19.803000,427.1047100693532,1000
2024-09-20 11:30:19.968000,427.0926031535624,10
2024-09-20 11:30:19.987000,427.11968919240576,996
2024-09-20 11:30:20.004000,427.21563381185047,13
2024-09-20 11:30:20.036000,427.2380464156636,97
2024-09-20 11:30:20.064000,427.2563330717494,104
2024-09-20 11:30:20.135000,427.2159455863055,97
2024-09-20 11:30:20.152000,427.2177959462169,10
2024-09-20 11:30:20.155000,427.1858445690671,103
2024-09-20 11:30:20.160000,427.2092799140278,15
2024-09-20 11:30:20.160000,427.22547044995207,14
2024-09-20 11:30:20.196000,427.1384638392511,6
2024-09-20 11:30:20.283000,427.1826109613955,13
2024-09-20 11:30:20.334000,427.1747343365141,8
2024-09-20 11:30:20.383000,427.19572170803343,10
2024-09-20 11:30:20.415000,427.2163201809224,7
2024-09-20 11:30:20.417000,427.1340746376813,12
2024-09-20 11:30:20.448000,427.19548062232303,99
2024-09-20 11:30:20.548000,427.2193051702196,1003
2024-09-20 11:30:20.594000,427.23698671832886,104
2024-09-20 11:30:20.621000,427.1587295727044,1004
2024-09-20 11:30:20.624000,427.1485518297333,13
2024-09-20 11:30:20.678000,427.1963100258292,100
2024-09-20 11:30:20.688000,427.1982409425134,96
2024-09-20 11:30:20.873000,427.2507146871002,103
2024-09-20 11:30:20.878000,427.20436207194496,8
2024-09-20 11:30:20.901000,427.22171528266136,95
2024-09-20 11:30:20.911000,427.1996766403034,995
2024-09-20 11:30:20.975000,427.1235589725552,1000
2024-09-20 11:30:21.113000,427.2574755596328,13
2024-09-20 11:30:21.154000,427.2801882256966,13
2024-09-20 11:30:21.170000,427.26401574826536,100
2024-09-20 11:30:21.207000,427.2571375224752,11
2024-09-20 11:30:21.228000,427.2416438158166,103
2024-09-20 11:30:21.405000,427.27625827624775,996
2024-09-20 11:30:21.448000,427.2749247683903,9
2024-09-20 11:30:21.485000,427.295347486747,102
2024-09-20 11:30:21.507000,427.27157821983445,7
2024-09-20 11:30:21.568000,427.2732910013764,103
2024-09-20 11:30:21.574000,427.2560086269676,14
2024-09-20 11:30:21.660000,427.2563900152547,1001
2024-09-20 11:30:21.906000,427.27985255964927,99
2024-09-20 11:30:21.907000,427.2793427433414,100
2024-09-20 11:30:21.919000,427.2464233216504,997
2024-09-20 11:30:21.919000,427.276889613312,95
2024-09-20 11:30:22.012000,427.28208674589735,15
2024-09-20 11:30:22.028000,427.3020980148788,6
2024-09-20 11:30:22.063000,427.2690858957535,100
2024-09-20 11:30:22.066000,427.2566165721702,102
2024-09-20 11:30:22.166000,427.2558403431723,999
2024-09-20 11:30:22.265000,427.2780933697386,98
2024-09-20 11:30:22.320000,427.2893527256334,11
2024-09-20 11:30:22.350000,427.26525730201786,1001
2024-09-20 11:30:22.413000,427.2724799994951,11
2024-09-20 11:30:22.443000,427.2625479377489,96
2024-09-20 11:30:22.471000,427.29868315614186,1004
2024-09-20 11:30:22.609000,427.2987767533359,99
2024-09-20 11:30:22.659000,427.2691070130128,13
2024-09-20 11:30:22.661000,427.2996036765223,101
2024-09-20 11:30:22.694000,427.2450770256156,97
2024-09-20 11:30:22.713000,427.27984127967954,100
2024-09-20 11:30:22.752000,427.3036812376642,1004
2024-09-20 11:30:22.807000,427.2531638191526,100
2024-09-20 11:30:22.858000,427.2940314317737,11
2024-09-20 11:30:22.878000,427.28611936182017,9
2024-09-20 11:30:22.925000,427.2862582938219,15
2024-09-20 11:30:22.987000,427.2675962911328,100
2024-09-20 11:30:23.038000,427.2694009548263,10
2024-09-20 11:30:23.066000,427.2742009404929,11
2024-09-20 11:30:23.087000,427.2974590115144,103
2024-09-20 11:30:23.092000,427.2577723720204,11
2024-09-20 11:30:23.212000,427.2401032537102,1004
2024-09-20 11:30:23.220000,427.2734015287032,105
2024-09-20 11:30:23.227000,427.29541747596073,7
2024-09-20 11:30:23.248000,427.28915704260464,101
2024-09-20 11:30:23.270000,427.2694655465177,102
2024-09-20 11:30:23.282000,427.3067445802786,997
2024-09-20 11:30:23.357000,427.2799138061113,996
2024-09-20 11:30:23.366000,427.248589313825,15
2024-09-20 11:30:23.423000,427.2787959393789,95
2024-09-20 11:30:23.538000,427.3060431932551,9
2024-09-20 11:30:23.590000,427.2609148520691,997
2024-09-20 11:30:23.634000,427.2724182696648,1001
2024-09-20 11:30:23.677000,427.279790401844,97
2024-09-20 11:30:23.736000,427.31138050529626,995
2024-09-20 11:30:23.798000,427.28011365328615,104
2024-09-20 11:30:23.855000,427.2745474785782,96
2024-09-20 11:30:23.894000,427.3173703987424,1003
2024-09-20 11:30:23.930000,427.3096564101659,1004
2024-09-20 11:30:23.939000,427.285896428994,102
2024-09-20 11:30:23.972000,427.295663076167,8
2024-09-20 11:30:24.247000,427.2553516641338,15
2024-09-20 11:30:24.263000,427.2666691728586,103
2024-09-20 11:30:24.292000,427.2445926421617,6
2024-09-20 11:30:24.331000,427.2728222091584,996
2024-09-20 11:30:24.374000,427.2497829297743,6
2024-09-20 11:30:24.403000,427.2757144800158,1003
2024-09-20 11:30:24.418000,427.2714223650794,100
2024-09-20 11:30:24.451000,427.2719514953416,12
2024-09-20 11:30:24.563000,427.2577923788053,11
2024-09-20 11:30:24.572000,427.26294754375857,10
2024-09-20 11:30:24.616000,427.267363871863,95
2024-09-20 11:30:25.073000,427.2564400277124,99
2024-09-20 11:30:25.208000,427.2579205796947,105
2024-09-20 11:30:25.578000,427.27679110338215,104
2024-09-20 11:30:25.678000,427.2641247029202,997
2024-09-20 11:30:25.697000,427.2669123179995,1005
2024-09-20 11:30:25.868000,427.272417950267,995
2024-09-20 11:30:25.914000,427.2594483038017,95
2024-09-20 11:30:26.104000,427.2951672285244,997
2024-09-20 11:30:26.216000,427.2478392653334,5
2024-09-20 11:30:26.247000,427.24981205160657,12
2024-09-20 11:30:26.345000,427.2759883019686,1005
2024-09-20 11:30:26.372000,427.2442631232252,105
2024-09-20 11:30:26.431000,427.3143924846688,6
2024-09-20 11:30:26.443000,427.2518432697081,15
2024-09-20 11:30:26.471000,427.3176381845327,99
2024-09-20 11:30:26.497000,427.2982921361658,95
2024-09-20 11:30:26.510000,427.2557851825106,997
2024-09-20 11:30:26.575000,427.26043106134176,10
2024-09-20 11:30:26.619000,427.2673245044192,7
2024-09-20 11:30:26.654000,427.3284080946486,7
2024-09-20 11:30:26.752000,427.2544677736195,96
2024-09-20 11:30:26.754000,427.2935730632605,5
2024-09-20 11:30:26.765000,427.2429271069085,13
2024-09-20 11:30:26.778000,427.2661728407802,13
2024-09-20 11:30:26.832000,427.2648062127429,100
2024-09-20 11:30:26.899000,427.3161129456839,6
2024-09-20 11:30:26.906000,427.311188239426,105
2024-09-20 11:30:26.948000,427.25099346412696,6
2024-09-20 11:30:26.955000,427.24947104928,998
2024-09-20 11:30:26.985000,427.2564487840671,995
2024-09-20 11:30:26.997000,427.30111462294445,9
2024-09-20 11:30:27.129000,427.3632515930919,104
2024-09-20 11:30:27.157000,427.3582602995933,1002
2024-09-20 11:30:27.166000,427.2991741120171,10
2024-09-20 11:30:27.185000,427.3646360679983,14
2024-09-20 11:30:27.235000,427.35478358657554,997
2024-09-20 11:30:27.243000,427.3577331134169,1004
2024-09-20 11:30:27.293000,427.3672876950572,1000
2024-09-20 11:30:27.303000,427.33981147127577,10
2024-09-20 11:30:27.358000,427.31159548998727,1004
2024-09-20 11:30:27.460000,427.3261075386855,1005
2024-09-20 11:30:27.465000,427.3258811412044,1005
2024-09-20 11:30:27.520000,427.31844518069306,104
2024-09-20 11:30:27.602000,427.2933608894042,997
2024-09-20 11:30:27.652000,427.3379122910779,1002
2024-09-20 11:30:27.764000,427.35492289849697,103
2024-09-20 11:30:27.821000,427.32043608736006,1002
2024-09-20 11:30:27.833000,427.32364941590095,1002
2024-09-20 11:30:27.854000,427.366226099393,1002
2024-09-20 11:30:27.863000,427.3347313090846,6
2024-09-20 11:30:28.090000,427.3714110260989,7
2024-09-20 11:30:28.094000,427.3914174299866,8
2024-09-20 11:30:28.137000,427.3902072037727,1001
2024-09-20 11:30:28.263000,427.3759559560476,99
2024-09-20 11:30:28.267000,427.3787045725769,15
2024-09-20 11:30:28.595000,427.3898463327631,102
2024-09-20 11:30:28.646000,427.3577888298984,102
2024-09-20 11:30:28.691000,427.3877869957169,11
2024-09-20 11:30:28.876000,427.3842439845752,102
2024-09-20 11:30:29.005000,427.3324526884313,15
2024-09-20 11:30:29.045000,427.39672874003855,1001
2024-09-20 11:30:29.058000,427.38542917309405,15
2024-09-20 11:30:29.083000,427.4160884342045,6
2024-09-20 11:30:29.180000,427.3497406072142,13
2024-09-20 11:30:29.240000,427.4684397719748,99
2024-09-20 11:30:29.316000,427.4698473259909,102
2024-09-20 11:30:29.358000,427.38036310350384,1004
2024-09-20 11:30:29.410000,427.45723544917695,1001
2024-09-20 11:30:29.440000,427.469141554334,1004
2024-09-20 11:30:29.497000,427.38494920510817,11
2024-09-20 11:30:29.548000,427.4176169277391,95
2024-09-20 11:30:29.590000,427.3782266919957,100
2024-09-20 11:30:29.614000,427.50377700674727,1004
2024-09-20 11:30:29.635000,427.4576706322897,95
2024-09-20 11:30:29.668000,427.4115571666816,5
2024-09-20 11:30:29.747000,427.3697582173954,14
2024-09-20 11:30:29.802000,427.4628123204771,997
2024-09-20 11:30:29.819000,427.4912425196709,100
2024-09-20 11:30:29.831000,427.4682759203753,103
2024-09-20 11:30:29.850000,427.4828865738487,105
2024-09-20 11:30:29.875000,427.3520790901334,995
2024-09-20 11:30:29.890000,427.3462955393072,99
2024-09-20 11:30:29.923000,427.4861237200665,102
2024-09-20 11:30:29.933000,427.46713153409496,14
2024-09-20 11:30:29.938000,427.4771230112109,105
2024-09-20 11:30:29.968000,427.4446377707931,999
2024-09-20 11:30:30.029000,427.4192508244622,11
2024-09-20 11:30:30.060000,427.4689440955322,1004
2024-09-20 11:30:30.070000,427.4586289056926,997
2024-09-20 11:30:30.071000,427.4383086980321,97
2024-09-20 11:30:30.127000,427.4772650713573,999
2024-09-20 11:30:30.148000,427.42007558544736,998
2024-09-20 11:30:30.157000,427.4491603036561,98
2024-09-20 11:30:30.224000,427.3955580968981,6
2024-09-20 11:30:30.441000,427.4060722251633,105
2024-09-20 11:30:30.462000,427.44996228840006,7
2024-09-20 11:30:30.493000,427.3921470102929,1004
2024-09-20 11:30:30.503000,427.4130458775791,13
2024-09-20 11:30:30.559000,427.4128773399465,997
2024-09-20 11:30:30.560000,427.4078329070522,8
2024-09-20 11:30:30.594000,427.39893031882144,12
2024-09-20 11:30:30.663000,427.4571977236175,996
2024-09-20 11:30:30.712000,427.440556821539,8
2024-09-20 11:30:30.716000,427.4306020744816,10
2024-09-20 11:30:30.790000,427.45723796791896,98
2024-09-20 11:30:30.835000,427.3878325532102,997
2024-09-20 11:30:30.874000,427.4436298407438,98
2024-09-20 11:30:30.928000,427.42933778368086,1001
2024-09-20 11:30:31.015000,427.5365440100277,102
2024-09-20 11:30:31.022000,427.5412277862084,102
2024-09-20 11:30:31.025000,427.5063702992936,6
2024-09-20 11:30:31.193000,427.51223686546393,103
2024-09-20 11:30:31.196000,427.51575076239,1001
2024-09-20 11:30:31.213000,427.5017223206937,99
2024-09-20 11:30:31.240000,427.5320817284661,103
2024-09-20 11:30:31.240000,427.5481418048136,9
2024-09-20 11:30:31.251000,427.52724864269726,7
2024-09-20 11:30:31.301000,427.5388960625792,97
2024-09-20 11:30:31.387000,427.52618425265416,999
2024-09-20 11:30:31.425000,427.5302463758596,95
2024-09-20 11:30:31.591000,427.55736058952346,9
2024-09-20 11:30:31.631000,427.4529462119979,96
2024-09-20 11:30:31.640000,427.506927217406,100
2024-09-20 11:30:31.654000,427.4833572522971,101
2024-09-20 11:30:31.663000,427.5218493916593,12
2024-09-20 11:30:31.714000,427.5171444182959,98
2024-09-20 11:30:31.729000,427.5221026870448,101
2024-09-20 11:30:31.744000,427.5467366652408,995
2024-09-20 11:30:31.794000,427.4794832903731,1002
2024-09-20 11:30:31.841000,427.54658771790525,102
2024-09-20 11:30:31.907000,427.5330424549768,1002
2024-09-20 11:30:31.923000,427.55007274721294,13
2024-09-20 11:30:31.930000,427.4940485777384,10
2024-09-20 11:30:31.940000,427.5077462381153,999
2024-09-20 11:30:32.087000,427.5168414413471,8
2024-09-20 11:30:32.430000,427.5172533295548,105
2024-09-20 11:30:33.131000,427.4341999521935,103
2024-09-20 11:30:33.230000,427.515110305136,99
2024-09-20 11:30:33.248000,427.50445995434137,8
2024-09-20 11:30:33.266000,427.45511383934326,101
2024-09-20 11:30:33.402000,427.52209126498826,999
2024-09-20 11:30:33.421000,427.4954169747927,1003
2024-09-20 11:30:33.428000,427.5157754552625,1002
2024-09-20 11:30:33.483000,427.5044157904137,104
2024-09-20 11:30:33.488000,427.4943341999928,1002
2024-09-20 11:30:33.553000,427.5388662879535,1005
2024-09-20 11:30:33.577000,427.4768501667436,995
2024-09-20 11:30:33.577000,427.4816116430465,102
2024-09-20 11:30:33.588000,427.52508551884046,1005
2024-09-20 11:30:33.599000,427.5121114081159,104
2024-09-20 11:30:33.600000,427.506952015432,1000
2024-09-20 11:30:33.636000,427.5215871111208,9
2024-09-20 11:30:33.643000,427.5282284602835,6
2024-09-20 11:30:33.840000,427.4352629924419,996
2024-09-20 11:30:34.441000,427.4508620940689,997
2024-09-20 11:30:34.838000,427.4568375836884,104
2024-09-20 11:30:34.968000,427.4597501679221,1002
2024-09-20 11:30:35.178000,427.4548876945519,11
2024-09-20 11:30:35.280000,427.4786472785776,998
2024-09-20 11:30:35.354000,427.44726115911885,11
2024-09-20 11:30:35.456000,427.4480465510174,104
2024-09-20 11:30:35.486000,427.4797065716117,100
2024-09-20 11:30:35.524000,427.5205084434663,997
2024-09-20 11:30:35.572000,427.4995793494118,8
2024-09-20 11:30:35.678000,427.4621194941714,11
2024-09-20 11:30:35.696000,427.5018172036514,999
2024-09-20 11:30:35.740000,427.4892686709096,1000
2024-09-20 11:30:35.790000,427.4533440596925,1005
2024-09-20 11:30:35.950000,427.5139977377597,100
2024-09-20 11:30:36.007000,427.5005733956895,7
2024-09-20 11:30:36.020000,427.53510853546186,999
2024-09-20 11:30:36.034000,427.54090767219503,1000
2024-09-20 11:30:36.097000,427.5658446899641,999
2024-09-20 11:30:36.106000,427.55472991429406,1005
2024-09-20 11:30:36.189000,427.5738138242748,11
2024-09-20 11:30:36.202000,427.5297935469016,96
2024-09-20 11:30:36.216000,427.5604159321396,1001
2024-09-20 11:30:36.221000,427.5483824335221,1004
2024-09-20 11:30:36.237000,427.5470030054784,1002
2024-09-20 11:30:36.255000,427.5341907084803,1005
2024-09-20 11:30:36.366000,427.54166840075766,15
2024-09-20 11:30:36.420000,427.572646110672,8
2024-09-20 11:30:36.472000,427.54360808177057,11
2024-09-20 11:30:36.520000,427.52670527803934,10
2024-09-20 11:30:36.521000,427.5279427812803,998
2024-09-20 11:30:36.555000,427.5603173769471,96
2024-09-20 11:30:36.565000,427.5473456671852,998
2024-09-20 11:30:36.614000,427.565863614827,7
2024-09-20 11:30:36.719000,427.5236813256214,998
2024-09-20 11:30:36.722000,427.5594091818926,96
2024-09-20 11:30:36.752000,427.5142644702346,9
2024-09-20 11:30:36.836000,427.5482449420137,999
2024-09-20 11:30:36.869000,427.5102631328592,103
2024-09-20 11:30:36.935000,427.5764869257384,11
2024-09-20 11:30:37.027000,427.53499537590255,14
2024-09-20 11:30:37.039000,427.52814362528034,10
2024-09-20 11:30:37.137000,427.5241444070157,96
2024-09-20 11:30:37.262000,427.5310969660711,15
2024-09-20 11:30:37.273000,427.5347487893627,15
2024-09-20 11:30:37.319000,427.5032704759672,996
2024-09-20 11:30:37.371000,427.5095649924048,10
2024-09-20 11:30:37.534000,427.5194200043825,99
2024-09-20 11:30:37.721000,427.5285507151499,5
2024-09-20 11:30:37.730000,427.5316236813819,5
2024-09-20 11:30:37.767000,427.5116476692656,97
2024-09-20 11:30:37.820000,427.5397932135287,95
2024-09-20 11:30:37.826000,427.4888622943227,15
2024-09-20 11:30:37.830000,427.4755911637712,97
2024-09-20 11:30:37.830000,427.52437980991647,997
2024-09-20 11:30:37.851000,427.51263237965736,100
2024-09-20 11:30:37.857000,427.4951405107932,102
2024-09-20 11:30:37.883000,427.5057671851706,999
2024-09-20 11:30:37.922000,427.5139610362963,9
2024-09-20 11:30:38.007000,427.4733935355819,1004
2024-09-20 11:30:38.031000,427.4902703228212,105
2024-09-20 11:30:38.034000,427.48029079108034,102
2024-09-20 11:30:38.047000,427.5162756287528,9
2024-09-20 11:30:38.109000,427.598587868065,6
2024-09-20 11:30:38.128000,427.6014247557146,5
2024-09-20 11:30:38.134000,427.4794000211329,10
2024-09-20 11:30:38.238000,427.48356268181294,5
2024-09-20 11:30:38.290000,427.4761257264135,9
2024-09-20 11:30:38.303000,427.5065594101943,13
2024-09-20 11:30:38.313000,427.53652053717775,7
2024-09-20 11:30:38.392000,427.51337166402817,998
2024-09-20 11:30:38.420000,427.5066117605352,6
2024-09-20 11:30:38.470000,427.5060422698331,10
2024-09-20 11:30:38.533000,427.504812829071,995
2024-09-20 11:30:38.542000,427.568963444166,104
2024-09-20 11:30:38.560000,427.5268290726037,1000
2024-09-20 11:30:38.568000,427.4936950835482,105
2024-09-20 11:30:38.682000,427.4907620623986,13
2024-09-20 11:30:38.841000,427.57357043720185,1003
2024-09-20 11:30:38.869000,427.5719495011262,1004
2024-09-20 11:30:38.869000,427.4853570467715,1002
2024-09-20 11:30:38.873000,427.47769684190257,5
2024-09-20 11:30:38.914000,427.5578812535673,999
2024-09-20 11:30:38.957000,427.55171486404345,15
2024-09-20 11:30:38.987000,427.5973416495585,102
2024-09-20 11:30:39.181000,427.58082756101487,95
2024-09-20 11:30:39.390000,427.6027738550291,98
2024-09-20 11:30:39.762000,427.5766256258843,5
2024-09-20 11:30:39.808000,427.59413328381794,7
2024-09-20 11:30:39.937000,427.58064693342266,1005
2024-09-20 11:30:39.980000,427.5720123437225,14
2024-09-20 11:30:40.614000,427.5841405167887,1003
2024-09-20 11:30:41.003000,427.5877299195053,10
2024-09-20 11:30:41.020000,427.6043891535388,1002
2024-09-20 11:30:41.113000,427.58712951406056,103
2024-09-20 11:30:41.120000,427.5761910945177,105
2024-09-20 11:30:41.132000,427.5960972970351,105
2024-09-20 11:30:41.158000,427.6119183305983,1002
2024-09-20 11:30:41.162000,427.6035712853106,97
2024-09-20 11:30:41.172000,427.5941969888256,1003
2024-09-20 11:30:41.180000,427.6058943895076,98
2024-09-20 11:30:41.181000,427.5667750431833,104
2024-09-20 11:30:41.339000,427.57505179117686,1000
2024-09-20 11:30:41.347000,427.5921366586283,998
2024-09-20 11:30:41.446000,427.5763827350584,105
2024-09-20 11:30:41.485000,427.5935163643608,996
2024-09-20 11:30:41.550000,427.5670566420688,12
2024-09-20 11:30:41.571000,427.57122190901526,13
2024-09-20 11:30:41.655000,427.5886196215686,998
2024-09-20 11:30:41.657000,427.5598517426001,10
2024-09-20 11:30:41.699000,427.6079117519331,101
2024-09-20 11:30:41.737000,427.5709683471971,100
2024-09-20 11:30:41.845000,427.54941761840826,100
2024-09-20 11:30:41.846000,427.5979206206772,105
2024-09-20 11:30:41.882000,427.6003336759841,995
2024-09-20 11:30:41.885000,427.6065736370305,8
2024-09-20 11:30:41.909000,427.5992626180515,105
2024-09-20 11:30:41.929000,427.56389914469,95
2024-09-20 11:30:41.963000,427.6047643682263,1005
2024-09-20 11:30:42.840000,427.5478188945103,96
2024-09-20 11:30:43.002000,427.4863041830625,10
2024-09-20 11:30:43.007000,427.4956315828061,9
2024-09-20 11:30:43.034000,427.45137974379,9
2024-09-20 11:30:43.036000,427.4818513725663,1000
2024-09-20 11:30:43.098000,427.48814297524905,15
2024-09-20 11:30:43.194000,427.5152350316306,97
2024-09-20 11:30:43.245000,427.48671759440913,1005
2024-09-20 11:30:43.282000,427.53501330493,5
2024-09-20 11:30:43.305000,427.4764112254123,9
2024-09-20 11:30:43.320000,427.52470675911394,95
2024-09-20 11:30:43.393000,427.4758254603018,1004
2024-09-20 11:30:43.413000,427.4584239639895,1003
2024-09-20 11:30:43.560000,427.5332942223694,8
2024-09-20 11:30:43.695000,427.4561746779245,12
2024-09-20 11:30:43.791000,427.5018877274695,15
2024-09-20 11:30:43.793000,427.4592655715952,1004
2024-09-20 11:30:43.959000,427.5211393147263,15
2024-09-20 11:30:44.027000,427.5081008045725,995
2024-09-20 11:30:44.822000,427.4890464657312,12
2024-09-20 11:30:44.828000,427.5309379552519,999
2024-09-20 11:30:44.980000,427.51682017216655,100
2024-09-20 11:30:45.056000,427.48746521800496,1004
2024-09-20 11:30:45.064000,427.4967518773324,12
2024-09-20 11:30:45.129000,427.3838180321659,998
2024-09-20 11:30:45.185000,427.38611977773184,999
2024-09-20 11:30:45.186000,427.3468652081492,14
2024-09-20 11:30:45.187000,427.4632119137208,7
2024-09-20 11:30:45.234000,427.51726439002726,105
2024-09-20 11:30:45.244000,427.3564310560948,1000
2024-09-20 11:30:45.259000,427.5281031194797,96
2024-09-20 11:30:45.284000,427.43472270177824,999
2024-09-20 11:30:45.295000,427.3918399338112,99
2024-09-20 11:30:45.324000,427.4081671653562,11
2024-09-20 11:30:45.342000,427.4102459296809,14
2024-09-20 11:30:45.420000,427.3813025887782,99
2024-09-20 11:30:45.481000,427.413606194764,997
2024-09-20 11:30:45.481000,427.371196024547,996
2024-09-20 11:30:45.540000,427.5391084393512,10
2024-09-20 11:30:45.558000,427.3589642691314,104
2024-09-20 11:30:45.566000,427.40804826746745,96
2024-09-20 11:30:45.596000,427.4393756229958,998
2024-09-20 11:30:45.709000,427.5159948599219,1002
2024-09-20 11:30:45.717000,427.51065000053353,12
2024-09-20 11:30:45.757000,427.5162198956899,1005
2024-09-20 11:30:45.790000,427.5031895278844,10
2024-09-20 11:30:45.813000,427.4327334499051,95
2024-09-20 11:30:45.896000,427.5182609134111,996
2024-09-20 11:30:45.937000,427.5101175706869,99
2024-09-20 11:30:45.980000,427.3906079179424,10
2024-09-20 11:30:45.982000,427.5424643361886,999
2024-09-20 11:30:46.064000,427.3550200360896,997
2024-09-20 11:30:46.069000,427.36644039364336,1002
2024-09-20 11:30:46.090000,427.3571350963642,1004
2024-09-20 11:30:46.151000,427.3538301207631,99
2024-09-20 11:30:46.236000,427.3531248561813,995
2024-09-20 11:30:46.312000,427.3520632479473,10
2024-09-20 11:30:46.317000,427.3373075725687,105
2024-09-20 11:30:46.319000,427.3430993885223,5
2024-09-20 11:30:46.323000,427.35588292559066,1004
2024-09-20 11:30:46.350000,427.3511571223991,102
2024-09-20 11:30:46.399000,427.3555492710252,103
2024-09-20 11:30:46.550000,427.3696070910876,14
2024-09-20 11:30:46.734000,427.34737235432334,103
2024-09-20 11:30:46.843000,427.35986496649184,103
2024-09-20 11:30:46.875000,427.3565488765611,104
2024-09-20 11:30:46.895000,427.3544689459828,7
2024-09-20 11:30:46.986000,427.3573382227488,1005
2024-09-20 11:30:46.989000,427.3852156352332,105
2024-09-20 11:30:46.992000,427.3576617350753,11
2024-09-20 11:30:47.025000,427.3359554483813,14
2024-09-20 11:30:47.027000,427.3410520114853,1001
2024-09-20 11:30:47.032000,427.3487318876344,997
2024-09-20 11:30:47.034000,427.3498796006127,6
2024-09-20 11:30:47.049000,427.3256210804721,1003
2024-09-20 11:30:47.052000,427.33522221560975,100
2024-09-20 11:30:47.101000,427.3301790380121,5
2024-09-20 11:30:47.117000,427.31863000079096,96
2024-09-20 11:30:47.184000,427.3522036953939,1005
2024-09-20 11:30:47.199000,427.3286769872639,10
2024-09-20 11:30:47.308000,427.3336681808244,102
2024-09-20 11:30:47.340000,427.29172522564767,11
2024-09-20 11:30:47.346000,427.35247321276125,102
2024-09-20 11:30:47.460000,427.3150003182259,6
2024-09-20 11:30:47.479000,427.3495469746651,15
2024-09-20 11:30:47.520000,427.3097100430144,1000
2024-09-20 11:30:47.522000,427.31908698854096,15
2024-09-20 11:30:47.524000,427.333697891315,104
2024-09-20 11:30:47.633000,427.3169816425747,100
2024-09-20 11:30:47.689000,427.3555344835365,1005
2024-09-20 11:30:47.746000,427.354608025404,1003
2024-09-20 11:30:47.811000,427.3514709749078,13
2024-09-20 11:30:47.841000,427.345905759149,996
2024-09-20 11:30:47.916000,427.3136863723838,103
2024-09-20 11:30:47.939000,427.3451171507623,996
2024-09-20 11:30:47.976000,427.31958527425166,105
2024-09-20 11:30:47.977000,427.3325844511138,995
2024-09-20 11:30:48.067000,427.28931454130674,99
2024-09-20 11:30:48.281000,427.27991393028833,996
2024-09-20 11:30:48.349000,427.2744689482605,15
2024-09-20 11:30:48.402000,427.2989272101592,103
2024-09-20 11:30:48.927000,427.2884108767969,1001
2024-09-20 11:30:48.932000,427.2791924455812,1000
2024-09-20 11:30:49.108000,427.2697046122574,996
2024-09-20 11:30:49.135000,427.2315220336212,998
2024-09-20 11:30:49.152000,427.2774276652121,11
2024-09-20 11:30:49.157000,427.2569206140035,1005
2024-09-20 11:30:49.225000,427.256064111986,1003
2024-09-20 11:30:49.263000,427.2613224951035,102
2024-09-20 11:30:49.383000,427.2974585849004,102
2024-09-20 11:30:49.427000,427.26205966062565,1003
2024-09-20 11:30:49.435000,427.2452337389093,97
2024-09-20 11:30:49.452000,427.2845425363576,1004
2024-09-20 11:30:49.500000,427.2431418939241,8
2024-09-20 11:30:49.524000,427.2666567778365,996
2024-09-20 11:30:49.541000,427.2513750925044,1000
2024-09-20 11:30:49.581000,427.27659084259824,8
2024-09-20 11:30:49.585000,427.2826404664392,99
2024-09-20 11:30:49.592000,427.2642879763661,13
2024-09-20 11:30:49.711000,427.21941803632296,997
2024-09-20 11:30:49.765000,427.2608358419822,997
2024-09-20 11:30:49.781000,427.2351060796008,96
2024-09-20 11:30:49.814000,427.27644582476887,1004
2024-09-20 11:30:49.845000,427.2650531961729,1003
2024-09-20 11:30:49.965000,427.2815697256705,101
2024-09-20 11:30:49.976000,427.2742369010433,14
2024-09-20 11:30:50.022000,427.2003669012782,98
2024-09-20 11:30:50.444000,427.1993447847743,1001
2024-09-20 11:30:50.972000,427.1890622835972,13
2024-09-20 11:30:51.087000,427.1938047729201,11
2024-09-20 11:30:51.490000,427.1920328163948,1000
2024-09-20 11:30:51.701000,427.20775742177096,14
2024-09-20 11:30:51.804000,427.1859873830351,99
2024-09-20 11:30:51.853000,427.18448505682375,1004
2024-09-20 11:30:51.870000,427.1945690520029,1005
2024-09-20 11:30:51.881000,427.1915166662706,98
2024-09-20 11:30:52.077000,427.1719732733078,1005
2024-09-20 11:30:52.090000,427.22244080216535,96
2024-09-20 11:30:52.107000,427.1756932653363,996
2024-09-20 11:30:52.138000,427.21184481151073,96
2024-09-20 11:30:52.204000,427.1831834509925,1001
2024-09-20 11:30:52.270000,427.1905700184348,1002
2024-09-20 11:30:52.294000,427.2033311098961,996
2024-09-20 11:30:52.338000,427.1772657767256,104
2024-09-20 11:30:52.339000,427.2080642949638,99
2024-09-20 11:30:52.377000,427.1842679451301,1004
2024-09-20 11:30:52.386000,427.2074057539756,100
2024-09-20 11:30:52.419000,427.19358738261417,7
2024-09-20 11:30:52.446000,427.1946763512557,5
2024-09-20 11:30:52.609000,427.2119018276276,997
2024-09-20 11:30:52.636000,427.2109663234783,996
2024-09-20 11:30:52.796000,427.2082289159266,95
2024-09-20 11:30:52.981000,427.2176711493362,8
2024-09-20 11:30:53.092000,427.2087640544573,9
2024-09-20 11:30:53.098000,427.1544141419778,997
2024-09-20 11:30:53.136000,427.1834531354374,102
2024-09-20 11:30:53.153000,427.21000695788825,995
2024-09-20 11:30:53.188000,427.1725011016024,997
2024-09-20 11:30:53.253000,427.19393468624406,104
2024-09-20 11:30:53.254000,427.170975314717,99
2024-09-20 11:30:53.261000,427.1614031275096,96
2024-09-20 11:30:53.341000,427.21824308416194,12
2024-09-20 11:30:53.390000,427.1751077145094,12
2024-09-20 11:30:53.450000,427.2109457675543,6
2024-09-20 11:30:53.511000,427.1588916529912,99
2024-09-20 11:30:53.578000,427.1851371823856,99
2024-09-20 11:30:53.606000,427.1717384961692,1005
2024-09-20 11:30:53.695000,427.2230599065111,1000
2024-09-20 11:30:53.719000,427.1466052090392,14
2024-09-20 11:30:53.746000,427.1796671895378,12
2024-09-20 11:30:53.754000,427.2257427719284,14
2024-09-20 11:30:53.777000,427.17112637113627,15
2024-09-20 11:30:53.785000,427.2064988782104,105
2024-09-20 11:30:53.795000,427.2070004892511,103
2024-09-20 11:30:53.830000,427.2076168199284,999
2024-09-20 11:30:53.830000,427.164298615521,1005
2024-09-20 11:30:53.841000,427.1737201995151,103
2024-09-20 11:30:53.841000,427.19759542140673,103
2024-09-20 11:30:53.868000,427.1464985012253,1005
2024-09-20 11:30:53.884000,427.1601569769981,1005
2024-09-20 11:30:53.963000,427.1993543797952,9
2024-09-20 11:30:54.092000,427.1848416915532,998
2024-09-20 11:30:54.120000,427.18485529590856,97
2024-09-20 11:30:54.157000,427.1749373520188,105
2024-09-20 11:30:54.297000,427.1344566392388,102
2024-09-20 11:30:54.475000,427.1757624787329,14
2024-09-20 11:30:54.657000,427.1864474537034,1000
2024-09-20 11:30:54.711000,427.18070117766126,8
2024-09-20 11:30:54.764000,427.1764694992095,97
2024-09-20 11:30:54.999000,427.1617313747191,5
2024-09-20 11:30:55.028000,427.0968685760338,995
2024-09-20 11:30:55.085000,427.08872466015225,97
2024-09-20 11:30:55.125000,427.1230155106626,8
2024-09-20 11:30:55.152000,427.1303153342564,103
2024-09-20 11:30:55.153000,427.0900207410876,102
2024-09-20 11:30:55.160000,427.1004867660451,95
2024-09-20 11:30:55.209000,427.0881624584263,14
2024-09-20 11:30:55.223000,427.1014241200602,97
2024-09-20 11:30:55.239000,427.1068474176506,99
2024-09-20 11:30:55.277000,427.1218256025937,1000
2024-09-20 11:30:55.304000,427.1018067162885,13
2024-09-20 11:30:55.388000,427.104433273509,104
2024-09-20 11:30:55.454000,427.1293545839329,1001
2024-09-20 11:30:55.533000,427.0886103527236,102
2024-09-20 11:30:55.598000,427.0959424841514,98
2024-09-20 11:30:55.721000,427.1031507477276,1002
2024-09-20 11:30:55.796000,427.09386043758576,14
2024-09-20 11:30:55.914000,427.0773055499364,1003
2024-09-20 11:30:55.941000,427.0763459915572,12
2024-09-20 11:30:56.003000,427.07662385333566,97
2024-09-20 11:30:56.141000,427.08963308123606,99
2024-09-20 11:30:56.270000,427.0790254548244,98
2024-09-20 11:30:56.442000,427.06913314179326,997
2024-09-20 11:30:56.508000,427.0669312534032,1004
2024-09-20 11:30:56.904000,427.0792505021563,1004
2024-09-20 11:30:56.913000,427.0867187690261,101
2024-09-20 11:30:56.935000,427.063259932227,105
2024-09-20 11:30:56.951000,427.0736078265387,15
2024-09-20 11:30:56.998000,427.07830145187415,7
2024-09-20 11:30:57.035000,427.1030795438484,14
2024-09-20 11:30:57.135000,427.1305708802305,995
2024-09-20 11:30:57.754000,427.0916455099494,95
2024-09-20 11:30:57.817000,427.0748394596943,103
2024-09-20 11:30:57.867000,427.0832707589286,1004
2024-09-20 11:30:58.144000,427.0764257964448,98
2024-09-20 11:30:58.348000,427.10560442610745,7
2024-09-20 11:30:58.810000,427.1013254096242,97
2024-09-20 11:30:58.846000,427.11207973035386,10
2024-09-20 11:30:59.047000,426.9971613384316,998
2024-09-20 11:30:59.109000,426.9993847627848,10
2024-09-20 11:30:59.120000,427.01063757628566,103
2024-09-20 11:30:59.204000,427.061129577626,103
2024-09-20 11:30:59.233000,427.005724939566,105
2024-09-20 11:30:59.355000,427.0619129750414,96
2024-09-20 11:30:59.396000,427.04842060842793,7
2024-09-20 11:30:59.519000,426.9867609386457,1002
2024-09-20 11:30:59.528000,427.00476038444697,12
2024-09-20 11:30:59.585000,426.98767769317664,103
2024-09-20 11:30:59.605000,427.0313392072939,1002
2024-09-20 11:30:59.613000,426.9958289221309,1001
2024-09-20 11:30:59.656000,426.9891382627118,15
2024-09-20 11:30:59.682000,427.054346582321,1001
2024-09-20 11:30:59.684000,426.93527801774025,6
2024-09-20 11:30:59.724000,427.03933996464986,102
2024-09-20 11:30:59.726000,426.973127650669,997
2024-09-20 11:30:59.789000,427.0257258930952,97
2024-09-20 11:30:59.918000,427.0351737323722,999
2024-09-20 11:30:59.938000,427.0101672880168,98
2024-09-20 11:30:59.942000,427.0200960790668,105
2024-09-20 11:30:59.976000,426.96182607258976,1003
2024-09-20 11:30:59.997000,427.04943326344056,996
