Timestamp,Price,Size
2024-09-17 10:47:01.027000,416.0386796465007,101
2024-09-17 10:47:01.156000,416.0348710156212,103
2024-09-17 10:47:01.193000,416.04362764619975,103
2024-09-17 10:47:01.625000,416.00350016215504,14
2024-09-17 10:47:01.907000,416.0407960018189,101
2024-09-17 10:47:02.109000,415.9507048341608,10
2024-09-17 10:47:02.112000,415.9870694005694,995
2024-09-17 10:47:02.120000,415.9723101810574,997
2024-09-17 10:47:02.134000,415.9742574154598,9
2024-09-17 10:47:02.180000,415.9990954120464,995
2024-09-17 10:47:02.183000,415.9548289657402,98
2024-09-17 10:47:02.209000,415.9651058804238,99
2024-09-17 10:47:02.297000,415.9885035946456,1005
2024-09-17 10:47:02.306000,415.9827304099856,102
2024-09-17 10:47:02.411000,415.9717474706758,101
2024-09-17 10:47:02.460000,416.0028705994015,1000
2024-09-17 10:47:02.468000,415.97407402757057,997
2024-09-17 10:47:02.510000,416.0400071772999,996
2024-09-17 10:47:02.534000,415.96226623973416,5
2024-09-17 10:47:02.576000,415.9775309345987,6
2024-09-17 10:47:02.577000,416.0126684076678,5
2024-09-17 10:47:02.602000,415.9679336629151,9
2024-09-17 10:47:02.632000,415.9687879723863,998
2024-09-17 10:47:02.702000,415.954233005963,1002
2024-09-17 10:47:02.762000,415.9621083000298,103
2024-09-17 10:47:02.821000,415.97828986631663,15
2024-09-17 10:47:02.859000,415.975706548996,9
2024-09-17 10:47:02.871000,415.9578509308984,995
2024-09-17 10:47:02.885000,415.9632277108647,1001
2024-09-17 10:47:02.897000,415.9796420508165,1000
2024-09-17 10:47:02.941000,415.9660895171136,10
2024-09-17 10:47:03.003000,416.0028504445357,105
2024-09-17 10:47:03.016000,416.0032890564286,1005
2024-09-17 10:47:03.163000,416.03023693548784,8
2024-09-17 10:47:03.232000,416.03019179548033,1004
2024-09-17 10:47:03.237000,416.0278912489812,997
2024-09-17 10:47:03.269000,416.093531156004,97
2024-09-17 10:47:03.299000,415.9962602686587,11
2024-09-17 10:47:03.340000,416.0533668574344,1005
2024-09-17 10:47:03.341000,415.99758822016025,999
2024-09-17 10:47:03.370000,416.0197165064165,98
2024-09-17 10:47:03.370000,416.013374205507,999
2024-09-17 10:47:03.378000,416.0105925464514,998
2024-09-17 10:47:03.390000,416.0053322551826,7
2024-09-17 10:47:03.557000,416.0578449260124,1002
2024-09-17 10:47:03.641000,416.0956263510311,1000
2024-09-17 10:47:03.738000,416.0285246236239,1004
2024-09-17 10:47:03.738000,416.076792868994,9
2024-09-17 10:47:03.841000,415.9838109507872,6
2024-09-17 10:47:03.860000,416.09062925912457,998
2024-09-17 10:47:03.901000,416.04288796135785,1000
2024-09-17 10:47:03.957000,416.0660175254204,8
2024-09-17 10:47:04.028000,416.1527950283057,104
2024-09-17 10:47:04.030000,416.1099160867953,996
2024-09-17 10:47:04.107000,416.14307473142446,5
2024-09-17 10:47:04.217000,416.1123037758161,1005
2024-09-17 10:47:04.231000,416.1297696999542,15
2024-09-17 10:47:04.259000,416.1110165731679,104
2024-09-17 10:47:04.291000,416.12167353984194,11
2024-09-17 10:47:04.539000,416.07604980006687,995
2024-09-17 10:47:04.646000,416.1110963543101,13
2024-09-17 10:47:04.699000,416.0827737911721,99
2024-09-17 10:47:04.817000,416.1410263741112,15
2024-09-17 10:47:04.922000,416.1127395953769,11
2024-09-17 10:47:04.932000,416.1117877343084,1002
2024-09-17 10:47:04.948000,416.0801422869376,13
2024-09-17 10:47:05.012000,416.1251975539096,1002
2024-09-17 10:47:05.069000,416.1212580493243,8
2024-09-17 10:47:05.086000,416.1507943711173,1001
2024-09-17 10:47:05.105000,416.09297371237614,8
2024-09-17 10:47:05.144000,416.0698653255584,12
2024-09-17 10:47:05.181000,416.120462665851,12
2024-09-17 10:47:05.248000,416.1249932405598,6
2024-09-17 10:47:05.309000,416.1420492467143,103
2024-09-17 10:47:05.314000,416.1561636461997,6
2024-09-17 10:47:05.379000,416.1475824560909,8
2024-09-17 10:47:05.412000,416.07150630852334,995
2024-09-17 10:47:05.415000,416.1447268434631,102
2024-09-17 10:47:05.466000,416.11977448055256,13
2024-09-17 10:47:05.482000,416.0395228550744,1004
2024-09-17 10:47:05.490000,416.11177453927337,100
2024-09-17 10:47:05.506000,416.0877098379664,996
2024-09-17 10:47:05.512000,416.1452946557838,11
2024-09-17 10:47:05.521000,416.12499722139927,12
2024-09-17 10:47:05.536000,416.04534693114783,95
2024-09-17 10:47:05.581000,416.1441144251276,10
2024-09-17 10:47:05.661000,416.1465007124988,101
2024-09-17 10:47:05.671000,416.12669410598056,10
2024-09-17 10:47:05.677000,416.0899079807164,1005
2024-09-17 10:47:05.747000,416.1467619670186,12
2024-09-17 10:47:05.788000,416.1422189642752,98
2024-09-17 10:47:05.826000,416.1362408519112,10
2024-09-17 10:47:05.883000,416.0972209504132,99
2024-09-17 10:47:05.889000,416.0647048832904,11
2024-09-17 10:47:05.936000,416.1343750588041,7
2024-09-17 10:47:06.085000,416.02337505424526,103
2024-09-17 10:47:06.213000,416.0055368519577,99
2024-09-17 10:47:06.238000,415.9826030239651,999
2024-09-17 10:47:06.271000,416.0016663647805,997
2024-09-17 10:47:06.310000,415.9939998478742,15
2024-09-17 10:47:06.316000,415.9534296282778,14
2024-09-17 10:47:06.393000,416.0034438264786,6
2024-09-17 10:47:06.454000,416.0540528401655,1000
2024-09-17 10:47:06.725000,415.9830524755607,97
2024-09-17 10:47:06.726000,416.00701767138577,105
2024-09-17 10:47:06.810000,416.03798755756,997
2024-09-17 10:47:07.026000,416.0112437063332,1003
2024-09-17 10:47:07.173000,415.9507405389432,12
2024-09-17 10:47:07.179000,415.94644253618367,97
2024-09-17 10:47:07.272000,415.9624748702866,7
2024-09-17 10:47:07.324000,415.96443428572536,995
2024-09-17 10:47:07.339000,416.0113465477061,6
2024-09-17 10:47:07.376000,415.958975358908,5
2024-09-17 10:47:07.398000,415.9595820627729,10
2024-09-17 10:47:07.399000,416.0161807199207,997
2024-09-17 10:47:07.399000,415.95757065152185,13
2024-09-17 10:47:07.476000,415.9750905990959,15
2024-09-17 10:47:07.481000,415.9637371572413,1003
2024-09-17 10:47:07.574000,415.9358713029902,100
2024-09-17 10:47:07.625000,415.9374389083047,996
2024-09-17 10:47:07.733000,415.9515524318412,11
2024-09-17 10:47:07.755000,415.9554828159165,14
2024-09-17 10:47:07.775000,415.944660502522,105
2024-09-17 10:47:07.863000,415.93872531204,1000
2024-09-17 10:47:07.954000,415.9528719153277,14
2024-09-17 10:47:07.958000,415.9276299909383,995
2024-09-17 10:47:08.084000,415.9669364549331,1005
2024-09-17 10:47:08.171000,416.02253502466186,1002
2024-09-17 10:47:08.172000,416.0054326879763,14
2024-09-17 10:47:08.228000,415.95466176719833,11
2024-09-17 10:47:08.415000,416.0079826196269,103
2024-09-17 10:47:08.437000,416.0180868080362,103
2024-09-17 10:47:08.471000,416.0062332132424,8
2024-09-17 10:47:08.488000,416.0069430084426,102
2024-09-17 10:47:08.513000,415.9951503250143,998
2024-09-17 10:47:08.534000,416.0245160737786,1001
2024-09-17 10:47:08.541000,415.99493219168346,1003
2024-09-17 10:47:08.554000,415.9560577909688,9
2024-09-17 10:47:08.583000,416.0160287266624,1001
2024-09-17 10:47:08.624000,415.9553581361933,8
2024-09-17 10:47:08.773000,415.9459584778811,997
2024-09-17 10:47:08.850000,416.0024974204687,996
2024-09-17 10:47:08.944000,416.0138867700015,10
2024-09-17 10:47:08.960000,415.9557601217046,11
2024-09-17 10:47:08.962000,415.9985107899036,1002
2024-09-17 10:47:09.182000,415.9512138010394,7
2024-09-17 10:47:10.082000,415.9567204730271,1005
2024-09-17 10:47:10.203000,415.937522857458,996
2024-09-17 10:47:10.547000,415.94406702582114,5
2024-09-17 10:47:10.580000,415.93943832018175,103
2024-09-17 10:47:11.011000,415.9219545750488,5
2024-09-17 10:47:11.167000,415.9250573327959,104
2024-09-17 10:47:11.392000,415.9236316860669,104
2024-09-17 10:47:11.442000,415.89651663636783,1002
2024-09-17 10:47:11.588000,415.9000673554244,95
2024-09-17 10:47:11.680000,415.9035251713132,11
2024-09-17 10:47:11.689000,415.9249166813701,11
2024-09-17 10:47:11.839000,415.9042024340305,98
2024-09-17 10:47:12.018000,415.87468663469775,1005
2024-09-17 10:47:12.027000,415.8724689135482,100
2024-09-17 10:47:12.070000,415.8925321119444,1001
2024-09-17 10:47:12.213000,415.872500159969,99
2024-09-17 10:47:12.275000,415.8866098602279,9
2024-09-17 10:47:12.285000,415.8942587846125,96
2024-09-17 10:47:12.343000,415.8449206037163,10
2024-09-17 10:47:12.594000,415.8509188781808,1003
2024-09-17 10:47:12.601000,415.87342927109336,10
2024-09-17 10:47:12.609000,415.862990756497,98
2024-09-17 10:47:12.662000,415.8857725122714,100
2024-09-17 10:47:12.798000,415.8698803115904,999
2024-09-17 10:47:12.800000,415.85608666729166,7
2024-09-17 10:47:12.821000,415.88084758548695,102
2024-09-17 10:47:12.838000,415.8963854728896,1005
2024-09-17 10:47:12.866000,415.8761116357014,97
2024-09-17 10:47:12.947000,415.8861781720028,1000
2024-09-17 10:47:12.956000,415.8836631971387,15
2024-09-17 10:47:13.149000,415.8824510073414,98
2024-09-17 10:47:13.226000,415.9158589259952,98
2024-09-17 10:47:13.232000,415.891288281022,997
2024-09-17 10:47:13.243000,415.9114770357719,999
2024-09-17 10:47:13.286000,415.89903853762,5
2024-09-17 10:47:13.499000,415.9187293673564,1004
2024-09-17 10:47:13.586000,415.8902254848647,100
2024-09-17 10:47:13.653000,415.8681858393102,102
2024-09-17 10:47:13.659000,415.90473832146427,996
2024-09-17 10:47:13.702000,415.90597647347073,12
2024-09-17 10:47:13.753000,415.9087578706005,5
2024-09-17 10:47:13.819000,415.92260268886525,1003
2024-09-17 10:47:13.846000,415.9109067277704,1005
2024-09-17 10:47:14.016000,415.9443044590356,999
2024-09-17 10:47:14.145000,415.9236956377807,997
2024-09-17 10:47:14.222000,415.88084539171695,15
2024-09-17 10:47:14.246000,415.8950805313964,999
2024-09-17 10:47:14.302000,415.9138397956244,14
2024-09-17 10:47:14.422000,415.93692603756034,104
2024-09-17 10:47:14.455000,415.8957328657752,1004
2024-09-17 10:47:14.528000,415.9143679102496,13
2024-09-17 10:47:14.620000,415.8922830507646,998
2024-09-17 10:47:14.634000,415.9097771924089,1002
2024-09-17 10:47:14.681000,415.9299992508731,95
2024-09-17 10:47:14.682000,415.8888914918491,996
2024-09-17 10:47:14.698000,415.874584339404,15
2024-09-17 10:47:14.782000,415.9278747507776,9
2024-09-17 10:47:14.797000,415.91549163928687,9
2024-09-17 10:47:14.872000,415.9236942055673,97
2024-09-17 10:47:14.949000,415.9449248193451,998
2024-09-17 10:47:15,415.9536633862954,100
2024-09-17 10:47:15.003000,415.9562585676616,7
2024-09-17 10:47:15.011000,415.9377593298826,99
2024-09-17 10:47:15.034000,415.9813441012972,995
2024-09-17 10:47:15.047000,415.9696583092265,7
2024-09-17 10:47:15.131000,415.9708126653465,10
2024-09-17 10:47:15.182000,415.9344036887541,13
2024-09-17 10:47:15.193000,415.9876090933531,997
2024-09-17 10:47:15.207000,415.9622590012554,97
2024-09-17 10:47:15.239000,415.97943049103503,996
2024-09-17 10:47:15.294000,415.95273336543886,1003
2024-09-17 10:47:15.310000,415.9892695233069,5
2024-09-17 10:47:15.351000,415.9685339648091,7
2024-09-17 10:47:15.441000,415.9270244468377,96
2024-09-17 10:47:15.508000,415.9539879917557,5
2024-09-17 10:47:15.528000,415.9673792006986,103
2024-09-17 10:47:15.541000,415.96135500139184,15
2024-09-17 10:47:15.610000,415.9312960663181,10
2024-09-17 10:47:15.680000,415.9694238197732,12
2024-09-17 10:47:15.699000,415.93796838104487,99
2024-09-17 10:47:15.768000,415.93063377593535,95
2024-09-17 10:47:15.770000,415.993523775691,1005
2024-09-17 10:47:15.795000,415.9376433017225,95
2024-09-17 10:47:15.831000,415.9646389748808,96
2024-09-17 10:47:15.870000,415.9773079508103,11
2024-09-17 10:47:15.890000,415.95963575446393,5
2024-09-17 10:47:15.894000,415.9310376559074,103
2024-09-17 10:47:15.916000,415.9886552341177,5
2024-09-17 10:47:16.027000,415.91526525888463,100
2024-09-17 10:47:16.045000,415.9154830039396,99
2024-09-17 10:47:16.110000,415.9275261895664,1002
2024-09-17 10:47:16.130000,415.8869676043605,995
2024-09-17 10:47:16.139000,415.9014991469349,997
2024-09-17 10:47:16.189000,415.8736129385632,100
2024-09-17 10:47:16.241000,415.9394232336537,14
2024-09-17 10:47:16.248000,415.9486306755286,1001
2024-09-17 10:47:16.296000,415.9227288210715,14
2024-09-17 10:47:16.327000,415.894159247888,14
2024-09-17 10:47:16.360000,415.892970384555,95
2024-09-17 10:47:16.416000,415.9231255213008,999
2024-09-17 10:47:16.417000,415.9141917149321,12
2024-09-17 10:47:16.422000,415.9223154328136,98
2024-09-17 10:47:16.429000,415.9166357294385,8
2024-09-17 10:47:16.461000,415.90211334625633,1003
2024-09-17 10:47:16.524000,415.9161955753119,6
2024-09-17 10:47:16.569000,415.8811102664256,1002
2024-09-17 10:47:16.588000,415.8783586815922,96
2024-09-17 10:47:16.813000,415.9415757930121,10
2024-09-17 10:47:16.825000,415.9642620232348,995
2024-09-17 10:47:16.861000,415.95725159385273,7
2024-09-17 10:47:16.875000,415.90964086411617,99
2024-09-17 10:47:16.889000,415.9110661797648,104
2024-09-17 10:47:16.910000,415.8860459176346,96
2024-09-17 10:47:16.915000,415.9043759449575,1000
2024-09-17 10:47:16.924000,415.9324605638596,997
2024-09-17 10:47:17.027000,415.9134500774106,7
2024-09-17 10:47:17.063000,415.9173329074318,996
2024-09-17 10:47:17.116000,415.8521001093219,1005
2024-09-17 10:47:17.172000,415.8530944000824,996
2024-09-17 10:47:17.220000,415.8776146717767,7
2024-09-17 10:47:17.252000,415.8622137706138,102
2024-09-17 10:47:17.357000,415.9047164966689,9
2024-09-17 10:47:17.484000,415.8861343906365,97
2024-09-17 10:47:17.499000,415.9211144883425,10
2024-09-17 10:47:17.500000,415.89373297863074,101
2024-09-17 10:47:17.521000,415.9411099346198,1005
2024-09-17 10:47:17.560000,415.8731220448431,6
2024-09-17 10:47:17.569000,415.8809319812867,11
2024-09-17 10:47:17.571000,415.9007604411949,104
2024-09-17 10:47:17.624000,415.9278998488937,103
2024-09-17 10:47:17.790000,415.880208574132,1004
2024-09-17 10:47:17.819000,415.9291383117924,7
2024-09-17 10:47:17.880000,415.895309375584,1000
2024-09-17 10:47:17.889000,415.8776359954344,995
2024-09-17 10:47:17.969000,415.8496515884404,12
2024-09-17 10:47:18.150000,415.9201979319738,99
2024-09-17 10:47:18.258000,415.9187890614548,995
2024-09-17 10:47:18.514000,415.92512592881656,12
2024-09-17 10:47:18.535000,415.9184944357592,995
2024-09-17 10:47:18.590000,415.93411029704873,996
2024-09-17 10:47:18.651000,415.93129002271104,998
2024-09-17 10:47:18.964000,415.9145231584298,101
2024-09-17 10:47:19.080000,415.9161682952254,105
2024-09-17 10:47:20.102000,415.8975846366921,10
2024-09-17 10:47:20.115000,415.9055326296092,99
2024-09-17 10:47:20.307000,415.91834729425887,97
2024-09-17 10:47:20.348000,415.8954195430212,995
2024-09-17 10:47:20.438000,415.9324710533288,101
2024-09-17 10:47:20.551000,415.909389361078,1004
2024-09-17 10:47:20.710000,415.9042921149163,97
2024-09-17 10:47:20.791000,415.8968770068408,14
2024-09-17 10:47:21.247000,415.909986224013,1004
2024-09-17 10:47:21.299000,415.915595097614,1005
2024-09-17 10:47:21.550000,415.888729699652,9
2024-09-17 10:47:21.615000,415.9050712865576,102
2024-09-17 10:47:21.844000,415.9004011069712,1001
2024-09-17 10:47:21.856000,415.9048335482266,95
2024-09-17 10:47:22.078000,415.9477742066144,995
2024-09-17 10:47:22.084000,415.9668353588637,14
2024-09-17 10:47:22.141000,415.9004285053879,995
2024-09-17 10:47:22.161000,415.9772920151879,1004
2024-09-17 10:47:22.192000,415.9104456759482,8
2024-09-17 10:47:22.223000,415.93720802298645,1000
2024-09-17 10:47:22.258000,415.94166137890153,1004
2024-09-17 10:47:22.272000,415.94852548104814,1004
2024-09-17 10:47:22.301000,415.9484219047121,104
2024-09-17 10:47:22.308000,415.9211202986213,13
2024-09-17 10:47:22.319000,415.9632027575181,15
2024-09-17 10:47:22.341000,415.9501014039422,99
2024-09-17 10:47:22.392000,415.96307969949873,98
2024-09-17 10:47:22.420000,415.9505414829547,1004
2024-09-17 10:47:22.489000,415.9706012405448,7
2024-09-17 10:47:22.499000,415.91282435641887,998
2024-09-17 10:47:22.501000,415.9458233809844,9
2024-09-17 10:47:22.536000,415.935671365001,96
2024-09-17 10:47:22.579000,415.93563325076747,8
2024-09-17 10:47:22.579000,415.9068601566287,6
2024-09-17 10:47:22.617000,415.8922434879906,1001
2024-09-17 10:47:22.661000,415.9151115790543,998
2024-09-17 10:47:22.690000,415.9202869496961,1004
2024-09-17 10:47:22.770000,415.9227387964295,102
2024-09-17 10:47:22.788000,415.9442979555626,995
2024-09-17 10:47:22.794000,415.94463395944285,8
2024-09-17 10:47:22.916000,415.93702029165615,10
2024-09-17 10:47:22.930000,415.9130418016684,13
2024-09-17 10:47:23.042000,415.94303866305415,104
2024-09-17 10:47:23.071000,415.9431709200597,100
2024-09-17 10:47:23.153000,415.9670790768859,100
2024-09-17 10:47:23.211000,415.9889395926402,97
2024-09-17 10:47:23.224000,415.984844385647,999
2024-09-17 10:47:23.324000,415.9940792572354,102
2024-09-17 10:47:23.379000,415.9952626480165,11
2024-09-17 10:47:23.389000,415.9321484603855,13
2024-09-17 10:47:23.436000,416.00206265720647,103
2024-09-17 10:47:23.473000,415.9754216925674,995
2024-09-17 10:47:23.474000,415.96823392338496,999
2024-09-17 10:47:23.480000,415.9795758413303,103
2024-09-17 10:47:23.505000,415.94597312658914,98
2024-09-17 10:47:23.515000,415.9770083047087,1003
2024-09-17 10:47:23.522000,415.9485477357992,13
2024-09-17 10:47:23.531000,415.990402919275,997
2024-09-17 10:47:23.586000,415.9994260902528,95
2024-09-17 10:47:23.673000,415.9521399831583,5
2024-09-17 10:47:23.703000,415.9729119464402,5
2024-09-17 10:47:23.748000,415.9730927533517,7
2024-09-17 10:47:23.769000,415.9654734384676,104
2024-09-17 10:47:23.782000,416.0115145590992,96
2024-09-17 10:47:23.836000,415.95850856924255,9
2024-09-17 10:47:23.850000,416.0198567210615,995
2024-09-17 10:47:23.903000,415.9682709107609,96
2024-09-17 10:47:23.933000,415.9584204047413,11
2024-09-17 10:47:23.938000,415.9915324282409,104
2024-09-17 10:47:24.015000,415.9784539373328,13
2024-09-17 10:47:24.045000,415.9753257333887,1003
2024-09-17 10:47:24.069000,415.9711958453737,11
2024-09-17 10:47:24.087000,415.9755996619272,105
2024-09-17 10:47:24.136000,416.00158656496,96
2024-09-17 10:47:24.217000,415.9968153555592,105
2024-09-17 10:47:24.283000,415.9891239423713,10
2024-09-17 10:47:24.342000,415.94713983318246,12
2024-09-17 10:47:24.514000,415.9695461793937,999
2024-09-17 10:47:24.622000,415.9719273030976,103
2024-09-17 10:47:24.626000,415.9965429506778,8
2024-09-17 10:47:24.635000,415.96645645469687,1000
2024-09-17 10:47:24.823000,415.9892346327946,1004
2024-09-17 10:47:24.921000,415.9713622055024,9
2024-09-17 10:47:24.952000,415.9820829334608,102
2024-09-17 10:47:24.968000,415.96615884776855,9
2024-09-17 10:47:24.975000,415.96036854917327,1003
2024-09-17 10:47:25.171000,415.9270437351367,96
2024-09-17 10:47:25.177000,415.9162622843284,5
2024-09-17 10:47:25.246000,415.9730508209718,6
2024-09-17 10:47:25.298000,415.9113708906697,9
2024-09-17 10:47:25.347000,415.9017414706214,6
2024-09-17 10:47:25.393000,415.90664330003614,995
2024-09-17 10:47:25.443000,415.91428386110806,1002
2024-09-17 10:47:25.477000,415.92201542961806,104
2024-09-17 10:47:25.485000,415.9286722512336,95
2024-09-17 10:47:25.572000,415.9762102162748,999
2024-09-17 10:47:25.616000,415.9274541657013,5
2024-09-17 10:47:25.620000,415.9302472904474,999
2024-09-17 10:47:25.638000,415.9137354911182,14
2024-09-17 10:47:25.643000,415.9246075172388,105
2024-09-17 10:47:25.647000,415.9278512130326,995
2024-09-17 10:47:25.698000,415.94468141754334,1005
2024-09-17 10:47:25.732000,415.9505558761717,11
2024-09-17 10:47:25.786000,415.9051596714089,999
2024-09-17 10:47:25.792000,415.93116885947313,95
2024-09-17 10:47:25.800000,415.9248008841208,1001
2024-09-17 10:47:25.833000,415.94855750501193,1001
2024-09-17 10:47:25.842000,415.9986929321015,1001
2024-09-17 10:47:25.882000,415.90737181800927,101
2024-09-17 10:47:25.892000,415.9281261132416,15
2024-09-17 10:47:25.944000,415.9309100590961,103
2024-09-17 10:47:26.116000,415.9018382003642,105
2024-09-17 10:47:26.216000,415.9227810349312,14
2024-09-17 10:47:26.224000,415.8874745779982,1003
2024-09-17 10:47:26.226000,415.9312314439202,998
2024-09-17 10:47:26.240000,415.89160503382766,101
2024-09-17 10:47:26.241000,415.91163576093726,996
2024-09-17 10:47:26.301000,415.96555861596914,1000
2024-09-17 10:47:26.365000,415.9824734521216,1005
2024-09-17 10:47:26.377000,415.9387368958564,1004
2024-09-17 10:47:26.397000,415.9225522426243,101
2024-09-17 10:47:26.429000,415.9268517644296,12
2024-09-17 10:47:26.467000,415.8955383888163,5
2024-09-17 10:47:26.614000,415.9548321640655,97
2024-09-17 10:47:26.983000,415.9385402820693,7
2024-09-17 10:47:26.998000,415.9105101290359,9
2024-09-17 10:47:27.015000,415.86134554825793,1003
2024-09-17 10:47:27.135000,415.8807312353952,95
2024-09-17 10:47:27.142000,415.8868626258137,9
2024-09-17 10:47:27.221000,415.8561862273188,995
2024-09-17 10:47:27.222000,415.8894498882544,8
2024-09-17 10:47:27.244000,415.8695701280262,6
2024-09-17 10:47:27.313000,415.8528803600768,998
2024-09-17 10:47:27.344000,415.8754971321487,5
2024-09-17 10:47:27.473000,415.8959525899939,1003
2024-09-17 10:47:27.477000,415.8805176570007,997
2024-09-17 10:47:27.487000,415.8480864018767,99
2024-09-17 10:47:27.499000,415.869543094079,15
2024-09-17 10:47:27.553000,415.8673562933002,1005
2024-09-17 10:47:27.701000,415.8592784616589,1004
2024-09-17 10:47:27.743000,415.8632486642667,995
2024-09-17 10:47:27.765000,415.8653081528111,99
2024-09-17 10:47:27.875000,415.86317774321617,8
2024-09-17 10:47:27.964000,415.8771952047764,102
2024-09-17 10:47:28.241000,415.91728092594894,997
2024-09-17 10:47:28.568000,415.8904621846382,15
2024-09-17 10:47:28.913000,415.8831710617248,998
2024-09-17 10:47:28.956000,415.9091534672892,96
2024-09-17 10:47:29.023000,415.9248386230152,12
2024-09-17 10:47:29.025000,415.9230304447788,99
2024-09-17 10:47:29.045000,415.8433719665656,104
2024-09-17 10:47:29.057000,415.8511218808915,995
2024-09-17 10:47:29.158000,415.9286497686143,997
2024-09-17 10:47:29.246000,415.8866495031133,103
2024-09-17 10:47:29.267000,415.9217857079368,1004
2024-09-17 10:47:29.282000,415.9167403514697,1003
2024-09-17 10:47:29.322000,415.9216272412643,104
2024-09-17 10:47:29.334000,415.9273196613728,96
2024-09-17 10:47:29.383000,415.9092707437345,1004
2024-09-17 10:47:29.468000,415.9149456637974,7
2024-09-17 10:47:29.473000,415.8670318030889,98
2024-09-17 10:47:29.554000,415.9204947284593,7
2024-09-17 10:47:29.582000,415.9239753137096,104
2024-09-17 10:47:29.648000,415.9112752523602,7
2024-09-17 10:47:29.665000,415.89195022762846,13
2024-09-17 10:47:29.693000,415.9352217888176,103
2024-09-17 10:47:29.694000,415.9138822694447,96
2024-09-17 10:47:29.773000,415.8933266638034,1003
2024-09-17 10:47:29.862000,415.8512450205666,95
2024-09-17 10:47:29.973000,415.8766471758148,1003
2024-09-17 10:47:30.005000,415.8621366974013,997
2024-09-17 10:47:30.037000,415.7955436885357,15
2024-09-17 10:47:30.120000,415.85420456206606,102
2024-09-17 10:47:30.161000,415.8778600899877,101
2024-09-17 10:47:30.237000,415.8724464099938,1001
2024-09-17 10:47:30.267000,415.9154009911407,995
2024-09-17 10:47:30.334000,415.8948987138581,103
2024-09-17 10:47:30.349000,415.8860333564759,10
2024-09-17 10:47:30.523000,415.85711696659246,10
2024-09-17 10:47:30.527000,415.9029746082037,12
2024-09-17 10:47:30.530000,415.8755982232268,102
2024-09-17 10:47:30.551000,415.81740074906565,100
2024-09-17 10:47:30.617000,415.91321365365513,999
2024-09-17 10:47:30.720000,415.90039761824056,1002
2024-09-17 10:47:30.752000,415.9059280616637,100
2024-09-17 10:47:30.781000,415.80606077828384,102
2024-09-17 10:47:30.783000,415.8700704314288,96
2024-09-17 10:47:30.824000,415.9030143996293,100
2024-09-17 10:47:30.825000,415.8353682065511,15
2024-09-17 10:47:30.846000,415.8501440197846,1003
2024-09-17 10:47:30.904000,415.8576987220968,10
2024-09-17 10:47:30.911000,415.8931381819913,5
2024-09-17 10:47:30.917000,415.86069272051645,13
2024-09-17 10:47:30.946000,415.8539912394407,15
2024-09-17 10:47:30.955000,415.908881162711,97
2024-09-17 10:47:30.964000,415.8471929638253,5
2024-09-17 10:47:31.175000,415.8035012005061,15
2024-09-17 10:47:31.199000,415.8161879170892,11
2024-09-17 10:47:31.276000,415.79638399986726,997
2024-09-17 10:47:31.424000,415.7949130165342,5
2024-09-17 10:47:31.510000,415.83136992062526,11
2024-09-17 10:47:31.543000,415.8131571413479,14
2024-09-17 10:47:31.612000,415.7860830688588,100
2024-09-17 10:47:31.658000,415.8327857839978,104
2024-09-17 10:47:31.715000,415.8101475914737,95
2024-09-17 10:47:31.727000,415.809770320584,997
2024-09-17 10:47:31.841000,415.8343336653792,5
2024-09-17 10:47:31.938000,415.7840162691188,1003
2024-09-17 10:47:31.952000,415.82813607277205,10
2024-09-17 10:47:31.989000,415.8044502298254,1005
2024-09-17 10:47:32.281000,415.77748880072585,15
2024-09-17 10:47:32.718000,415.7685316499248,13
2024-09-17 10:47:32.793000,415.7568507000107,98
2024-09-17 10:47:32.917000,415.7757586162717,1005
2024-09-17 10:47:33.129000,415.7787425227734,14
2024-09-17 10:47:33.223000,415.7493759905992,10
2024-09-17 10:47:33.330000,415.7368241791103,101
2024-09-17 10:47:33.617000,415.80115554325766,997
2024-09-17 10:47:33.710000,415.74685402270507,13
2024-09-17 10:47:33.764000,415.7972455874621,15
2024-09-17 10:47:33.816000,415.7823198668616,97
2024-09-17 10:47:33.835000,415.80442120786086,5
2024-09-17 10:47:33.909000,415.7419421026797,12
2024-09-17 10:47:33.960000,415.7769052552621,1002
2024-09-17 10:47:34.040000,415.7336703768337,5
2024-09-17 10:47:34.060000,415.8159567086648,98
2024-09-17 10:47:34.074000,415.8172040333077,995
2024-09-17 10:47:34.109000,415.7601225998845,996
2024-09-17 10:47:34.140000,415.7952535259653,15
2024-09-17 10:47:34.168000,415.7836906306737,13
2024-09-17 10:47:34.180000,415.8068465340282,9
2024-09-17 10:47:34.212000,415.7998673802346,100
2024-09-17 10:47:34.215000,415.78516173966216,995
2024-09-17 10:47:34.256000,415.8101664011869,12
2024-09-17 10:47:34.317000,415.8373639024795,15
2024-09-17 10:47:34.336000,415.7400193021051,7
2024-09-17 10:47:34.346000,415.7492650964834,105
2024-09-17 10:47:34.357000,415.7945919240276,99
2024-09-17 10:47:34.517000,415.7598290203349,14
2024-09-17 10:47:34.527000,415.7322247564007,100
2024-09-17 10:47:34.545000,415.7545478640361,104
2024-09-17 10:47:34.595000,415.7425551167731,97
2024-09-17 10:47:34.657000,415.80536633709465,102
2024-09-17 10:47:34.675000,415.7670235357156,15
2024-09-17 10:47:34.696000,415.8233551537077,104
2024-09-17 10:47:34.778000,415.788437641326,1005
2024-09-17 10:47:34.790000,415.7730074087126,8
2024-09-17 10:47:34.883000,415.7497367664909,96
2024-09-17 10:47:34.897000,415.73589188467975,12
2024-09-17 10:47:34.917000,415.79104222748856,105
2024-09-17 10:47:34.939000,415.8036999719881,995
2024-09-17 10:47:34.942000,415.7781310277149,997
2024-09-17 10:47:34.952000,415.7571744135722,1005
2024-09-17 10:47:35.011000,415.6742507427463,1005
2024-09-17 10:47:35.121000,415.70414634028936,1001
2024-09-17 10:47:35.305000,415.68670086180816,98
2024-09-17 10:47:35.404000,415.6864910516408,96
2024-09-17 10:47:35.463000,415.7272183767496,13
2024-09-17 10:47:35.464000,415.7133164953148,8
2024-09-17 10:47:35.481000,415.6910482996779,999
2024-09-17 10:47:35.511000,415.7383829789936,998
2024-09-17 10:47:35.537000,415.75017560909606,105
2024-09-17 10:47:35.549000,415.7019102600874,1002
2024-09-17 10:47:35.555000,415.684764173566,1003
2024-09-17 10:47:35.561000,415.7351352856966,995
2024-09-17 10:47:35.666000,415.6912571431306,999
2024-09-17 10:47:35.706000,415.7296163384243,96
2024-09-17 10:47:35.743000,415.7195047910325,10
2024-09-17 10:47:35.815000,415.7264839319079,8
2024-09-17 10:47:35.870000,415.7115405602009,1004
2024-09-17 10:47:35.878000,415.7544300827787,99
2024-09-17 10:47:35.884000,415.7608461712307,996
2024-09-17 10:47:35.888000,415.7181113817797,95
2024-09-17 10:47:35.930000,415.70858967342673,1003
2024-09-17 10:47:36.206000,415.7200557624925,997
2024-09-17 10:47:36.344000,415.7198097569136,1000
2024-09-17 10:47:36.421000,415.7337584374273,98
2024-09-17 10:47:36.459000,415.7004021562245,1003
2024-09-17 10:47:36.470000,415.7378784967658,1000
2024-09-17 10:47:36.561000,415.70985812948607,104
2024-09-17 10:47:36.793000,415.7080563997834,104
2024-09-17 10:47:36.806000,415.72355195778255,1003
2024-09-17 10:47:36.874000,415.7050875808029,12
2024-09-17 10:47:36.937000,415.72524428494376,97
2024-09-17 10:47:36.988000,415.73104349442775,995
2024-09-17 10:47:36.990000,415.7178246097799,7
2024-09-17 10:47:37.020000,415.68413923368286,999
2024-09-17 10:47:37.029000,415.706662153824,997
2024-09-17 10:47:37.030000,415.6965491811768,102
2024-09-17 10:47:37.140000,415.5742919319034,998
2024-09-17 10:47:37.199000,415.6206257260028,1005
2024-09-17 10:47:37.232000,415.6523145336464,98
2024-09-17 10:47:37.318000,415.6413108170641,11
2024-09-17 10:47:37.336000,415.6550007088808,999
2024-09-17 10:47:37.346000,415.69233897119,1001
2024-09-17 10:47:37.349000,415.6804554997993,1004
2024-09-17 10:47:37.361000,415.5860617177676,102
2024-09-17 10:47:37.365000,415.6239182790022,95
2024-09-17 10:47:37.427000,415.68028309398056,96
2024-09-17 10:47:37.490000,415.6259367928151,7
2024-09-17 10:47:37.524000,415.6124368795944,1002
2024-09-17 10:47:37.598000,415.6097693436881,99
2024-09-17 10:47:37.745000,415.59286357259407,6
2024-09-17 10:47:37.751000,415.636288782307,6
2024-09-17 10:47:37.786000,415.6305013278294,103
2024-09-17 10:47:37.825000,415.5767875977592,100
2024-09-17 10:47:37.889000,415.6995364921286,14
2024-09-17 10:47:37.893000,415.7007897475328,98
2024-09-17 10:47:37.922000,415.7101666465101,1005
2024-09-17 10:47:37.933000,415.66023239356,15
2024-09-17 10:47:38.004000,415.5391951146855,5
2024-09-17 10:47:38.063000,415.5777473680943,102
2024-09-17 10:47:38.095000,415.5699367330543,1005
2024-09-17 10:47:38.118000,415.57691808754726,12
2024-09-17 10:47:38.132000,415.5952657893712,100
2024-09-17 10:47:38.172000,415.5752371406608,103
2024-09-17 10:47:38.218000,415.5858933173147,1000
2024-09-17 10:47:38.248000,415.5505433314933,98
2024-09-17 10:47:38.256000,415.5614873225656,1005
2024-09-17 10:47:38.511000,415.5780597624437,105
2024-09-17 10:47:38.528000,415.5841978282485,12
2024-09-17 10:47:38.528000,415.55640351522095,102
2024-09-17 10:47:38.532000,415.54315663117626,999
2024-09-17 10:47:38.705000,415.6050237156357,996
2024-09-17 10:47:38.740000,415.57488356475983,95
2024-09-17 10:47:38.761000,415.5609656197444,1000
2024-09-17 10:47:38.847000,415.57951834300457,1004
2024-09-17 10:47:38.857000,415.5774482844607,996
2024-09-17 10:47:39.244000,415.5296964869526,7
2024-09-17 10:47:39.301000,415.531937315228,6
2024-09-17 10:47:40.019000,415.5264834543776,8
2024-09-17 10:47:40.059000,415.5324596144491,1001
2024-09-17 10:47:40.110000,415.5733537178666,13
2024-09-17 10:47:40.118000,415.5227974237776,998
2024-09-17 10:47:40.172000,415.55580873043135,96
2024-09-17 10:47:40.195000,415.5334729707188,1005
2024-09-17 10:47:40.241000,415.54888349373294,14
2024-09-17 10:47:40.419000,415.5445573374832,95
2024-09-17 10:47:40.424000,415.5668805561709,997
2024-09-17 10:47:40.462000,415.54871630107976,104
2024-09-17 10:47:40.482000,415.5133651547335,14
2024-09-17 10:47:40.519000,415.538998402286,11
2024-09-17 10:47:40.556000,415.5381327354588,101
2024-09-17 10:47:40.595000,415.5398122755025,1004
2024-09-17 10:47:40.706000,415.5321676958784,7
2024-09-17 10:47:40.743000,415.53959060253294,7
2024-09-17 10:47:40.764000,415.5729029318837,8
2024-09-17 10:47:40.793000,415.5463563629443,1004
2024-09-17 10:47:40.834000,415.5538674047553,12
2024-09-17 10:47:40.861000,415.53272542526,1000
2024-09-17 10:47:40.864000,415.544817533957,102
2024-09-17 10:47:40.876000,415.5386921993539,102
2024-09-17 10:47:40.892000,415.56171219983,102
2024-09-17 10:47:41.225000,415.5535225834362,13
2024-09-17 10:47:41.323000,415.5588621547672,996
2024-09-17 10:47:41.508000,415.57189292268725,11
2024-09-17 10:47:41.509000,415.5733227825999,995
2024-09-17 10:47:41.713000,415.56874534177496,996
2024-09-17 10:47:41.736000,415.59586570149526,1004
2024-09-17 10:47:41.869000,415.5822791698914,96
2024-09-17 10:47:41.906000,415.5813027169056,10
2024-09-17 10:47:41.991000,415.58150712200654,1001
2024-09-17 10:47:42.103000,415.5982998080977,7
2024-09-17 10:47:42.159000,415.6033934043804,10
2024-09-17 10:47:42.264000,415.6035407520876,1000
2024-09-17 10:47:42.281000,415.5981866031327,11
2024-09-17 10:47:42.282000,415.5941517836344,1005
2024-09-17 10:47:42.325000,415.619664943406,6
2024-09-17 10:47:42.335000,415.5727426548544,13
2024-09-17 10:47:42.379000,415.5810282484978,996
2024-09-17 10:47:42.409000,415.5978878194454,1002
2024-09-17 10:47:42.417000,415.6579859740468,1000
2024-09-17 10:47:42.427000,415.59174144221714,99
2024-09-17 10:47:42.494000,415.6143379563847,999
2024-09-17 10:47:42.511000,415.6218078740398,997
2024-09-17 10:47:42.530000,415.6673558758589,98
2024-09-17 10:47:42.546000,415.5800874367138,1000
2024-09-17 10:47:42.607000,415.59438699518006,8
2024-09-17 10:47:42.631000,415.59596689056366,95
2024-09-17 10:47:42.654000,415.5996841988023,9
2024-09-17 10:47:42.717000,415.6324168492328,96
2024-09-17 10:47:42.750000,415.61765908501167,95
2024-09-17 10:47:42.796000,415.6350891543126,1003
2024-09-17 10:47:42.821000,415.5652994781323,102
2024-09-17 10:47:42.821000,415.59396651036144,12
2024-09-17 10:47:42.832000,415.5945561740478,14
2024-09-17 10:47:42.897000,415.58571855205753,1005
2024-09-17 10:47:42.988000,415.6007911922001,996
2024-09-17 10:47:43.069000,415.590904375187,99
2024-09-17 10:47:43.645000,415.5804753205576,1002
2024-09-17 10:47:43.829000,415.5675638446705,14
2024-09-17 10:47:43.851000,415.5748622886806,1002
2024-09-17 10:47:43.972000,415.6033065981741,101
2024-09-17 10:47:44.017000,415.6117269426355,996
2024-09-17 10:47:44.044000,415.6216398613146,102
2024-09-17 10:47:44.069000,415.6327738368759,98
2024-09-17 10:47:44.072000,415.5954038808853,100
2024-09-17 10:47:44.100000,415.5941443869112,12
2024-09-17 10:47:44.113000,415.5718801970343,15
2024-09-17 10:47:44.147000,415.59867363842017,97
2024-09-17 10:47:44.171000,415.6239554386997,105
2024-09-17 10:47:44.184000,415.62905330094367,7
2024-09-17 10:47:44.237000,415.6247371150478,5
2024-09-17 10:47:44.238000,415.6209188941174,1002
2024-09-17 10:47:44.305000,415.5795482166254,995
2024-09-17 10:47:44.418000,415.5854870714139,8
2024-09-17 10:47:44.420000,415.6134368043087,6
2024-09-17 10:47:44.466000,415.62204475765327,6
2024-09-17 10:47:44.468000,415.5880777560102,98
2024-09-17 10:47:44.485000,415.60026064579904,99
2024-09-17 10:47:44.596000,415.5973132749836,12
2024-09-17 10:47:44.601000,415.58436551321,101
2024-09-17 10:47:44.618000,415.59831761108165,1002
2024-09-17 10:47:44.653000,415.62493824215255,11
2024-09-17 10:47:44.662000,415.5974602415905,103
2024-09-17 10:47:44.728000,415.5849679378424,1001
2024-09-17 10:47:44.731000,415.6099775671227,7
2024-09-17 10:47:44.792000,415.6263956526048,998
2024-09-17 10:47:44.858000,415.59718836130486,997
2024-09-17 10:47:44.969000,415.5888480005249,101
2024-09-17 10:47:45.180000,415.5328054918389,10
2024-09-17 10:47:45.195000,415.53334922123935,15
2024-09-17 10:47:45.204000,415.53016208539015,104
2024-09-17 10:47:45.232000,415.5565384870036,1003
2024-09-17 10:47:45.238000,415.63235744600354,999
2024-09-17 10:47:45.294000,415.54779441133417,996
2024-09-17 10:47:45.322000,415.5366122572513,996
2024-09-17 10:47:45.358000,415.59692032652816,15
2024-09-17 10:47:45.456000,415.5241169060099,997
2024-09-17 10:47:45.513000,415.5187023888409,7
2024-09-17 10:47:45.522000,415.59073147315416,97
2024-09-17 10:47:45.557000,415.6063783984588,13
2024-09-17 10:47:45.585000,415.5361425285409,7
2024-09-17 10:47:45.602000,415.5261431282001,104
2024-09-17 10:47:45.696000,415.51696002822354,1004
2024-09-17 10:47:45.740000,415.5560308614053,10
2024-09-17 10:47:45.742000,415.5528202947194,7
2024-09-17 10:47:45.758000,415.5233915859179,14
2024-09-17 10:47:45.802000,415.6053029047053,96
2024-09-17 10:47:45.835000,415.5307098970002,995
2024-09-17 10:47:45.848000,415.58644306308906,9
2024-09-17 10:47:45.898000,415.5118515683054,1001
2024-09-17 10:47:45.958000,415.5886283865322,999
2024-09-17 10:47:45.963000,415.5944028825349,102
2024-09-17 10:47:45.976000,415.6194591141247,97
2024-09-17 10:47:46.145000,415.5745645880208,10
2024-09-17 10:47:46.890000,415.5792386544811,6
2024-09-17 10:47:47.454000,415.5984867040386,96
2024-09-17 10:47:48.107000,415.59258579593865,1004
2024-09-17 10:47:48.180000,415.6146526553581,9
2024-09-17 10:47:48.195000,415.6063575490578,6
2024-09-17 10:47:48.203000,415.5987800832536,14
2024-09-17 10:47:48.245000,415.5995432784509,104
2024-09-17 10:47:48.335000,415.60889970779874,1005
2024-09-17 10:47:48.365000,415.6028750064144,1001
2024-09-17 10:47:48.470000,415.60166500026367,995
2024-09-17 10:47:48.504000,415.6076160927743,7
2024-09-17 10:47:48.521000,415.6078559596356,1005
2024-09-17 10:47:48.552000,415.5938992468635,97
2024-09-17 10:47:48.746000,415.622341892645,96
2024-09-17 10:47:49.007000,415.5906882952215,999
2024-09-17 10:47:49.061000,415.57933204205887,1003
2024-09-17 10:47:49.062000,415.5933741826247,1004
2024-09-17 10:47:49.218000,415.5952765144105,97
2024-09-17 10:47:49.423000,415.5906803056174,104
2024-09-17 10:47:49.436000,415.58742629895096,101
2024-09-17 10:47:49.441000,415.5789775476818,14
2024-09-17 10:47:49.469000,415.5929864664557,104
2024-09-17 10:47:49.587000,415.5960296463599,98
2024-09-17 10:47:49.595000,415.61119175238616,13
2024-09-17 10:47:49.597000,415.5826730770772,104
2024-09-17 10:47:49.603000,415.5861432769119,10
2024-09-17 10:47:49.609000,415.5880773708052,14
2024-09-17 10:47:49.879000,415.61942077926005,103
2024-09-17 10:47:49.922000,415.58131924872913,7
2024-09-17 10:47:49.936000,415.5921774304449,101
2024-09-17 10:47:49.987000,415.6129174542022,101
2024-09-17 10:47:50.603000,415.58344788382885,7
2024-09-17 10:47:51.096000,415.6085083255006,998
2024-09-17 10:47:51.157000,415.5793475665207,1001
2024-09-17 10:47:51.300000,415.6005562771967,5
2024-09-17 10:47:51.332000,415.5790840989848,5
2024-09-17 10:47:51.387000,415.6116924517632,1000
2024-09-17 10:47:51.415000,415.6045144375367,11
2024-09-17 10:47:51.469000,415.6124900870519,999
2024-09-17 10:47:51.528000,415.603877419554,1001
2024-09-17 10:47:51.571000,415.60554386260605,1004
2024-09-17 10:47:51.682000,415.6087125457024,8
2024-09-17 10:47:51.738000,415.5791644419168,996
2024-09-17 10:47:51.739000,415.5926408358545,1000
2024-09-17 10:47:51.841000,415.6070216674197,1004
2024-09-17 10:47:51.953000,415.58867044999374,1001
2024-09-17 10:47:52.097000,415.5734018225356,105
2024-09-17 10:47:52.174000,415.5769329687112,6
2024-09-17 10:47:52.316000,415.5708021347002,14
2024-09-17 10:47:52.477000,415.5727261778336,105
2024-09-17 10:47:53.011000,415.5890687763411,14
2024-09-17 10:47:53.036000,415.54918071288375,10
2024-09-17 10:47:53.238000,415.598933360159,103
2024-09-17 10:47:53.481000,415.5416182925046,104
2024-09-17 10:47:53.506000,415.5922972124261,1003
2024-09-17 10:47:53.522000,415.53611362864456,98
2024-09-17 10:47:53.619000,415.5767956813098,96
2024-09-17 10:47:53.708000,415.5353924564543,8
2024-09-17 10:47:53.736000,415.5821251589261,997
2024-09-17 10:47:53.820000,415.5759098990375,1002
2024-09-17 10:47:53.849000,415.580643984423,99
2024-09-17 10:47:53.889000,415.5863434628747,13
2024-09-17 10:47:53.890000,415.57807531636666,1001
2024-09-17 10:47:53.933000,415.5890534800314,100
2024-09-17 10:47:54.026000,415.54272811134,102
2024-09-17 10:47:54.061000,415.5333160862857,96
2024-09-17 10:47:54.120000,415.4518899713171,15
2024-09-17 10:47:54.196000,415.4988257800623,98
2024-09-17 10:47:54.219000,415.4776289966162,95
2024-09-17 10:47:54.230000,415.5207139788424,98
2024-09-17 10:47:54.277000,415.52153745328064,100
2024-09-17 10:47:54.283000,415.5076531754774,7
2024-09-17 10:47:54.291000,415.5512878592033,13
2024-09-17 10:47:54.351000,415.5123245678519,10
2024-09-17 10:47:54.357000,415.5029098729693,8
2024-09-17 10:47:54.374000,415.50254471211474,103
2024-09-17 10:47:54.427000,415.534389039275,105
2024-09-17 10:47:54.519000,415.5454122721154,7
2024-09-17 10:47:54.591000,415.5545407430194,6
2024-09-17 10:47:54.602000,415.505499504602,1003
2024-09-17 10:47:54.638000,415.4551043310093,105
2024-09-17 10:47:54.691000,415.4559734336947,99
2024-09-17 10:47:54.692000,415.4996198680459,15
2024-09-17 10:47:54.692000,415.5372695105072,1005
2024-09-17 10:47:54.751000,415.4482648140116,1003
2024-09-17 10:47:54.777000,415.458422921557,1001
2024-09-17 10:47:54.896000,415.5234690481966,997
2024-09-17 10:47:54.922000,415.5149971951597,1002
2024-09-17 10:47:54.941000,415.4729011440062,1002
2024-09-17 10:47:54.942000,415.5127017457866,97
2024-09-17 10:47:54.958000,415.4654013119885,8
2024-09-17 10:47:55.060000,415.4441230690036,98
2024-09-17 10:47:55.098000,415.4586289486568,998
2024-09-17 10:47:55.153000,415.45978757706246,999
2024-09-17 10:47:55.266000,415.482699455482,104
2024-09-17 10:47:55.279000,415.4196488032784,7
2024-09-17 10:47:55.360000,415.4460187156142,5
2024-09-17 10:47:55.419000,415.4439102715807,97
2024-09-17 10:47:55.522000,415.4352765361246,12
2024-09-17 10:47:55.599000,415.4790111662172,1001
2024-09-17 10:47:55.611000,415.45639068833566,1002
2024-09-17 10:47:55.623000,415.4455322623397,105
2024-09-17 10:47:55.776000,415.4587229189574,96
2024-09-17 10:47:55.823000,415.4543418410743,15
2024-09-17 10:47:55.830000,415.4600590029362,6
2024-09-17 10:47:55.834000,415.4619880317088,999
2024-09-17 10:47:55.864000,415.4475290122524,15
2024-09-17 10:47:55.872000,415.4532333976217,96
2024-09-17 10:47:55.937000,415.46548000955687,995
2024-09-17 10:47:55.939000,415.4859231970008,1003
2024-09-17 10:47:55.945000,415.45117467978,100
2024-09-17 10:47:56.010000,415.41218862796615,998
2024-09-17 10:47:56.023000,415.3976141326685,102
2024-09-17 10:47:56.025000,415.4010240587251,100
2024-09-17 10:47:56.264000,415.4239378395189,10
2024-09-17 10:47:56.381000,415.3898288294212,997
2024-09-17 10:47:56.478000,415.4028782435192,7
2024-09-17 10:47:56.559000,415.4176762637173,101
2024-09-17 10:47:56.578000,415.4054362542512,99
2024-09-17 10:47:56.594000,415.4062293748916,95
2024-09-17 10:47:56.626000,415.39178716321743,105
2024-09-17 10:47:56.709000,415.3968418499552,5
2024-09-17 10:47:56.712000,415.3939864400556,1002
2024-09-17 10:47:56.860000,415.39721466793566,105
2024-09-17 10:47:56.861000,415.4107811398864,9
2024-09-17 10:47:56.885000,415.4181860368327,1002
2024-09-17 10:47:57.747000,415.4060687886599,5
2024-09-17 10:47:58.112000,415.40256931299336,1004
2024-09-17 10:47:58.130000,415.329264081181,997
2024-09-17 10:47:58.224000,415.3294813978909,997
2024-09-17 10:47:58.229000,415.3543533666005,12
2024-09-17 10:47:58.232000,415.34383341824383,8
2024-09-17 10:47:58.417000,415.3694216499785,1005
2024-09-17 10:47:58.495000,415.3273982403188,7
2024-09-17 10:47:58.555000,415.37399681710747,105
2024-09-17 10:47:58.594000,415.3338994737985,1000
2024-09-17 10:47:58.602000,415.3324141283745,9
2024-09-17 10:47:58.680000,415.3107363544343,13
2024-09-17 10:47:58.686000,415.3804605671966,998
2024-09-17 10:47:58.724000,415.3169754919234,96
2024-09-17 10:47:58.833000,415.323748507581,103
2024-09-17 10:47:58.880000,415.3427143670274,1005
2024-09-17 10:47:58.911000,415.38166336484096,998
2024-09-17 10:47:58.998000,415.3175866313716,996
2024-09-17 10:47:59.228000,415.3089041636129,105
2024-09-17 10:47:59.538000,415.3099897031445,105
2024-09-17 10:47:59.566000,415.30452226956487,1002
2024-09-17 10:47:59.598000,415.35445791829454,1005
2024-09-17 10:47:59.628000,415.3118288871458,997
2024-09-17 10:47:59.672000,415.3062086681108,1000
2024-09-17 10:47:59.729000,415.31782100756817,99
2024-09-17 10:47:59.735000,415.3399720909243,102
2024-09-17 10:47:59.792000,415.3308911972607,102
2024-09-17 10:47:59.806000,415.3125361877742,11
2024-09-17 10:47:59.849000,415.32337501136544,10
2024-09-17 10:47:59.874000,415.34225013142526,100
2024-09-17 10:47:59.926000,415.3348382173146,103
2024-09-17 10:47:59.982000,415.324735583176,1004
