Timestamp,Price,Size
2024-09-19 13:34:00.231000,422.8222645669055,995
2024-09-19 13:34:00.772000,422.8540031929888,5
2024-09-19 13:34:00.959000,422.8338949075913,14
2024-09-19 13:34:01.109000,422.7965912997318,1004
2024-09-19 13:34:01.328000,422.804559339167,105
2024-09-19 13:34:01.477000,422.74794174313047,103
2024-09-19 13:34:01.520000,422.7879091088862,998
2024-09-19 13:34:01.564000,422.7507288823648,1003
2024-09-19 13:34:01.687000,422.7640441050429,997
2024-09-19 13:34:01.789000,422.7583140904793,9
2024-09-19 13:34:01.805000,422.7731322286701,99
2024-09-19 13:34:01.924000,422.7770804090636,5
2024-09-19 13:34:01.962000,422.7494173820302,1004
2024-09-19 13:34:02.099000,422.7313601448214,9
2024-09-19 13:34:02.253000,422.7369713854154,104
2024-09-19 13:34:02.310000,422.7625031857313,5
2024-09-19 13:34:02.624000,422.7444422645028,12
2024-09-19 13:34:02.656000,422.7564355426947,13
2024-09-19 13:34:02.773000,422.74641677847296,14
2024-09-19 13:34:02.918000,422.74598916631095,104
2024-09-19 13:34:02.952000,422.73851638843416,11
2024-09-19 13:34:03.039000,422.7145721308247,6
2024-09-19 13:34:03.107000,422.735368979857,102
2024-09-19 13:34:03.408000,422.7091577167295,101
2024-09-19 13:34:03.547000,422.7326455894969,1003
2024-09-19 13:34:03.764000,422.7331788747628,7
2024-09-19 13:34:03.847000,422.7348583876004,15
2024-09-19 13:34:03.955000,422.7246294177882,102
2024-09-19 13:34:04.659000,422.7450776367586,98
2024-09-19 13:34:04.973000,422.7754294788592,10
2024-09-19 13:34:05.020000,422.7674938734551,99
2024-09-19 13:34:05.358000,422.8094207532256,1000
2024-09-19 13:34:05.416000,422.7990786955189,995
2024-09-19 13:34:05.641000,422.8363188377919,5
2024-09-19 13:34:05.794000,422.78068820463386,15
2024-09-19 13:34:06.053000,422.8389931330616,95
2024-09-19 13:34:06.392000,422.836694447454,996
2024-09-19 13:34:06.395000,422.8307548381284,97
2024-09-19 13:34:06.574000,422.848014037093,98
2024-09-19 13:34:06.894000,422.8537931777971,8
2024-09-19 13:34:07.160000,422.8588004348833,1005
2024-09-19 13:34:07.258000,422.8578054433446,9
2024-09-19 13:34:07.360000,422.8523613077119,998
2024-09-19 13:34:07.499000,422.859936640053,101
2024-09-19 13:34:07.560000,422.8568992358529,95
2024-09-19 13:34:07.662000,422.8361720377384,999
2024-09-19 13:34:07.806000,422.8385055647012,5
2024-09-19 13:34:07.816000,422.8690454061327,1000
2024-09-19 13:34:07.890000,422.8513350903342,102
2024-09-19 13:34:08.033000,422.82102382074345,103
2024-09-19 13:34:08.073000,422.8792984703289,1003
2024-09-19 13:34:08.282000,422.8390660037438,104
2024-09-19 13:34:08.472000,422.84399948596587,1004
2024-09-19 13:34:08.599000,422.84702579803206,1000
2024-09-19 13:34:08.638000,422.8542282389194,95
2024-09-19 13:34:08.655000,422.8756878531984,995
2024-09-19 13:34:08.780000,422.8457410814227,995
2024-09-19 13:34:08.879000,422.8633365694479,997
2024-09-19 13:34:09.156000,422.78274317992873,8
2024-09-19 13:34:09.185000,422.8111166737505,99
2024-09-19 13:34:09.189000,422.797432983355,1005
2024-09-19 13:34:09.262000,422.80748759436193,104
2024-09-19 13:34:09.352000,422.8052911975452,100
2024-09-19 13:34:09.372000,422.7857813937606,996
2024-09-19 13:34:09.385000,422.8244787635122,15
2024-09-19 13:34:09.440000,422.7723217721893,8
2024-09-19 13:34:09.520000,422.78198544689366,101
2024-09-19 13:34:09.630000,422.8041987656141,104
2024-09-19 13:34:09.712000,422.803061664096,7
2024-09-19 13:34:09.746000,422.818658190143,1004
2024-09-19 13:34:09.791000,422.7699459736981,999
2024-09-19 13:34:09.929000,422.80335774969177,996
2024-09-19 13:34:10.089000,422.8979653120432,98
2024-09-19 13:34:10.166000,422.8991295801476,1000
2024-09-19 13:34:10.170000,422.8974610593762,95
2024-09-19 13:34:10.281000,422.8891783950027,100
2024-09-19 13:34:10.286000,422.8996810264496,999
2024-09-19 13:34:10.364000,422.8304946413153,14
2024-09-19 13:34:10.375000,422.8543024902781,5
2024-09-19 13:34:10.392000,422.8511874713628,1005
2024-09-19 13:34:10.457000,422.8775228209828,999
2024-09-19 13:34:10.482000,422.8274686438236,8
2024-09-19 13:34:10.672000,422.8177931028939,12
2024-09-19 13:34:10.805000,422.8737756564584,1000
2024-09-19 13:34:10.932000,422.8989060084512,1001
2024-09-19 13:34:11.040000,422.8231792068958,99
2024-09-19 13:34:11.043000,422.8560603886565,997
2024-09-19 13:34:11.074000,422.8528689031539,13
2024-09-19 13:34:11.102000,422.851763234699,97
2024-09-19 13:34:11.109000,422.8354719988252,9
2024-09-19 13:34:11.113000,422.8215030420605,9
2024-09-19 13:34:11.135000,422.82137575237175,13
2024-09-19 13:34:11.156000,422.7988465379413,100
2024-09-19 13:34:11.163000,422.8689715351229,1001
2024-09-19 13:34:11.297000,422.8882436142772,5
2024-09-19 13:34:11.324000,422.8728843861144,15
2024-09-19 13:34:11.344000,422.8623619909363,998
2024-09-19 13:34:11.367000,422.8636827277724,98
2024-09-19 13:34:11.387000,422.8538727712709,995
2024-09-19 13:34:11.470000,422.8612014649229,1000
2024-09-19 13:34:11.521000,422.80601426708506,10
2024-09-19 13:34:11.536000,422.8020111701578,8
2024-09-19 13:34:11.618000,422.82933877587385,99
2024-09-19 13:34:11.811000,422.8247958643058,102
2024-09-19 13:34:11.869000,422.8101626201772,102
2024-09-19 13:34:11.911000,422.8240107047782,101
2024-09-19 13:34:11.943000,422.8201818897308,995
2024-09-19 13:34:11.960000,422.81486398970895,8
2024-09-19 13:34:11.994000,422.8191584299552,6
2024-09-19 13:34:12.154000,422.82966662684856,1005
2024-09-19 13:34:12.731000,422.8320165002625,6
2024-09-19 13:34:12.775000,422.84773024257896,999
2024-09-19 13:34:13.084000,422.8358894877398,11
2024-09-19 13:34:13.094000,422.8165683410506,104
2024-09-19 13:34:13.096000,422.82551252646607,11
2024-09-19 13:34:13.139000,422.8039286778084,1005
2024-09-19 13:34:13.149000,422.8020585292404,6
2024-09-19 13:34:13.178000,422.8376389296674,1003
2024-09-19 13:34:13.188000,422.8100560503692,1003
2024-09-19 13:34:13.214000,422.7971139952158,15
2024-09-19 13:34:13.227000,422.84438261014895,105
2024-09-19 13:34:13.263000,422.82635565853417,998
2024-09-19 13:34:13.343000,422.8392701729507,1005
2024-09-19 13:34:13.404000,422.84638711936407,1001
2024-09-19 13:34:13.454000,422.8100284030821,996
2024-09-19 13:34:13.490000,422.79214955050594,997
2024-09-19 13:34:13.520000,422.8318269217551,95
2024-09-19 13:34:13.650000,422.8397734128197,7
2024-09-19 13:34:13.820000,422.8184440591012,100
2024-09-19 13:34:13.822000,422.81025843436,11
2024-09-19 13:34:13.876000,422.8270060386321,95
2024-09-19 13:34:13.910000,422.83330279221246,96
2024-09-19 13:34:14.005000,422.8125891167873,100
2024-09-19 13:34:14.209000,422.8087106929478,13
2024-09-19 13:34:14.259000,422.8042600074174,102
2024-09-19 13:34:14.411000,422.7990269574298,97
2024-09-19 13:34:14.472000,422.80983405318,104
2024-09-19 13:34:14.642000,422.8180372174965,1005
2024-09-19 13:34:14.716000,422.80407601611415,1003
2024-09-19 13:34:14.735000,422.80173664008873,10
2024-09-19 13:34:15.024000,422.8320727377751,7
2024-09-19 13:34:15.026000,422.8696951185012,5
2024-09-19 13:34:15.053000,422.8628788790242,15
2024-09-19 13:34:15.193000,422.8458504670167,102
2024-09-19 13:34:15.229000,422.8560236940144,998
2024-09-19 13:34:15.277000,422.8154991102594,101
2024-09-19 13:34:15.311000,422.79378076070896,15
2024-09-19 13:34:15.358000,422.8399037806259,6
2024-09-19 13:34:15.407000,422.8863032072494,98
2024-09-19 13:34:15.511000,422.8687063865068,995
2024-09-19 13:34:15.546000,422.8143616702973,14
2024-09-19 13:34:15.549000,422.84132043805465,15
2024-09-19 13:34:15.562000,422.8329104950639,9
2024-09-19 13:34:15.571000,422.83476627425074,997
2024-09-19 13:34:15.597000,422.84593004086526,15
2024-09-19 13:34:15.708000,422.8097408581938,9
2024-09-19 13:34:15.708000,422.87601391934606,9
2024-09-19 13:34:15.741000,422.8285296515793,1005
2024-09-19 13:34:15.775000,422.8144128992071,14
2024-09-19 13:34:15.841000,422.8326992118948,9
2024-09-19 13:34:15.841000,422.8416841587229,97
2024-09-19 13:34:15.861000,422.8430146817997,95
2024-09-19 13:34:15.893000,422.80780499164086,101
2024-09-19 13:34:15.978000,422.8762773650883,13
2024-09-19 13:34:15.991000,422.84350959190175,1005
2024-09-19 13:34:16.047000,422.8283530364547,1005
2024-09-19 13:34:16.051000,422.8459191615461,102
2024-09-19 13:34:16.062000,422.815955913487,1000
2024-09-19 13:34:16.557000,422.81170021676365,999
2024-09-19 13:34:16.599000,422.8243747435375,99
2024-09-19 13:34:16.673000,422.8052177063159,100
2024-09-19 13:34:16.863000,422.8137339387627,13
2024-09-19 13:34:18.006000,422.8861763131461,8
2024-09-19 13:34:18.020000,422.8270207529391,9
2024-09-19 13:34:18.033000,422.90505892172223,1004
2024-09-19 13:34:18.052000,422.8287351671515,1002
2024-09-19 13:34:18.074000,422.97302353528175,105
2024-09-19 13:34:18.096000,422.8594169813224,15
2024-09-19 13:34:18.105000,422.9618825852688,7
2024-09-19 13:34:18.281000,422.9632124095422,12
2024-09-19 13:34:18.301000,422.9856731133642,96
2024-09-19 13:34:18.381000,422.9324639097167,98
2024-09-19 13:34:18.415000,422.9599443718657,15
2024-09-19 13:34:18.425000,422.8314366807722,1004
2024-09-19 13:34:18.555000,422.9878938029931,15
2024-09-19 13:34:18.606000,422.9130338459939,14
2024-09-19 13:34:18.624000,422.8403821445602,96
2024-09-19 13:34:18.675000,422.8311453021738,1001
2024-09-19 13:34:18.742000,422.9894401615399,995
2024-09-19 13:34:18.758000,422.9096295665858,10
2024-09-19 13:34:18.799000,422.8115659544459,998
2024-09-19 13:34:18.924000,422.9864622551028,9
2024-09-19 13:34:18.948000,422.8282958410803,6
2024-09-19 13:34:19.043000,422.94349236872256,1005
2024-09-19 13:34:19.050000,422.9538483391656,97
2024-09-19 13:34:19.098000,422.9703743290649,99
2024-09-19 13:34:19.102000,422.9489692856611,5
2024-09-19 13:34:19.146000,422.913677502135,8
2024-09-19 13:34:19.165000,422.94004755336266,7
2024-09-19 13:34:19.177000,422.9296558660768,5
2024-09-19 13:34:19.337000,422.9333061836713,101
2024-09-19 13:34:19.407000,422.9516336987081,1003
2024-09-19 13:34:19.434000,422.9371304152305,98
2024-09-19 13:34:19.614000,422.913479118246,11
2024-09-19 13:34:19.626000,422.9182413279725,12
2024-09-19 13:34:19.730000,422.9366537663245,1000
2024-09-19 13:34:19.739000,422.9511058323971,1005
2024-09-19 13:34:19.850000,422.95286544096746,99
2024-09-19 13:34:19.850000,422.91813796713205,998
2024-09-19 13:34:19.941000,422.9100596558861,98
2024-09-19 13:34:19.950000,422.9400723459716,998
2024-09-19 13:34:19.961000,422.9482682496153,98
2024-09-19 13:34:20.015000,422.922760132995,6
2024-09-19 13:34:20.210000,422.9346220624173,13
2024-09-19 13:34:20.393000,422.918817387304,105
2024-09-19 13:34:20.437000,422.8976753084951,101
2024-09-19 13:34:20.510000,422.91132482940645,997
2024-09-19 13:34:20.589000,422.9026344619481,5
2024-09-19 13:34:20.616000,422.8947576121881,1004
2024-09-19 13:34:20.655000,422.9379086120447,9
2024-09-19 13:34:20.709000,422.9138236832311,100
2024-09-19 13:34:20.749000,422.9098497582111,11
2024-09-19 13:34:20.819000,422.9118875883584,1003
2024-09-19 13:34:20.891000,422.91699534854814,9
2024-09-19 13:34:20.909000,422.9123856894574,6
2024-09-19 13:34:20.951000,422.92852407353735,11
2024-09-19 13:34:20.955000,422.9018391341363,99
2024-09-19 13:34:20.958000,422.9114543347205,97
2024-09-19 13:34:21.004000,422.9076161187612,996
2024-09-19 13:34:21.055000,422.9530383537832,997
2024-09-19 13:34:21.283000,422.8966366758178,98
2024-09-19 13:34:21.555000,422.9043789867537,1001
2024-09-19 13:34:21.578000,422.8961412896808,1003
2024-09-19 13:34:21.629000,422.91422324102354,15
2024-09-19 13:34:21.663000,422.9510464129239,1001
2024-09-19 13:34:21.669000,422.948208689157,996
2024-09-19 13:34:21.817000,422.9272237529106,101
2024-09-19 13:34:21.851000,422.9067549135826,15
2024-09-19 13:34:21.990000,422.9038039199076,99
2024-09-19 13:34:22.121000,422.95156652846265,1004
2024-09-19 13:34:22.286000,422.9663576999126,1002
2024-09-19 13:34:22.538000,422.958160758406,8
2024-09-19 13:34:22.570000,422.9547560297515,99
2024-09-19 13:34:22.597000,422.9500520894367,101
2024-09-19 13:34:22.605000,422.91406443417753,96
2024-09-19 13:34:22.674000,422.951112329614,995
2024-09-19 13:34:22.743000,422.9686311192131,96
2024-09-19 13:34:22.820000,422.9413161968484,997
2024-09-19 13:34:22.913000,422.9519773185728,6
2024-09-19 13:34:23.009000,422.9031725868288,101
2024-09-19 13:34:23.009000,422.9144452343973,8
2024-09-19 13:34:23.010000,422.88446059487046,5
2024-09-19 13:34:23.083000,422.9401900005832,100
2024-09-19 13:34:23.096000,422.9592139428253,8
2024-09-19 13:34:23.116000,422.9188449772808,997
2024-09-19 13:34:23.164000,422.9406782455603,11
2024-09-19 13:34:23.205000,422.9422382658347,1001
2024-09-19 13:34:23.222000,422.9382105588906,104
2024-09-19 13:34:23.351000,422.923674938494,996
2024-09-19 13:34:23.385000,422.8995808373759,1004
2024-09-19 13:34:23.393000,422.8834821957981,1000
2024-09-19 13:34:23.457000,422.88994284718666,98
2024-09-19 13:34:23.467000,422.9320987874791,10
2024-09-19 13:34:23.482000,422.92304055278686,103
2024-09-19 13:34:23.662000,422.9464663867602,996
2024-09-19 13:34:23.668000,422.9404273119761,13
2024-09-19 13:34:23.687000,422.9089877154675,104
2024-09-19 13:34:23.732000,422.94260376010567,1003
2024-09-19 13:34:23.783000,422.911524863,999
2024-09-19 13:34:23.831000,422.9263304197024,14
2024-09-19 13:34:23.917000,422.915222866334,15
2024-09-19 13:34:23.941000,422.9004593522254,13
2024-09-19 13:34:23.979000,422.9422945415928,102
2024-09-19 13:34:24.007000,422.8887414747559,1000
2024-09-19 13:34:24.021000,422.91691486382575,100
2024-09-19 13:34:24.026000,422.9031495994138,101
2024-09-19 13:34:24.036000,422.88479097733375,998
2024-09-19 13:34:24.214000,422.9048613424948,102
2024-09-19 13:34:24.362000,422.88595344416194,9
2024-09-19 13:34:24.607000,422.908521605767,104
2024-09-19 13:34:24.683000,422.9041041543501,105
2024-09-19 13:34:24.706000,422.8963496327747,15
2024-09-19 13:34:24.831000,422.90440741436265,996
2024-09-19 13:34:24.993000,422.88917171676087,5
2024-09-19 13:34:25.011000,422.8681834237749,104
2024-09-19 13:34:25.037000,422.8891711908229,98
2024-09-19 13:34:25.050000,422.9441093451363,996
2024-09-19 13:34:25.071000,422.8902490048018,1005
2024-09-19 13:34:25.089000,422.9648130443515,95
2024-09-19 13:34:25.114000,422.9771319873655,14
2024-09-19 13:34:25.204000,422.9006695669023,1004
2024-09-19 13:34:25.247000,422.9198243460641,997
2024-09-19 13:34:25.265000,422.9105556876525,97
2024-09-19 13:34:25.331000,422.9413709735768,1000
2024-09-19 13:34:25.387000,422.8647920694797,997
2024-09-19 13:34:25.388000,422.9016957570766,12
2024-09-19 13:34:25.392000,422.9048901435879,9
2024-09-19 13:34:25.491000,422.9281027204943,103
2024-09-19 13:34:25.674000,422.86498614164594,95
2024-09-19 13:34:25.708000,422.90117399519903,102
2024-09-19 13:34:25.737000,422.8822064346081,12
2024-09-19 13:34:25.751000,422.9658696107632,98
2024-09-19 13:34:25.805000,422.952319661416,97
2024-09-19 13:34:25.827000,422.8937766100302,8
2024-09-19 13:34:25.827000,422.89923123362206,998
2024-09-19 13:34:25.876000,422.90780343217097,105
2024-09-19 13:34:25.890000,422.8974552968281,999
2024-09-19 13:34:25.969000,422.916061423021,7
2024-09-19 13:34:26.039000,422.9682478094023,1005
2024-09-19 13:34:26.079000,422.954923912233,7
2024-09-19 13:34:26.121000,422.9663197884764,97
2024-09-19 13:34:26.124000,422.94076226661406,9
2024-09-19 13:34:26.211000,422.908543553534,6
2024-09-19 13:34:26.214000,422.92528309219614,101
2024-09-19 13:34:26.239000,422.9840400907096,95
2024-09-19 13:34:26.261000,422.9467568100521,102
2024-09-19 13:34:26.337000,422.9602931627823,96
2024-09-19 13:34:26.357000,422.9744600262267,1001
2024-09-19 13:34:26.395000,422.9519956277345,998
2024-09-19 13:34:26.403000,422.9778710836475,998
2024-09-19 13:34:26.558000,422.9555177536541,97
2024-09-19 13:34:26.579000,422.98540131959584,15
2024-09-19 13:34:26.638000,422.9257121724599,15
2024-09-19 13:34:26.704000,422.9640417531365,97
2024-09-19 13:34:26.730000,422.9513617936976,1005
2024-09-19 13:34:26.734000,422.9761821241421,100
2024-09-19 13:34:26.756000,422.98170346731473,5
2024-09-19 13:34:26.776000,422.975595764075,7
2024-09-19 13:34:26.821000,422.9505592443009,104
2024-09-19 13:34:26.843000,422.93430420999374,1001
2024-09-19 13:34:26.897000,422.9185407121993,6
2024-09-19 13:34:26.901000,422.96136687810593,15
2024-09-19 13:34:26.931000,422.9163786459959,15
2024-09-19 13:34:27.025000,422.9348976417166,10
2024-09-19 13:34:27.034000,422.9074294156607,99
2024-09-19 13:34:27.066000,422.91588667869416,1005
2024-09-19 13:34:27.066000,422.9105766876223,98
2024-09-19 13:34:27.116000,422.9305614083811,11
2024-09-19 13:34:27.356000,422.92489247037344,102
2024-09-19 13:34:27.582000,422.9474128142156,995
2024-09-19 13:34:27.612000,422.9256709714788,999
2024-09-19 13:34:27.705000,422.9157900454448,13
2024-09-19 13:34:27.719000,422.9293647030634,13
2024-09-19 13:34:27.796000,422.9351271620581,100
2024-09-19 13:34:27.880000,422.93126803916925,1003
2024-09-19 13:34:27.887000,422.9407781967385,1004
2024-09-19 13:34:28.073000,422.94832102915626,1002
2024-09-19 13:34:28.089000,422.9466878790775,1002
2024-09-19 13:34:28.514000,422.9891476525409,102
2024-09-19 13:34:28.625000,422.989863636873,97
2024-09-19 13:34:28.730000,422.9436780199864,998
2024-09-19 13:34:28.905000,422.9712688137409,8
2024-09-19 13:34:28.927000,422.9821583938113,100
2024-09-19 13:34:29.157000,422.9822331188068,1001
2024-09-19 13:34:29.204000,422.9806951046894,98
2024-09-19 13:34:29.334000,422.9844395238962,1002
2024-09-19 13:34:29.343000,422.997027670273,14
2024-09-19 13:34:29.343000,422.99355023903126,11
2024-09-19 13:34:29.453000,422.98660721559867,995
2024-09-19 13:34:29.456000,422.9871972355693,96
2024-09-19 13:34:29.615000,422.985358287286,999
2024-09-19 13:34:29.713000,422.9951514953125,6
2024-09-19 13:34:29.854000,422.9817420734788,1003
2024-09-19 13:34:29.884000,423.0117854721294,13
2024-09-19 13:34:29.928000,423.0024340477158,15
2024-09-19 13:34:29.967000,422.9808589739576,8
2024-09-19 13:34:30.046000,423.00528295233255,95
2024-09-19 13:34:30.181000,422.9972727415106,1001
2024-09-19 13:34:30.334000,423.0009700748955,96
2024-09-19 13:34:30.339000,422.9463991257788,96
2024-09-19 13:34:30.558000,423.00177413459073,999
2024-09-19 13:34:30.852000,422.9966638809744,97
2024-09-19 13:34:31.097000,422.9655021598558,1000
2024-09-19 13:34:31.122000,422.9488335760543,996
2024-09-19 13:34:31.302000,422.9516249074019,7
2024-09-19 13:34:31.409000,422.9454574735189,12
2024-09-19 13:34:31.482000,422.9549256287826,97
2024-09-19 13:34:31.509000,422.9648509580688,997
2024-09-19 13:34:31.520000,422.9365115854175,998
2024-09-19 13:34:31.605000,422.9781245491103,6
2024-09-19 13:34:31.651000,422.9482790804031,5
2024-09-19 13:34:31.728000,422.9506748058768,105
2024-09-19 13:34:31.766000,422.9520306006576,99
2024-09-19 13:34:31.773000,422.9371163108575,100
2024-09-19 13:34:31.874000,422.95049231649847,11
2024-09-19 13:34:31.882000,422.9581299598021,996
2024-09-19 13:34:31.900000,422.9445895083969,97
2024-09-19 13:34:32.015000,422.9171061907428,98
2024-09-19 13:34:32.069000,422.8758279023479,15
2024-09-19 13:34:32.120000,422.8552885854196,99
2024-09-19 13:34:32.212000,422.8797959230242,10
2024-09-19 13:34:32.281000,422.8568999987339,8
2024-09-19 13:34:32.468000,422.9087338099249,15
2024-09-19 13:34:32.657000,422.8827228139383,95
2024-09-19 13:34:32.678000,422.9304469758881,95
2024-09-19 13:34:32.894000,422.9365131739496,12
2024-09-19 13:34:34.098000,422.8790479062051,1000
2024-09-19 13:34:34.120000,422.8824658279032,10
2024-09-19 13:34:34.620000,422.8769478975106,998
2024-09-19 13:34:34.641000,422.8991815785623,98
2024-09-19 13:34:34.793000,422.8716837514318,15
2024-09-19 13:34:34.825000,422.8894523281874,15
2024-09-19 13:34:34.958000,422.8770268543114,10
2024-09-19 13:34:35.102000,422.9110273615442,101
2024-09-19 13:34:35.143000,422.8834062001292,15
2024-09-19 13:34:35.158000,422.9255008484898,997
2024-09-19 13:34:35.162000,422.8981094113786,1003
2024-09-19 13:34:35.384000,422.9100703556185,997
2024-09-19 13:34:35.401000,422.9252083334478,1003
2024-09-19 13:34:35.758000,422.9249333620991,8
2024-09-19 13:34:35.758000,422.91573849500605,12
2024-09-19 13:34:35.789000,422.911308440732,1005
2024-09-19 13:34:35.863000,422.92161617951393,100
2024-09-19 13:34:35.880000,422.8768730783918,99
2024-09-19 13:34:35.931000,422.896867018189,6
2024-09-19 13:34:36.125000,422.9381512347893,6
2024-09-19 13:34:36.145000,422.9510658938554,15
2024-09-19 13:34:36.161000,422.9593066056514,10
2024-09-19 13:34:36.162000,422.8891174113493,99
2024-09-19 13:34:36.179000,422.9204244178147,995
2024-09-19 13:34:36.195000,422.89791280529,1004
2024-09-19 13:34:36.222000,422.9506807826816,14
2024-09-19 13:34:36.238000,422.8794644985397,13
2024-09-19 13:34:36.303000,422.92871392685583,10
2024-09-19 13:34:36.349000,422.9057261359813,9
2024-09-19 13:34:36.383000,422.9575245890906,5
2024-09-19 13:34:36.430000,422.8808038877861,998
2024-09-19 13:34:36.496000,422.8889652837888,5
2024-09-19 13:34:36.518000,422.9248978428673,6
2024-09-19 13:34:36.544000,422.8843897940846,102
2024-09-19 13:34:36.545000,422.8786700270491,1001
2024-09-19 13:34:36.722000,422.9078607794538,100
2024-09-19 13:34:36.724000,422.9002544061254,104
2024-09-19 13:34:36.743000,422.929613765862,99
2024-09-19 13:34:36.825000,422.86272631643993,103
2024-09-19 13:34:36.868000,422.8666174667168,8
2024-09-19 13:34:36.887000,422.9196710905742,96
2024-09-19 13:34:36.913000,422.8998474706852,8
2024-09-19 13:34:36.982000,422.9460421758495,1005
2024-09-19 13:34:36.998000,422.95340762479503,1004
2024-09-19 13:34:37.027000,422.8189423896325,98
2024-09-19 13:34:37.046000,422.838008829012,999
2024-09-19 13:34:37.057000,422.8281913983362,998
2024-09-19 13:34:37.099000,422.82416629990087,999
2024-09-19 13:34:37.172000,422.92734722637033,998
2024-09-19 13:34:37.214000,422.7944142100105,99
2024-09-19 13:34:37.225000,422.8068680773373,95
2024-09-19 13:34:37.244000,422.82494917779024,10
2024-09-19 13:34:37.269000,422.8190528522861,15
2024-09-19 13:34:37.285000,422.8249040339488,103
2024-09-19 13:34:37.288000,422.81718940173937,100
2024-09-19 13:34:37.308000,422.8225902706861,13
2024-09-19 13:34:37.353000,422.8084611869745,12
2024-09-19 13:34:37.386000,422.8969182540194,1005
2024-09-19 13:34:37.512000,422.8113461615092,99
2024-09-19 13:34:37.632000,422.8795792513697,98
2024-09-19 13:34:37.760000,422.8020805405562,1002
2024-09-19 13:34:37.793000,422.82246362269217,998
2024-09-19 13:34:37.832000,422.85224498574223,98
2024-09-19 13:34:37.880000,422.9183247451852,102
2024-09-19 13:34:37.905000,422.8229026744417,96
2024-09-19 13:34:37.935000,422.862942008925,996
2024-09-19 13:34:37.959000,422.8199764072611,12
2024-09-19 13:34:38.033000,422.8107968958231,995
2024-09-19 13:34:38.042000,422.810472244754,15
2024-09-19 13:34:38.211000,422.8148687863749,1005
2024-09-19 13:34:38.289000,422.79912793788674,104
2024-09-19 13:34:38.297000,422.8035249232851,995
2024-09-19 13:34:38.312000,422.7776984541799,96
2024-09-19 13:34:38.409000,422.7896882574532,102
2024-09-19 13:34:38.558000,422.8188027266676,7
2024-09-19 13:34:38.721000,422.81662717798304,12
2024-09-19 13:34:38.734000,422.8023062850788,10
2024-09-19 13:34:38.737000,422.81286274061495,15
2024-09-19 13:34:38.769000,422.8028753883896,12
2024-09-19 13:34:38.774000,422.796420790194,995
2024-09-19 13:34:38.807000,422.7813174833194,6
2024-09-19 13:34:38.841000,422.822422976934,104
2024-09-19 13:34:38.924000,422.8196890787773,101
2024-09-19 13:34:39.045000,422.82772056815503,8
2024-09-19 13:34:39.115000,422.8154685679435,103
2024-09-19 13:34:39.130000,422.8081956536005,13
2024-09-19 13:34:39.134000,422.837046249229,1000
2024-09-19 13:34:39.147000,422.8168458173758,998
2024-09-19 13:34:39.168000,422.80320914459065,98
2024-09-19 13:34:39.185000,422.8285425602619,1005
2024-09-19 13:34:39.269000,422.826036734573,1003
2024-09-19 13:34:39.330000,422.8281530564452,95
2024-09-19 13:34:39.336000,422.82634202811806,8
2024-09-19 13:34:39.352000,422.8083774872935,13
2024-09-19 13:34:39.552000,422.83592852614703,9
2024-09-19 13:34:39.629000,422.8021993567485,95
2024-09-19 13:34:39.672000,422.8151817095676,14
2024-09-19 13:34:39.696000,422.814350859424,996
2024-09-19 13:34:39.719000,422.8251899409584,996
2024-09-19 13:34:39.722000,422.8090768970594,103
2024-09-19 13:34:39.787000,422.8316128330592,99
2024-09-19 13:34:39.811000,422.8132810091456,12
2024-09-19 13:34:39.929000,422.8268613213631,998
2024-09-19 13:34:39.953000,422.8127526219348,97
2024-09-19 13:34:39.976000,422.8157879936131,98
2024-09-19 13:34:40.046000,422.8533150762574,1001
2024-09-19 13:34:40.057000,422.86170088926747,101
2024-09-19 13:34:40.064000,422.86791209067206,1002
2024-09-19 13:34:40.159000,422.8261677449984,95
2024-09-19 13:34:40.186000,422.8824634479379,1000
2024-09-19 13:34:40.202000,422.8779915560545,104
2024-09-19 13:34:40.375000,422.82222726669136,95
2024-09-19 13:34:40.415000,422.8685471231605,14
2024-09-19 13:34:40.431000,422.8631516693447,1001
2024-09-19 13:34:40.467000,422.8955331494951,996
2024-09-19 13:34:40.527000,422.88534061719207,13
2024-09-19 13:34:40.553000,422.8699005386067,105
2024-09-19 13:34:40.574000,422.886315412818,997
2024-09-19 13:34:40.627000,422.85812292926136,1005
2024-09-19 13:34:40.668000,422.87490243068567,1005
2024-09-19 13:34:40.720000,422.8917663325285,14
2024-09-19 13:34:40.731000,422.8128785332466,99
2024-09-19 13:34:40.745000,422.8364152664676,99
2024-09-19 13:34:40.798000,422.86896779149816,15
2024-09-19 13:34:40.847000,422.8538702463308,10
2024-09-19 13:34:40.945000,422.8705499853085,995
2024-09-19 13:34:41.090000,422.8658102671707,6
2024-09-19 13:34:41.169000,422.8625609768307,5
2024-09-19 13:34:41.279000,422.84086881239466,11
2024-09-19 13:34:41.478000,422.8613930406999,103
2024-09-19 13:34:41.579000,422.8806450980165,100
2024-09-19 13:34:41.613000,422.85811407125146,998
2024-09-19 13:34:41.762000,422.8655146923219,9
2024-09-19 13:34:41.882000,422.892803065403,996
2024-09-19 13:34:41.909000,422.8643018720457,100
2024-09-19 13:34:42.028000,422.9130730415891,96
2024-09-19 13:34:42.055000,422.94502659561886,6
2024-09-19 13:34:42.071000,422.8816313708917,100
2024-09-19 13:34:42.114000,422.8956837745026,1001
2024-09-19 13:34:42.202000,422.9139318318742,995
2024-09-19 13:34:42.231000,422.916086484675,103
2024-09-19 13:34:42.240000,422.9016885227865,998
2024-09-19 13:34:42.416000,422.9019449476602,999
2024-09-19 13:34:42.446000,422.9106013184908,5
2024-09-19 13:34:42.456000,422.9246955922745,997
2024-09-19 13:34:42.473000,422.9317959819183,105
2024-09-19 13:34:42.480000,422.9277699166858,10
2024-09-19 13:34:42.488000,422.9289171225995,1003
2024-09-19 13:34:42.496000,422.9122065192168,5
2024-09-19 13:34:42.510000,422.9597530570104,999
2024-09-19 13:34:42.555000,422.9203734280504,1002
2024-09-19 13:34:42.555000,422.89774279041353,14
2024-09-19 13:34:42.567000,422.8953306187663,998
2024-09-19 13:34:42.568000,422.9179271335331,104
2024-09-19 13:34:42.586000,422.9175882492379,995
2024-09-19 13:34:42.605000,422.87809582160577,1001
2024-09-19 13:34:42.626000,422.90165477543167,96
2024-09-19 13:34:42.657000,422.94003292433183,13
2024-09-19 13:34:42.674000,422.9159604526031,7
2024-09-19 13:34:42.817000,422.91423552615896,1002
2024-09-19 13:34:42.865000,422.88985648649714,6
2024-09-19 13:34:42.926000,422.921431715343,101
2024-09-19 13:34:42.927000,422.9473319430804,96
2024-09-19 13:34:43.059000,422.9637660823377,95
2024-09-19 13:34:43.143000,422.93663693272015,95
2024-09-19 13:34:43.152000,422.9634052041171,11
2024-09-19 13:34:43.164000,422.9646555959306,101
2024-09-19 13:34:43.240000,422.9339027519232,999
2024-09-19 13:34:43.443000,422.96781804935455,101
2024-09-19 13:34:43.444000,422.9753969826533,101
2024-09-19 13:34:43.452000,422.9518086102389,997
2024-09-19 13:34:43.454000,422.9686103710153,1002
2024-09-19 13:34:43.532000,422.9570781653764,999
2024-09-19 13:34:43.546000,422.9207643727582,7
2024-09-19 13:34:43.563000,422.8967879954728,1002
2024-09-19 13:34:43.571000,422.9100952886309,10
2024-09-19 13:34:43.586000,422.9110750028474,102
2024-09-19 13:34:43.628000,422.9396787100193,1005
2024-09-19 13:34:43.660000,422.9515326534457,104
2024-09-19 13:34:43.697000,422.9248082660106,10
2024-09-19 13:34:43.725000,422.9595054562783,101
2024-09-19 13:34:43.767000,422.9658474975154,999
2024-09-19 13:34:43.842000,422.9556331541083,98
2024-09-19 13:34:43.846000,422.9389952282209,6
2024-09-19 13:34:43.877000,422.9322987039477,12
2024-09-19 13:34:43.919000,422.9040199084347,104
2024-09-19 13:34:43.935000,422.95305822453537,95
2024-09-19 13:34:44.033000,422.97062478732414,95
2024-09-19 13:34:44.071000,422.9485896074944,105
2024-09-19 13:34:44.177000,422.95351940253903,9
2024-09-19 13:34:44.318000,422.9585308373782,7
2024-09-19 13:34:44.344000,422.94869618563166,13
2024-09-19 13:34:44.473000,422.9441085887487,1003
2024-09-19 13:34:44.550000,422.9239356822517,999
2024-09-19 13:34:44.552000,422.9445530045337,103
2024-09-19 13:34:44.569000,422.95565282307,95
2024-09-19 13:34:44.638000,422.9326606437925,995
2024-09-19 13:34:44.716000,422.9618494631698,995
2024-09-19 13:34:44.744000,422.9349311949908,8
2024-09-19 13:34:44.771000,422.9531489028706,9
2024-09-19 13:34:44.925000,422.9401058222816,98
2024-09-19 13:34:44.974000,422.9774195932649,1005
2024-09-19 13:34:45.300000,422.98017036076334,96
2024-09-19 13:34:45.559000,422.9479701642912,7
2024-09-19 13:34:45.619000,422.9483439583199,1003
2024-09-19 13:34:45.761000,422.9083372211612,98
2024-09-19 13:34:45.776000,422.9018118973583,998
2024-09-19 13:34:45.825000,422.9750754689685,102
2024-09-19 13:34:45.864000,422.9391270862818,996
2024-09-19 13:34:46.022000,422.8406581404132,1000
2024-09-19 13:34:46.045000,422.8478391281863,1005
2024-09-19 13:34:46.054000,422.8549402881328,99
2024-09-19 13:34:46.056000,422.90150409167495,6
2024-09-19 13:34:46.088000,422.8225620323759,101
2024-09-19 13:34:46.166000,422.8182348211535,998
2024-09-19 13:34:46.253000,422.8078255072801,1003
2024-09-19 13:34:46.281000,422.8358686321688,99
2024-09-19 13:34:46.290000,422.8405074077755,100
2024-09-19 13:34:46.327000,422.8734213789849,104
2024-09-19 13:34:46.344000,422.905829432419,101
2024-09-19 13:34:46.384000,422.9099504321549,7
2024-09-19 13:34:46.400000,422.87455086424575,6
2024-09-19 13:34:46.400000,422.80393698993,96
2024-09-19 13:34:46.413000,422.83342697824986,6
2024-09-19 13:34:46.429000,422.8301199462852,1004
2024-09-19 13:34:46.481000,422.8660992978683,996
2024-09-19 13:34:46.492000,422.8268794287434,100
2024-09-19 13:34:46.568000,422.8184002454424,9
2024-09-19 13:34:46.604000,422.81707890906006,13
2024-09-19 13:34:46.662000,422.8246530218132,997
2024-09-19 13:34:46.737000,422.8227181985976,9
2024-09-19 13:34:46.838000,422.8452367420023,10
2024-09-19 13:34:46.869000,422.87032999803927,105
2024-09-19 13:34:46.910000,422.8161964325833,6
2024-09-19 13:34:46.997000,422.8424434988311,97
2024-09-19 13:34:47.061000,422.8501900117861,7
2024-09-19 13:34:47.138000,422.8511409399055,8
2024-09-19 13:34:47.165000,422.83666559667614,15
2024-09-19 13:34:47.251000,422.8351275311989,1005
2024-09-19 13:34:47.419000,422.856887857716,1005
2024-09-19 13:34:47.443000,422.8663591574832,105
2024-09-19 13:34:47.447000,422.8330322288306,996
2024-09-19 13:34:47.488000,422.8638683977802,101
2024-09-19 13:34:47.519000,422.8909638599882,11
2024-09-19 13:34:47.532000,422.8399678437663,15
2024-09-19 13:34:47.537000,422.8506909336965,1004
2024-09-19 13:34:47.547000,422.8532145681086,996
2024-09-19 13:34:47.663000,422.8630095751509,1000
2024-09-19 13:34:47.773000,422.8621577847495,14
2024-09-19 13:34:47.778000,422.8445172400485,10
2024-09-19 13:34:48.018000,422.8579775762228,13
2024-09-19 13:34:48.094000,422.8574574539064,95
2024-09-19 13:34:48.100000,422.9030277596819,8
2024-09-19 13:34:48.139000,422.8806464421951,9
2024-09-19 13:34:48.175000,422.8788600326179,96
2024-09-19 13:34:48.194000,422.8823242889736,999
2024-09-19 13:34:48.335000,422.8690662272122,101
2024-09-19 13:34:48.347000,422.8715915380493,1005
2024-09-19 13:34:48.388000,422.85122619358737,96
2024-09-19 13:34:48.399000,422.86295343038455,996
2024-09-19 13:34:48.401000,422.8478608976911,13
2024-09-19 13:34:48.409000,422.87779852338696,1000
2024-09-19 13:34:48.435000,422.8798604845431,9
2024-09-19 13:34:48.601000,422.8749297030259,97
2024-09-19 13:34:48.608000,422.8684543609636,105
2024-09-19 13:34:48.683000,422.9023054030541,96
2024-09-19 13:34:48.720000,422.88799414596286,103
2024-09-19 13:34:48.737000,422.9083897665032,995
2024-09-19 13:34:48.759000,422.9148979167243,8
2024-09-19 13:34:48.778000,422.8615757720077,7
2024-09-19 13:34:48.805000,422.89412442486565,995
2024-09-19 13:34:48.835000,422.90575136799134,1005
2024-09-19 13:34:48.846000,422.88184658413496,999
2024-09-19 13:34:48.857000,422.8832727727868,102
2024-09-19 13:34:48.901000,422.870184476837,98
2024-09-19 13:34:48.924000,422.890997223284,10
2024-09-19 13:34:48.934000,422.853931209366,1000
2024-09-19 13:34:48.938000,422.89832808680086,12
2024-09-19 13:34:48.985000,422.86969069553305,104
2024-09-19 13:34:49.034000,422.90661627122506,1000
2024-09-19 13:34:49.066000,422.867727419252,105
2024-09-19 13:34:49.143000,422.8641694142567,1002
2024-09-19 13:34:49.273000,422.8694412245716,12
2024-09-19 13:34:49.290000,422.8525691049752,1005
2024-09-19 13:34:49.379000,422.8514156932087,96
2024-09-19 13:34:49.410000,422.8812496062295,996
2024-09-19 13:34:49.431000,422.8798018799927,11
2024-09-19 13:34:49.439000,422.870752463828,105
2024-09-19 13:34:49.444000,422.87454876268174,995
2024-09-19 13:34:49.478000,422.8691879157993,996
2024-09-19 13:34:49.515000,422.8692493911148,9
2024-09-19 13:34:49.515000,422.86881666415945,1001
2024-09-19 13:34:49.599000,422.85752171412906,96
2024-09-19 13:34:49.610000,422.8805120081576,1000
2024-09-19 13:34:49.615000,422.88920539512304,7
2024-09-19 13:34:49.650000,422.8790433142815,14
2024-09-19 13:34:49.687000,422.842827208082,103
2024-09-19 13:34:49.755000,422.89453849279255,13
2024-09-19 13:34:49.788000,422.88707959081154,13
2024-09-19 13:34:49.810000,422.87823569425353,102
2024-09-19 13:34:49.852000,422.8324666119864,13
2024-09-19 13:34:49.860000,422.913618976403,1004
2024-09-19 13:34:49.912000,422.9039692588462,10
2024-09-19 13:34:49.936000,422.8659350838946,96
2024-09-19 13:34:49.936000,422.8755269171386,104
2024-09-19 13:34:49.978000,422.8283516572228,103
2024-09-19 13:34:50.479000,422.8804127717437,997
2024-09-19 13:34:50.511000,422.8732701392476,12
2024-09-19 13:34:52.077000,422.8770621032495,96
2024-09-19 13:34:52.084000,422.88998478167815,95
2024-09-19 13:34:52.100000,422.8967499984731,97
2024-09-19 13:34:52.103000,422.83204600153454,98
2024-09-19 13:34:52.185000,422.8788090452257,998
2024-09-19 13:34:52.223000,422.88197425306015,96
2024-09-19 13:34:52.232000,422.8860640647096,1004
2024-09-19 13:34:52.264000,422.89506011392456,12
2024-09-19 13:34:52.340000,422.84109130405074,13
2024-09-19 13:34:52.458000,422.87888646054,95
2024-09-19 13:34:52.569000,422.8321812483226,98
2024-09-19 13:34:52.636000,422.8293099478182,95
2024-09-19 13:34:52.665000,422.86733759361823,13
2024-09-19 13:34:52.697000,422.81268131514247,100
2024-09-19 13:34:52.816000,422.8280111816541,102
2024-09-19 13:34:52.911000,422.9010931206481,1002
2024-09-19 13:34:52.913000,422.89741194638407,96
2024-09-19 13:34:52.947000,422.8376395471979,997
2024-09-19 13:34:53.003000,422.90250761737485,995
2024-09-19 13:34:53.048000,422.83365405523705,10
2024-09-19 13:34:53.080000,422.83644582861166,995
2024-09-19 13:34:53.117000,422.8269140243387,102
2024-09-19 13:34:53.314000,422.8197381932424,104
2024-09-19 13:34:53.441000,422.84268315974737,11
2024-09-19 13:34:53.450000,422.8125217483397,1000
2024-09-19 13:34:53.486000,422.86648488940233,1001
2024-09-19 13:34:53.494000,422.8308796721887,95
2024-09-19 13:34:53.643000,422.8408230434468,14
2024-09-19 13:34:53.674000,422.8271035751079,1003
2024-09-19 13:34:53.675000,422.86332282977855,97
2024-09-19 13:34:53.721000,422.8487128563998,8
2024-09-19 13:34:53.736000,422.8313709697392,7
2024-09-19 13:34:53.750000,422.86396682376096,1003
2024-09-19 13:34:53.765000,422.8503602865916,998
2024-09-19 13:34:53.803000,422.908116195646,1005
2024-09-19 13:34:53.815000,422.90525130163,11
2024-09-19 13:34:53.857000,422.8404459043046,101
2024-09-19 13:34:53.944000,422.8253058983237,104
2024-09-19 13:34:53.988000,422.8345513184062,14
2024-09-19 13:34:54.013000,422.9718086988027,102
2024-09-19 13:34:54.025000,422.9646656080944,1001
2024-09-19 13:34:54.036000,422.9611824664035,997
2024-09-19 13:34:54.053000,422.9852060034107,1003
2024-09-19 13:34:54.090000,422.8760228873178,1002
2024-09-19 13:34:54.134000,422.90685556262,7
2024-09-19 13:34:54.139000,422.96443227790246,1002
2024-09-19 13:34:54.176000,422.9975530064512,12
2024-09-19 13:34:54.253000,422.9579866693077,12
2024-09-19 13:34:54.259000,422.9622068429318,96
2024-09-19 13:34:54.295000,422.8573485726474,12
2024-09-19 13:34:54.391000,422.9446704256063,105
2024-09-19 13:34:54.448000,422.9482849627805,9
2024-09-19 13:34:54.506000,422.9967132167711,100
2024-09-19 13:34:54.580000,422.8962104587566,998
2024-09-19 13:34:54.626000,422.9462629712779,105
2024-09-19 13:34:54.636000,422.9824101072479,96
2024-09-19 13:34:54.650000,422.9793231177874,1004
2024-09-19 13:34:54.671000,422.9692613927526,1002
2024-09-19 13:34:54.734000,422.99059916855,15
2024-09-19 13:34:54.753000,422.88145249862254,98
2024-09-19 13:34:54.756000,422.9418168763831,1002
2024-09-19 13:34:54.812000,422.9929926085431,98
2024-09-19 13:34:54.823000,422.8855563219746,998
2024-09-19 13:34:54.875000,422.9597502017656,98
2024-09-19 13:34:54.903000,423.0028036322455,104
2024-09-19 13:34:54.939000,422.9885489048756,10
2024-09-19 13:34:54.943000,422.977065867317,996
2024-09-19 13:34:54.946000,422.94273984007214,1005
2024-09-19 13:34:55.331000,422.9962999702846,96
2024-09-19 13:34:55.353000,423.0177721021622,997
2024-09-19 13:34:55.400000,422.9952925742416,103
2024-09-19 13:34:55.637000,423.0230183703512,999
2024-09-19 13:34:55.738000,423.0000145983028,5
2024-09-19 13:34:55.810000,423.0274161394317,97
2024-09-19 13:34:55.818000,423.00004066179577,1002
2024-09-19 13:34:56.030000,422.94461584005046,11
2024-09-19 13:34:56.051000,422.9477665065047,15
2024-09-19 13:34:56.072000,422.9090514703036,996
2024-09-19 13:34:56.080000,422.910382019572,97
2024-09-19 13:34:56.176000,422.9460090229102,996
2024-09-19 13:34:56.181000,422.9072356058398,6
2024-09-19 13:34:56.193000,422.958837490142,10
2024-09-19 13:34:56.222000,422.9123619876342,1002
2024-09-19 13:34:56.230000,422.9181353758869,999
2024-09-19 13:34:56.233000,422.9073043297237,105
2024-09-19 13:34:56.359000,422.8979711697005,101
2024-09-19 13:34:56.578000,422.91347401837737,1001
2024-09-19 13:34:56.870000,422.9186244037583,100
2024-09-19 13:34:56.962000,422.9038258379762,1000
2024-09-19 13:34:56.964000,422.9564961902912,997
2024-09-19 13:34:57.003000,422.9220493301583,9
2024-09-19 13:34:57.025000,422.87407511824495,14
2024-09-19 13:34:57.039000,422.90505845279,11
2024-09-19 13:34:57.050000,422.8525634351176,6
2024-09-19 13:34:57.070000,422.9293049541112,1004
2024-09-19 13:34:57.071000,422.9192107536018,100
2024-09-19 13:34:57.080000,422.867393516269,1003
2024-09-19 13:34:57.135000,422.9237493826796,6
2024-09-19 13:34:57.202000,422.85821883366185,8
2024-09-19 13:34:57.240000,422.9179859991369,99
2024-09-19 13:34:57.404000,422.8536386405349,1002
2024-09-19 13:34:57.474000,422.91920458748433,105
2024-09-19 13:34:57.483000,422.91280552908825,95
2024-09-19 13:34:57.522000,422.9226529874405,105
2024-09-19 13:34:57.530000,422.8602413251803,100
2024-09-19 13:34:57.542000,422.8930894165936,103
2024-09-19 13:34:57.561000,422.90924178831386,1001
2024-09-19 13:34:57.583000,422.8819325795392,7
2024-09-19 13:34:57.591000,422.91785155686046,103
2024-09-19 13:34:57.592000,422.86087581205646,14
2024-09-19 13:34:57.592000,422.89700007189214,102
2024-09-19 13:34:57.601000,422.9046022092054,99
2024-09-19 13:34:57.625000,422.84782982536,101
2024-09-19 13:34:57.647000,422.8856424718954,1004
2024-09-19 13:34:57.677000,422.91225322796174,1001
2024-09-19 13:34:57.696000,422.87083862592647,15
2024-09-19 13:34:57.775000,422.84805329679085,1002
2024-09-19 13:34:58.219000,422.9306915851918,8
2024-09-19 13:34:58.278000,422.9309611047767,103
2024-09-19 13:34:58.294000,422.934975190368,102
2024-09-19 13:34:58.319000,422.9576695527063,102
2024-09-19 13:34:58.330000,422.9350474184165,12
2024-09-19 13:34:58.360000,422.94577339601057,100
2024-09-19 13:34:58.545000,422.9399421085105,999
2024-09-19 13:34:58.579000,422.9439492835795,9
2024-09-19 13:34:58.617000,422.9314892530036,7
2024-09-19 13:34:58.794000,422.939268904623,995
2024-09-19 13:34:58.908000,422.9673070975313,11
2024-09-19 13:34:58.926000,422.9429077341597,9
2024-09-19 13:34:58.958000,422.92253209424393,995
2024-09-19 13:34:58.967000,422.9188809569978,999
2024-09-19 13:34:59.331000,422.912610485781,103
2024-09-19 13:34:59.437000,422.921832857868,8
2024-09-19 13:34:59.575000,422.92224748728194,102
2024-09-19 13:34:59.850000,422.9246751623712,9
2024-09-19 13:34:59.916000,422.9302382069688,998
2024-09-19 13:34:59.960000,422.91835193811534,95
