Timestamp,Price,Size
2024-09-16 10:42:00.111000,417.4452914188111,101
2024-09-16 10:42:00.147000,417.44775233873423,6
2024-09-16 10:42:00.646000,417.4527417945051,104
2024-09-16 10:42:01.004000,417.4561267674486,8
2024-09-16 10:42:01.075000,417.4436846231621,9
2024-09-16 10:42:01.169000,417.5029232134017,100
2024-09-16 10:42:01.224000,417.4432564574949,102
2024-09-16 10:42:01.249000,417.4720077313687,97
2024-09-16 10:42:01.268000,417.5135918255233,6
2024-09-16 10:42:01.269000,417.44277972577135,11
2024-09-16 10:42:01.392000,417.4720378129678,1005
2024-09-16 10:42:01.417000,417.4872715974166,101
2024-09-16 10:42:01.486000,417.4914847088112,102
2024-09-16 10:42:01.488000,417.4547216472952,998
2024-09-16 10:42:01.571000,417.46966589669313,105
2024-09-16 10:42:01.621000,417.4674312840057,1001
2024-09-16 10:42:01.675000,417.49194391531694,997
2024-09-16 10:42:01.691000,417.4577423225847,997
2024-09-16 10:42:01.717000,417.4563696748024,999
2024-09-16 10:42:01.720000,417.48099542149873,11
2024-09-16 10:42:01.755000,417.4718162792613,100
2024-09-16 10:42:01.774000,417.4553396567866,9
2024-09-16 10:42:01.815000,417.46739119062937,98
2024-09-16 10:42:01.827000,417.4612703148978,14
2024-09-16 10:42:01.887000,417.4702419900194,97
2024-09-16 10:42:01.899000,417.4615921397712,1001
2024-09-16 10:42:01.914000,417.4910623506317,9
2024-09-16 10:42:01.947000,417.4689487439956,101
2024-09-16 10:42:01.963000,417.5058930771946,11
2024-09-16 10:42:02.005000,417.45834562179215,105
2024-09-16 10:42:02.183000,417.4546281752947,1002
2024-09-16 10:42:02.320000,417.45200697621175,1005
2024-09-16 10:42:02.490000,417.450908505473,104
2024-09-16 10:42:02.726000,417.46289352657226,105
2024-09-16 10:42:02.851000,417.4624541325485,12
2024-09-16 10:42:02.857000,417.4596576099362,1001
2024-09-16 10:42:03.843000,417.4754929812997,102
2024-09-16 10:42:04.012000,417.464167208388,12
2024-09-16 10:42:04.113000,417.4345428118772,104
2024-09-16 10:42:04.301000,417.4562965156744,1000
2024-09-16 10:42:04.308000,417.4214827845584,1000
2024-09-16 10:42:04.570000,417.4674331767261,10
2024-09-16 10:42:04.849000,417.4664392418469,1003
2024-09-16 10:42:04.862000,417.4475405072904,1004
2024-09-16 10:42:05.019000,417.4503722834573,11
2024-09-16 10:42:05.097000,417.41849625722216,12
2024-09-16 10:42:05.105000,417.3336677825457,12
2024-09-16 10:42:05.141000,417.4219888886345,97
2024-09-16 10:42:05.166000,417.4413116252118,99
2024-09-16 10:42:05.195000,417.34210278588375,997
2024-09-16 10:42:05.255000,417.37795506043136,13
2024-09-16 10:42:05.270000,417.4146722994809,1004
2024-09-16 10:42:05.281000,417.3898426740151,12
2024-09-16 10:42:05.299000,417.3406959096855,11
2024-09-16 10:42:05.338000,417.3913924868372,1003
2024-09-16 10:42:05.368000,417.32918421149947,6
2024-09-16 10:42:05.401000,417.3884386076268,8
2024-09-16 10:42:05.403000,417.42181876802607,15
2024-09-16 10:42:05.447000,417.37677631526617,15
2024-09-16 10:42:05.474000,417.33888879201504,14
2024-09-16 10:42:05.566000,417.35207125194376,998
2024-09-16 10:42:05.611000,417.3766414190607,8
2024-09-16 10:42:05.619000,417.3856170503,14
2024-09-16 10:42:05.639000,417.38013874569737,15
2024-09-16 10:42:05.689000,417.4224393760209,103
2024-09-16 10:42:05.708000,417.44120704752567,11
2024-09-16 10:42:05.737000,417.38069171617167,97
2024-09-16 10:42:05.797000,417.39333666151344,103
2024-09-16 10:42:05.834000,417.34203474919406,1005
2024-09-16 10:42:05.873000,417.3608914989242,8
2024-09-16 10:42:05.923000,417.4298494204112,12
2024-09-16 10:42:05.931000,417.4029299267904,102
2024-09-16 10:42:06.041000,417.3237828047364,14
2024-09-16 10:42:06.123000,417.3069318964226,96
2024-09-16 10:42:06.139000,417.34681439684,97
2024-09-16 10:42:06.161000,417.2947066296076,1000
2024-09-16 10:42:06.254000,417.2966144990095,995
2024-09-16 10:42:06.382000,417.3426866426733,8
2024-09-16 10:42:06.385000,417.2989263799067,1000
2024-09-16 10:42:06.505000,417.3232293760109,98
2024-09-16 10:42:06.614000,417.3257085569738,14
2024-09-16 10:42:06.675000,417.3329887220386,96
2024-09-16 10:42:06.698000,417.3368816288424,1000
2024-09-16 10:42:06.869000,417.2854808127034,997
2024-09-16 10:42:07.088000,417.3059237047707,15
2024-09-16 10:42:07.292000,417.2964357323863,998
2024-09-16 10:42:07.293000,417.2830788131821,15
2024-09-16 10:42:07.317000,417.2880923471664,1002
2024-09-16 10:42:07.324000,417.28234720560175,12
2024-09-16 10:42:07.360000,417.274896332652,15
2024-09-16 10:42:07.387000,417.3078310349612,1000
2024-09-16 10:42:07.403000,417.2850999159264,996
2024-09-16 10:42:07.426000,417.2995944254064,10
2024-09-16 10:42:07.445000,417.31880989254455,105
2024-09-16 10:42:07.475000,417.3047315814749,8
2024-09-16 10:42:07.511000,417.3068321077317,99
2024-09-16 10:42:07.586000,417.2929995577022,99
2024-09-16 10:42:07.596000,417.3031624326071,996
2024-09-16 10:42:07.606000,417.3045938388266,10
2024-09-16 10:42:07.624000,417.2827522396846,11
2024-09-16 10:42:07.640000,417.2811761098759,996
2024-09-16 10:42:07.690000,417.2830291096721,105
2024-09-16 10:42:07.756000,417.3122732734296,1000
2024-09-16 10:42:07.891000,417.30070049295006,99
2024-09-16 10:42:07.937000,417.3081257412359,998
2024-09-16 10:42:08.129000,417.302946330296,997
2024-09-16 10:42:08.257000,417.3088569775059,996
2024-09-16 10:42:08.306000,417.3016881593794,96
2024-09-16 10:42:08.447000,417.32594436010726,99
2024-09-16 10:42:08.490000,417.30102570799545,9
2024-09-16 10:42:08.512000,417.30491892686587,10
2024-09-16 10:42:08.564000,417.3097562636001,101
2024-09-16 10:42:08.911000,417.31325921279847,996
2024-09-16 10:42:09.016000,417.26899776846426,14
2024-09-16 10:42:09.042000,417.2685394251368,998
2024-09-16 10:42:09.101000,417.24500866366304,11
2024-09-16 10:42:09.168000,417.2781365561628,13
2024-09-16 10:42:09.207000,417.245960005218,1004
2024-09-16 10:42:09.213000,417.265548807141,98
2024-09-16 10:42:09.317000,417.2412619888504,996
2024-09-16 10:42:09.369000,417.2454932144449,995
2024-09-16 10:42:09.478000,417.2436795961528,98
2024-09-16 10:42:09.493000,417.2698932187369,995
2024-09-16 10:42:09.518000,417.2451272500807,13
2024-09-16 10:42:09.532000,417.2412687620576,13
2024-09-16 10:42:09.569000,417.27215305591255,1003
2024-09-16 10:42:09.575000,417.26776814889104,1001
2024-09-16 10:42:09.692000,417.2694109923124,1000
2024-09-16 10:42:09.716000,417.230170963558,97
2024-09-16 10:42:09.733000,417.2693502842504,997
2024-09-16 10:42:09.760000,417.2484418342932,8
2024-09-16 10:42:09.793000,417.2767457432993,6
2024-09-16 10:42:09.854000,417.2733546378989,13
2024-09-16 10:42:09.912000,417.23665226245936,999
2024-09-16 10:42:09.970000,417.262933928191,11
2024-09-16 10:42:09.974000,417.249046268236,1005
2024-09-16 10:42:10.041000,417.2272139995715,97
2024-09-16 10:42:10.069000,417.2331979734704,100
2024-09-16 10:42:10.206000,417.17852424366384,6
2024-09-16 10:42:10.206000,417.25303731297976,5
2024-09-16 10:42:10.216000,417.2504342475354,101
2024-09-16 10:42:10.251000,417.2412872821554,97
2024-09-16 10:42:10.281000,417.25420428810907,8
2024-09-16 10:42:10.308000,417.2060428700675,7
2024-09-16 10:42:10.402000,417.2262474199776,1000
2024-09-16 10:42:10.440000,417.2315818812673,95
2024-09-16 10:42:10.459000,417.1904877090943,999
2024-09-16 10:42:10.493000,417.25545168713,1004
2024-09-16 10:42:10.532000,417.25164821728856,1000
2024-09-16 10:42:10.534000,417.230226070299,104
2024-09-16 10:42:10.578000,417.2477483379503,5
2024-09-16 10:42:10.581000,417.2415206903132,15
2024-09-16 10:42:10.626000,417.2572191118727,13
2024-09-16 10:42:10.666000,417.2007044773029,1002
2024-09-16 10:42:10.682000,417.2190329130576,1005
2024-09-16 10:42:10.687000,417.2089122512781,1000
2024-09-16 10:42:10.744000,417.2781169480908,14
2024-09-16 10:42:10.762000,417.2419567463702,98
2024-09-16 10:42:10.765000,417.2112183838702,104
2024-09-16 10:42:10.792000,417.2154798939685,998
2024-09-16 10:42:10.826000,417.2343737765418,100
2024-09-16 10:42:10.828000,417.20888030541664,100
2024-09-16 10:42:10.886000,417.2212962899976,7
2024-09-16 10:42:10.893000,417.19860967021833,101
2024-09-16 10:42:10.957000,417.1887113355868,8
2024-09-16 10:42:11.020000,417.21517443720313,14
2024-09-16 10:42:11.034000,417.2249668023654,12
2024-09-16 10:42:11.073000,417.2054593742861,1004
2024-09-16 10:42:11.119000,417.1789133087281,97
2024-09-16 10:42:11.141000,417.2132129615273,12
2024-09-16 10:42:11.180000,417.2069795082901,1003
2024-09-16 10:42:11.183000,417.1760317970432,1003
2024-09-16 10:42:11.256000,417.1655839801558,97
2024-09-16 10:42:11.260000,417.19894525239295,95
2024-09-16 10:42:11.281000,417.2162542109239,8
2024-09-16 10:42:11.313000,417.1714104044116,101
2024-09-16 10:42:11.338000,417.21975500324027,998
2024-09-16 10:42:11.410000,417.1620882075463,11
2024-09-16 10:42:11.432000,417.1560840961271,997
2024-09-16 10:42:11.455000,417.19025141466193,7
2024-09-16 10:42:11.460000,417.177188895896,1000
2024-09-16 10:42:11.476000,417.2321135217495,10
2024-09-16 10:42:11.529000,417.2341172045339,11
2024-09-16 10:42:11.592000,417.1711597335497,9
2024-09-16 10:42:11.603000,417.2067407410676,1000
2024-09-16 10:42:11.623000,417.1553013275968,1005
2024-09-16 10:42:11.633000,417.2192485281973,99
2024-09-16 10:42:11.664000,417.2284014471899,6
2024-09-16 10:42:11.679000,417.1547039500091,8
2024-09-16 10:42:11.753000,417.2201963035578,102
2024-09-16 10:42:11.787000,417.20434026964006,95
2024-09-16 10:42:11.858000,417.22832043879714,13
2024-09-16 10:42:11.909000,417.1789186431192,1000
2024-09-16 10:42:12.002000,417.2315616988297,996
2024-09-16 10:42:12.071000,417.24964616478735,99
2024-09-16 10:42:12.125000,417.2231068094817,14
2024-09-16 10:42:12.132000,417.2200753904413,999
2024-09-16 10:42:12.155000,417.2375579617781,8
2024-09-16 10:42:12.163000,417.2437791611342,1004
2024-09-16 10:42:12.168000,417.2524504050742,996
2024-09-16 10:42:12.224000,417.2486827505528,96
2024-09-16 10:42:12.256000,417.2407109687452,6
2024-09-16 10:42:12.304000,417.2577527503768,8
2024-09-16 10:42:12.343000,417.2464044988705,1003
2024-09-16 10:42:12.357000,417.27449834814496,8
2024-09-16 10:42:12.374000,417.2390206980294,103
2024-09-16 10:42:12.391000,417.2343247302629,99
2024-09-16 10:42:12.519000,417.23863920605606,1003
2024-09-16 10:42:12.584000,417.2250526343557,97
2024-09-16 10:42:12.658000,417.2481951954642,12
2024-09-16 10:42:12.724000,417.2730838140312,6
2024-09-16 10:42:12.728000,417.246198008743,13
2024-09-16 10:42:12.773000,417.2473416768454,1004
2024-09-16 10:42:12.861000,417.2235800988454,9
2024-09-16 10:42:12.984000,417.2377482460748,996
2024-09-16 10:42:13.064000,417.22636266793467,1004
2024-09-16 10:42:13.091000,417.2258368877898,996
2024-09-16 10:42:13.130000,417.1995144511286,102
2024-09-16 10:42:13.197000,417.2344385922272,105
2024-09-16 10:42:13.272000,417.1990417855067,6
2024-09-16 10:42:13.276000,417.18444966063936,104
2024-09-16 10:42:13.293000,417.2003018871558,104
2024-09-16 10:42:13.294000,417.22261029878297,996
2024-09-16 10:42:13.324000,417.2149516395466,99
2024-09-16 10:42:13.348000,417.187819104948,8
2024-09-16 10:42:13.527000,417.23644379976935,96
2024-09-16 10:42:13.829000,417.18037031805335,996
2024-09-16 10:42:13.841000,417.2352401740254,13
2024-09-16 10:42:13.926000,417.1838549578795,998
2024-09-16 10:42:14.135000,417.2712915705641,100
2024-09-16 10:42:14.209000,417.2692683573959,98
2024-09-16 10:42:14.221000,417.2699597683136,14
2024-09-16 10:42:14.258000,417.2361220330105,104
2024-09-16 10:42:14.259000,417.2578639744468,1002
2024-09-16 10:42:14.284000,417.2695847052097,1001
2024-09-16 10:42:14.331000,417.257330804491,1003
2024-09-16 10:42:14.344000,417.2592026015962,101
2024-09-16 10:42:14.347000,417.2453180617132,1001
2024-09-16 10:42:14.371000,417.2320220324789,995
2024-09-16 10:42:14.388000,417.25950143167273,105
2024-09-16 10:42:14.433000,417.2836380311704,97
2024-09-16 10:42:14.456000,417.2911639785239,1000
2024-09-16 10:42:14.465000,417.2670781675217,995
2024-09-16 10:42:14.570000,417.2470659030519,14
2024-09-16 10:42:14.595000,417.2491622656405,95
2024-09-16 10:42:14.655000,417.2587376865232,997
2024-09-16 10:42:14.657000,417.2641508045856,99
2024-09-16 10:42:14.704000,417.2602757381701,1002
2024-09-16 10:42:14.714000,417.2726947060064,104
2024-09-16 10:42:14.740000,417.2760366806149,1001
2024-09-16 10:42:14.800000,417.2459125243556,1002
2024-09-16 10:42:14.837000,417.274282797297,999
2024-09-16 10:42:14.849000,417.262758754826,11
2024-09-16 10:42:14.913000,417.2717660816285,996
2024-09-16 10:42:14.946000,417.2781100321778,103
2024-09-16 10:42:14.987000,417.2485172657725,96
2024-09-16 10:42:15.116000,417.3189130068984,8
2024-09-16 10:42:15.133000,417.25149442790433,996
2024-09-16 10:42:15.154000,417.2643777341014,10
2024-09-16 10:42:15.186000,417.2993224049823,1002
2024-09-16 10:42:15.188000,417.3257934033382,98
2024-09-16 10:42:15.192000,417.30218763060606,15
2024-09-16 10:42:15.226000,417.307989001649,1005
2024-09-16 10:42:15.239000,417.2598216052782,95
2024-09-16 10:42:15.263000,417.3079643517926,11
2024-09-16 10:42:15.266000,417.28912372325823,97
2024-09-16 10:42:15.306000,417.3338407870061,1000
2024-09-16 10:42:15.421000,417.2842396018884,11
2024-09-16 10:42:15.466000,417.26470684475066,10
2024-09-16 10:42:15.497000,417.3265487039589,102
2024-09-16 10:42:15.532000,417.3057717773767,996
2024-09-16 10:42:15.578000,417.3421749617249,995
2024-09-16 10:42:15.592000,417.3228900991381,105
2024-09-16 10:42:15.632000,417.2858030662511,13
2024-09-16 10:42:15.654000,417.3329698012895,1000
2024-09-16 10:42:15.657000,417.2586166419872,97
2024-09-16 10:42:15.705000,417.2436590025237,7
2024-09-16 10:42:15.732000,417.2778255126629,1001
2024-09-16 10:42:15.756000,417.3350828857273,997
2024-09-16 10:42:15.761000,417.2467939262036,100
2024-09-16 10:42:15.821000,417.29483055341086,101
2024-09-16 10:42:15.859000,417.32077805416105,15
2024-09-16 10:42:15.866000,417.2589122275709,11
2024-09-16 10:42:15.893000,417.3343448618927,997
2024-09-16 10:42:15.995000,417.3223295759418,100
2024-09-16 10:42:16.076000,417.3653721041501,99
2024-09-16 10:42:16.144000,417.3436760878689,1004
2024-09-16 10:42:16.154000,417.3551973126904,10
2024-09-16 10:42:16.205000,417.33339415818335,998
2024-09-16 10:42:16.294000,417.3371961235813,10
2024-09-16 10:42:16.354000,417.3608462644213,97
2024-09-16 10:42:16.365000,417.3589630722916,995
2024-09-16 10:42:16.422000,417.3420116804553,997
2024-09-16 10:42:16.424000,417.3321348162967,1004
2024-09-16 10:42:16.453000,417.3479426653718,13
2024-09-16 10:42:16.531000,417.3184840866958,1003
2024-09-16 10:42:16.629000,417.3539232250166,997
2024-09-16 10:42:16.674000,417.3560515922568,15
2024-09-16 10:42:16.759000,417.34347134578906,1003
2024-09-16 10:42:16.879000,417.3308180680481,1000
2024-09-16 10:42:17.156000,417.3366104887211,8
2024-09-16 10:42:17.158000,417.3288665649155,996
2024-09-16 10:42:17.259000,417.3246009621225,104
2024-09-16 10:42:17.336000,417.34479941801976,996
2024-09-16 10:42:17.428000,417.3201523487526,95
2024-09-16 10:42:17.451000,417.3293985637492,1001
2024-09-16 10:42:17.609000,417.3370618746952,105
2024-09-16 10:42:17.660000,417.3487248931303,1002
2024-09-16 10:42:17.710000,417.3375916332809,96
2024-09-16 10:42:17.770000,417.3478339460716,1003
2024-09-16 10:42:17.799000,417.3399731973853,1005
2024-09-16 10:42:17.870000,417.34264926262335,999
2024-09-16 10:42:17.927000,417.33117137277895,1003
2024-09-16 10:42:18.033000,417.32422676175565,1003
2024-09-16 10:42:18.099000,417.37103714690585,105
2024-09-16 10:42:18.205000,417.3276101344677,100
2024-09-16 10:42:18.213000,417.35630088635617,102
2024-09-16 10:42:18.267000,417.37368086402057,1003
2024-09-16 10:42:18.278000,417.3143282269531,12
2024-09-16 10:42:18.291000,417.3189231617847,1004
2024-09-16 10:42:18.326000,417.33364674780535,15
2024-09-16 10:42:18.355000,417.3592673804199,11
2024-09-16 10:42:18.371000,417.340558914516,96
2024-09-16 10:42:18.431000,417.3516340311215,100
2024-09-16 10:42:18.522000,417.3178436505543,14
2024-09-16 10:42:18.532000,417.326461236397,95
2024-09-16 10:42:18.555000,417.33762609992414,15
2024-09-16 10:42:18.591000,417.3323358560934,13
2024-09-16 10:42:18.599000,417.33807525751246,998
2024-09-16 10:42:18.633000,417.3591078725695,1001
2024-09-16 10:42:18.673000,417.3381474492878,95
2024-09-16 10:42:18.708000,417.3648753620601,7
2024-09-16 10:42:18.716000,417.3164043243808,102
2024-09-16 10:42:18.745000,417.36570699258607,14
2024-09-16 10:42:18.774000,417.3388772881042,100
2024-09-16 10:42:18.795000,417.3557331354533,103
2024-09-16 10:42:18.798000,417.37867144730376,6
2024-09-16 10:42:18.818000,417.3522334399862,13
2024-09-16 10:42:18.880000,417.3446318381726,100
2024-09-16 10:42:18.923000,417.3473492904026,6
2024-09-16 10:42:18.945000,417.33730626691766,12
2024-09-16 10:42:18.947000,417.3280430425543,105
2024-09-16 10:42:19.130000,417.2996835689355,996
2024-09-16 10:42:19.157000,417.3307154468597,10
2024-09-16 10:42:19.169000,417.28518652116793,997
2024-09-16 10:42:19.293000,417.2858941155891,98
2024-09-16 10:42:19.334000,417.2889087127698,996
2024-09-16 10:42:19.368000,417.3090955964064,5
2024-09-16 10:42:19.477000,417.2889434534341,997
2024-09-16 10:42:19.556000,417.2853018990576,8
2024-09-16 10:42:19.696000,417.3004176423786,97
2024-09-16 10:42:19.813000,417.29240232884825,1001
2024-09-16 10:42:20.254000,417.32284781371175,11
2024-09-16 10:42:20.762000,417.3256230681626,97
2024-09-16 10:42:21.208000,417.29949054964993,95
2024-09-16 10:42:21.228000,417.3405512634798,1003
2024-09-16 10:42:21.307000,417.32599859372,8
2024-09-16 10:42:21.602000,417.3033593155141,98
2024-09-16 10:42:21.608000,417.3079586460948,998
2024-09-16 10:42:21.672000,417.3140982928312,99
2024-09-16 10:42:21.815000,417.3154025457412,6
2024-09-16 10:42:21.821000,417.3003832472724,999
2024-09-16 10:42:21.851000,417.3101348129362,995
2024-09-16 10:42:21.996000,417.3260835406344,5
2024-09-16 10:42:22.147000,417.3039130693195,997
2024-09-16 10:42:22.209000,417.3317635695052,103
2024-09-16 10:42:22.210000,417.336182226266,103
2024-09-16 10:42:22.229000,417.3343632873882,1003
2024-09-16 10:42:22.260000,417.3131139600015,14
2024-09-16 10:42:22.362000,417.3446716053024,105
2024-09-16 10:42:22.400000,417.334238927877,1005
2024-09-16 10:42:22.511000,417.3208466868436,997
2024-09-16 10:42:22.609000,417.3147510348432,103
2024-09-16 10:42:22.639000,417.3373750182165,1001
2024-09-16 10:42:22.982000,417.3382857093435,15
2024-09-16 10:42:22.990000,417.3138399509061,1000
2024-09-16 10:42:22.996000,417.2902764891581,97
2024-09-16 10:42:23.178000,417.3832962766391,6
2024-09-16 10:42:23.248000,417.3817892574533,98
2024-09-16 10:42:23.384000,417.4214793858668,1003
2024-09-16 10:42:23.513000,417.37024311054313,999
2024-09-16 10:42:23.555000,417.3945460971177,103
2024-09-16 10:42:23.587000,417.3833490673306,96
2024-09-16 10:42:23.588000,417.3945340543647,101
2024-09-16 10:42:23.653000,417.41617393801744,997
2024-09-16 10:42:23.789000,417.3922243385479,997
2024-09-16 10:42:23.815000,417.3725452113724,100
2024-09-16 10:42:23.871000,417.40008732907006,1005
2024-09-16 10:42:23.878000,417.36670299860015,13
2024-09-16 10:42:23.891000,417.38960219587926,1002
2024-09-16 10:42:23.919000,417.3941176653127,12
2024-09-16 10:42:23.998000,417.3982426863956,99
2024-09-16 10:42:24.038000,417.3738086179922,1002
2024-09-16 10:42:24.107000,417.36317812213423,6
2024-09-16 10:42:24.163000,417.3839839588726,1002
2024-09-16 10:42:24.313000,417.3730294662144,1000
2024-09-16 10:42:24.319000,417.3553933678624,95
2024-09-16 10:42:24.322000,417.3790693576332,105
2024-09-16 10:42:24.397000,417.35999916776296,10
2024-09-16 10:42:24.420000,417.3551826737374,7
2024-09-16 10:42:24.483000,417.36202524714406,5
2024-09-16 10:42:24.537000,417.3583826968059,1005
2024-09-16 10:42:24.710000,417.4005115671221,9
2024-09-16 10:42:24.716000,417.3858554808442,998
2024-09-16 10:42:24.733000,417.389161114903,105
2024-09-16 10:42:24.760000,417.4031542275538,13
2024-09-16 10:42:24.763000,417.3923204481248,10
2024-09-16 10:42:24.807000,417.3898062460949,97
2024-09-16 10:42:24.833000,417.3908639280643,997
2024-09-16 10:42:24.878000,417.3728479104191,6
2024-09-16 10:42:24.935000,417.3741942669737,96
2024-09-16 10:42:25.020000,417.255049899038,105
2024-09-16 10:42:25.035000,417.3416714466605,9
2024-09-16 10:42:25.112000,417.3177401488647,103
2024-09-16 10:42:25.119000,417.248401382189,8
2024-09-16 10:42:25.206000,417.2557373068752,102
2024-09-16 10:42:25.224000,417.3553115277648,105
2024-09-16 10:42:25.248000,417.3415997991309,104
2024-09-16 10:42:25.253000,417.2763223501801,99
2024-09-16 10:42:25.386000,417.2689914207326,103
2024-09-16 10:42:25.391000,417.3700023780007,100
2024-09-16 10:42:25.421000,417.2478448096613,105
2024-09-16 10:42:25.442000,417.3059514512827,99
2024-09-16 10:42:25.462000,417.364862456418,5
2024-09-16 10:42:25.470000,417.26082130132136,1002
2024-09-16 10:42:25.483000,417.2847831189201,1001
2024-09-16 10:42:25.516000,417.3528639059256,12
2024-09-16 10:42:25.561000,417.2720782821952,997
2024-09-16 10:42:25.603000,417.3694902232539,14
2024-09-16 10:42:25.632000,417.2905329436518,103
2024-09-16 10:42:25.643000,417.2530308118624,1000
2024-09-16 10:42:25.692000,417.2514719299552,8
2024-09-16 10:42:25.735000,417.2617159850188,999
2024-09-16 10:42:25.748000,417.2586203669785,99
2024-09-16 10:42:25.774000,417.369609193542,14
2024-09-16 10:42:25.917000,417.2949895797515,13
2024-09-16 10:42:25.917000,417.2757883656175,98
2024-09-16 10:42:25.938000,417.3429708786881,9
2024-09-16 10:42:25.980000,417.2576885137013,1003
2024-09-16 10:42:26.019000,417.2669151419586,6
2024-09-16 10:42:26.092000,417.2502074718005,99
2024-09-16 10:42:26.183000,417.25148651475615,95
2024-09-16 10:42:26.195000,417.2659087721033,1004
2024-09-16 10:42:26.211000,417.2631844759114,7
2024-09-16 10:42:26.221000,417.2558373837047,97
2024-09-16 10:42:26.292000,417.2522591089251,1005
2024-09-16 10:42:26.308000,417.29911619815937,1002
2024-09-16 10:42:26.319000,417.2918187257672,96
2024-09-16 10:42:26.372000,417.2975166508009,15
2024-09-16 10:42:26.428000,417.2926333769954,104
2024-09-16 10:42:26.441000,417.2611520062613,12
2024-09-16 10:42:26.516000,417.2558751546111,1005
2024-09-16 10:42:26.734000,417.30037942006334,996
2024-09-16 10:42:26.760000,417.2869766305613,100
2024-09-16 10:42:26.761000,417.3038670986702,1004
2024-09-16 10:42:26.792000,417.2904765344061,10
2024-09-16 10:42:26.968000,417.2585241210662,6
2024-09-16 10:42:27.544000,417.2603386751911,100
2024-09-16 10:42:27.785000,417.23669452431767,6
2024-09-16 10:42:27.888000,417.25341737598495,102
2024-09-16 10:42:28.039000,417.183854294846,998
2024-09-16 10:42:28.100000,417.2139425984696,10
2024-09-16 10:42:28.107000,417.2223824535503,1000
2024-09-16 10:42:28.251000,417.19328816559306,15
2024-09-16 10:42:28.431000,417.20876732871886,102
2024-09-16 10:42:28.449000,417.22653509211307,9
2024-09-16 10:42:28.489000,417.23741910216216,97
2024-09-16 10:42:28.604000,417.2167614812175,102
2024-09-16 10:42:28.604000,417.21823262528784,1004
2024-09-16 10:42:28.686000,417.2291699457722,101
2024-09-16 10:42:28.752000,417.2111508006182,104
2024-09-16 10:42:28.779000,417.2320795082353,7
2024-09-16 10:42:28.790000,417.1867852808932,996
2024-09-16 10:42:28.807000,417.196889508616,7
2024-09-16 10:42:28.928000,417.21897722760616,13
2024-09-16 10:42:29.046000,417.14225802865855,9
2024-09-16 10:42:29.071000,417.2157500332598,1000
2024-09-16 10:42:29.082000,417.14174752269406,103
2024-09-16 10:42:29.150000,417.24316289268165,1005
2024-09-16 10:42:29.181000,417.1913563488911,97
2024-09-16 10:42:29.208000,417.2096551993845,9
2024-09-16 10:42:29.324000,417.2053639241042,12
2024-09-16 10:42:29.419000,417.2314515817453,1003
2024-09-16 10:42:29.449000,417.1724300299791,101
2024-09-16 10:42:29.520000,417.1904840630288,995
2024-09-16 10:42:29.628000,417.2018888285502,105
2024-09-16 10:42:29.632000,417.2080758632416,15
2024-09-16 10:42:29.798000,417.23702925673217,102
2024-09-16 10:42:29.804000,417.1636700792477,105
2024-09-16 10:42:29.900000,417.22114190900544,6
2024-09-16 10:42:29.913000,417.1622311090353,105
2024-09-16 10:42:30.130000,417.2414537939547,996
2024-09-16 10:42:30.194000,417.24631858122734,996
2024-09-16 10:42:30.457000,417.23569599567423,1000
2024-09-16 10:42:30.839000,417.2173562195615,13
2024-09-16 10:42:31.858000,417.24325558648974,97
2024-09-16 10:42:32.037000,417.2171356891965,7
2024-09-16 10:42:32.583000,417.2393556944977,11
2024-09-16 10:42:32.611000,417.2221928922807,98
2024-09-16 10:42:32.654000,417.269364982577,98
2024-09-16 10:42:32.666000,417.2398261777512,96
2024-09-16 10:42:32.688000,417.246222035444,8
2024-09-16 10:42:32.731000,417.2260732038861,8
2024-09-16 10:42:32.783000,417.24946848578094,100
2024-09-16 10:42:32.974000,417.2256298418061,999
2024-09-16 10:42:34.002000,417.2352679765947,12
2024-09-16 10:42:34.063000,417.2236783153017,10
2024-09-16 10:42:34.069000,417.223700527948,1002
2024-09-16 10:42:34.114000,417.23608128148857,100
2024-09-16 10:42:34.134000,417.2496703269056,1000
2024-09-16 10:42:34.158000,417.24451343313154,1000
2024-09-16 10:42:34.182000,417.2099407098285,12
2024-09-16 10:42:34.196000,417.2428432366803,12
2024-09-16 10:42:34.209000,417.22295087162144,100
2024-09-16 10:42:34.280000,417.21116208408114,15
2024-09-16 10:42:34.320000,417.21088452541073,102
2024-09-16 10:42:34.407000,417.2260954000348,97
2024-09-16 10:42:34.443000,417.2522226100592,10
2024-09-16 10:42:34.476000,417.2079289856668,6
2024-09-16 10:42:34.551000,417.2296128442484,997
2024-09-16 10:42:34.644000,417.2071724197283,1001
2024-09-16 10:42:34.691000,417.22066947716667,997
2024-09-16 10:42:34.895000,417.2493095122487,10
2024-09-16 10:42:34.955000,417.2086486283088,995
2024-09-16 10:42:34.956000,417.2338296986085,95
2024-09-16 10:42:35.034000,417.27791708560096,97
2024-09-16 10:42:35.043000,417.2738613932528,6
2024-09-16 10:42:35.073000,417.2782231713105,1003
2024-09-16 10:42:35.195000,417.29310154453736,7
2024-09-16 10:42:35.208000,417.2628526229496,1005
2024-09-16 10:42:35.288000,417.24887408579934,7
2024-09-16 10:42:35.295000,417.2741673844152,100
2024-09-16 10:42:35.349000,417.29329470182745,999
2024-09-16 10:42:35.352000,417.2948752043343,102
2024-09-16 10:42:35.457000,417.27863848669256,9
2024-09-16 10:42:35.494000,417.2891306954156,14
2024-09-16 10:42:35.494000,417.2441854843047,1002
2024-09-16 10:42:35.510000,417.27708607803146,996
2024-09-16 10:42:35.546000,417.27867764593935,10
2024-09-16 10:42:35.570000,417.2557172121179,15
2024-09-16 10:42:35.582000,417.3120184277669,6
2024-09-16 10:42:35.659000,417.2696873211793,95
2024-09-16 10:42:35.673000,417.2775843814511,102
2024-09-16 10:42:35.716000,417.2827540375807,1000
2024-09-16 10:42:35.727000,417.272001100245,105
2024-09-16 10:42:35.740000,417.2796124837768,996
2024-09-16 10:42:35.750000,417.2653707446777,10
2024-09-16 10:42:35.766000,417.2903104886608,14
2024-09-16 10:42:35.789000,417.2927740693096,96
2024-09-16 10:42:35.902000,417.302871292161,6
2024-09-16 10:42:35.924000,417.23990079181175,9
2024-09-16 10:42:35.936000,417.273956382671,1002
2024-09-16 10:42:35.951000,417.2413229499624,98
2024-09-16 10:42:36.073000,417.2966636256188,1001
2024-09-16 10:42:36.283000,417.3007324228055,5
2024-09-16 10:42:36.400000,417.30688669861706,13
2024-09-16 10:42:36.524000,417.2959885888606,997
2024-09-16 10:42:36.534000,417.306590955492,5
2024-09-16 10:42:36.686000,417.3017789315346,11
2024-09-16 10:42:36.989000,417.3004558209098,7
2024-09-16 10:42:37.037000,417.28390192671617,98
2024-09-16 10:42:37.082000,417.3424201229308,13
2024-09-16 10:42:37.172000,417.28891941939736,10
2024-09-16 10:42:37.226000,417.29324024670535,104
2024-09-16 10:42:37.255000,417.301552195024,6
2024-09-16 10:42:37.268000,417.2857034839175,6
2024-09-16 10:42:37.337000,417.33656845956193,95
2024-09-16 10:42:37.409000,417.32145403459816,1004
2024-09-16 10:42:37.432000,417.346528823205,97
2024-09-16 10:42:37.533000,417.3106747821659,6
2024-09-16 10:42:37.561000,417.2748558344822,997
2024-09-16 10:42:37.595000,417.309696252055,998
2024-09-16 10:42:37.637000,417.34126185137393,15
2024-09-16 10:42:37.667000,417.33371252317227,12
2024-09-16 10:42:37.670000,417.2821013979903,99
2024-09-16 10:42:37.686000,417.3101361202436,14
2024-09-16 10:42:37.688000,417.3213205669241,995
2024-09-16 10:42:37.734000,417.3369052002776,999
2024-09-16 10:42:37.763000,417.28343990520784,1000
2024-09-16 10:42:37.774000,417.3462116343529,1001
2024-09-16 10:42:37.786000,417.34200639947727,7
2024-09-16 10:42:37.792000,417.2968349978143,995
2024-09-16 10:42:37.796000,417.3176019604623,9
2024-09-16 10:42:37.802000,417.3329215042178,11
2024-09-16 10:42:37.833000,417.2949961597399,1001
2024-09-16 10:42:37.901000,417.3377157941973,997
2024-09-16 10:42:37.935000,417.3132959871147,1003
2024-09-16 10:42:37.991000,417.29679846675776,5
2024-09-16 10:42:38.127000,417.393349837509,14
2024-09-16 10:42:38.269000,417.37781690133954,102
2024-09-16 10:42:38.354000,417.38222333285887,10
2024-09-16 10:42:38.483000,417.4176110986512,13
2024-09-16 10:42:38.583000,417.3899609412593,10
2024-09-16 10:42:38.594000,417.3521855536713,98
2024-09-16 10:42:38.647000,417.384879341105,101
2024-09-16 10:42:38.880000,417.4089228932978,97
2024-09-16 10:42:39.065000,417.4006627531235,11
2024-09-16 10:42:39.476000,417.3944553602032,12
2024-09-16 10:42:39.703000,417.397664030163,103
2024-09-16 10:42:40.270000,417.3993116068256,15
2024-09-16 10:42:41.002000,417.39555266819394,95
2024-09-16 10:42:41.241000,417.3874787396717,101
2024-09-16 10:42:41.266000,417.3876212971272,101
2024-09-16 10:42:41.351000,417.3964791358004,995
2024-09-16 10:42:41.455000,417.3921739849533,999
2024-09-16 10:42:41.516000,417.41895987473663,1004
2024-09-16 10:42:41.549000,417.38419047364806,15
2024-09-16 10:42:41.582000,417.4084455256393,101
2024-09-16 10:42:41.661000,417.4173041192249,100
2024-09-16 10:42:41.740000,417.391679240529,11
2024-09-16 10:42:41.761000,417.38870304861297,102
2024-09-16 10:42:41.806000,417.40730437391215,102
2024-09-16 10:42:41.857000,417.4007997733166,98
2024-09-16 10:42:41.873000,417.3866799994665,12
2024-09-16 10:42:41.902000,417.3715299981335,1004
2024-09-16 10:42:41.916000,417.4288361191551,96
2024-09-16 10:42:42.858000,417.4172226863093,97
2024-09-16 10:42:43.012000,417.4108192710756,996
2024-09-16 10:42:43.030000,417.3838786248663,995
2024-09-16 10:42:43.062000,417.3711499679121,5
2024-09-16 10:42:43.154000,417.4082629296255,999
2024-09-16 10:42:43.185000,417.383443357116,14
2024-09-16 10:42:43.207000,417.3794543822791,14
2024-09-16 10:42:43.312000,417.41205115040674,100
2024-09-16 10:42:43.320000,417.3769739723495,5
2024-09-16 10:42:43.385000,417.3798528811773,99
2024-09-16 10:42:43.401000,417.3846261336938,102
2024-09-16 10:42:43.416000,417.387234788863,998
2024-09-16 10:42:43.426000,417.3804954930099,9
2024-09-16 10:42:43.472000,417.3809392280618,14
2024-09-16 10:42:43.562000,417.3950717743976,10
2024-09-16 10:42:43.605000,417.3548624859884,995
2024-09-16 10:42:43.618000,417.3825475111114,10
2024-09-16 10:42:43.643000,417.4032238756879,7
2024-09-16 10:42:43.707000,417.3929069843595,11
2024-09-16 10:42:43.857000,417.3854293693162,101
2024-09-16 10:42:43.870000,417.3741441921932,996
2024-09-16 10:42:43.891000,417.3657471658133,13
2024-09-16 10:42:43.948000,417.3821814159876,6
2024-09-16 10:42:43.948000,417.38821044028975,96
2024-09-16 10:42:45.051000,417.3773735391064,98
2024-09-16 10:42:45.221000,417.39278986122986,12
2024-09-16 10:42:45.456000,417.3873352585316,1003
2024-09-16 10:42:45.639000,417.3977311302989,99
2024-09-16 10:42:45.958000,417.379101870124,101
2024-09-16 10:42:46.116000,417.36811089959855,103
2024-09-16 10:42:46.166000,417.4246959780506,102
2024-09-16 10:42:46.346000,417.412788962966,97
2024-09-16 10:42:46.392000,417.3979334703785,101
2024-09-16 10:42:46.463000,417.3834017784154,1000
2024-09-16 10:42:46.486000,417.3894914615048,104
2024-09-16 10:42:46.490000,417.379357099276,995
2024-09-16 10:42:46.518000,417.3820678455649,1002
2024-09-16 10:42:46.566000,417.3607438449688,99
2024-09-16 10:42:46.568000,417.3881124187298,1003
2024-09-16 10:42:46.646000,417.3771600969619,999
2024-09-16 10:42:46.978000,417.3890316718257,101
2024-09-16 10:42:47.015000,417.3083791636411,1002
2024-09-16 10:42:47.031000,417.270196832401,10
2024-09-16 10:42:47.070000,417.28794987395423,1005
2024-09-16 10:42:47.095000,417.2935892044948,9
2024-09-16 10:42:47.102000,417.3008129300461,99
2024-09-16 10:42:47.148000,417.2893564594972,8
2024-09-16 10:42:47.170000,417.27555477441234,102
2024-09-16 10:42:47.399000,417.3440534076065,998
2024-09-16 10:42:47.422000,417.2704593933541,5
2024-09-16 10:42:47.428000,417.2980397660514,1003
2024-09-16 10:42:47.462000,417.2964119536202,996
2024-09-16 10:42:47.478000,417.27126021437846,1004
2024-09-16 10:42:47.544000,417.3030646471723,13
2024-09-16 10:42:47.635000,417.2567000760495,1000
2024-09-16 10:42:47.668000,417.2916000422716,1001
2024-09-16 10:42:47.702000,417.3583168093196,103
2024-09-16 10:42:47.732000,417.3393265661719,9
2024-09-16 10:42:47.814000,417.34308644642914,9
2024-09-16 10:42:47.982000,417.28697289300897,1004
2024-09-16 10:42:47.999000,417.2816870922407,1002
2024-09-16 10:42:48.137000,417.295526124602,97
2024-09-16 10:42:48.140000,417.31269881761057,997
2024-09-16 10:42:48.313000,417.33206146600577,12
2024-09-16 10:42:48.413000,417.2916498847313,97
2024-09-16 10:42:48.415000,417.30765429398815,6
2024-09-16 10:42:48.453000,417.32015639887,95
2024-09-16 10:42:48.534000,417.3269022430232,11
2024-09-16 10:42:48.556000,417.3178602562416,104
2024-09-16 10:42:48.564000,417.3099865798774,996
2024-09-16 10:42:48.597000,417.3133399054768,14
2024-09-16 10:42:48.628000,417.31082280610514,96
2024-09-16 10:42:48.782000,417.2942207687976,995
2024-09-16 10:42:48.801000,417.3067134798561,8
2024-09-16 10:42:48.870000,417.3240986399998,5
2024-09-16 10:42:49.587000,417.3166901678206,103
2024-09-16 10:42:49.692000,417.3030217975741,1001
2024-09-16 10:42:49.846000,417.3007740638377,102
2024-09-16 10:42:49.869000,417.3036223795145,998
2024-09-16 10:42:49.926000,417.31929671602126,1000
2024-09-16 10:42:49.939000,417.30187691270726,15
2024-09-16 10:42:50.051000,417.3003487779879,96
2024-09-16 10:42:50.098000,417.3071658980468,1004
2024-09-16 10:42:50.235000,417.29625838767953,15
2024-09-16 10:42:50.288000,417.3065872142791,996
2024-09-16 10:42:50.408000,417.3190314680736,105
2024-09-16 10:42:50.448000,417.2853224004944,102
2024-09-16 10:42:50.568000,417.315872646887,101
2024-09-16 10:42:50.638000,417.2876241442746,997
2024-09-16 10:42:50.681000,417.32169251872034,104
2024-09-16 10:42:50.777000,417.3028653177756,1001
2024-09-16 10:42:50.889000,417.31724085946576,1003
2024-09-16 10:42:51.018000,417.32482046329307,97
2024-09-16 10:42:51.062000,417.30595451657786,104
2024-09-16 10:42:51.092000,417.3398914307954,7
2024-09-16 10:42:51.130000,417.3317343065406,5
2024-09-16 10:42:51.189000,417.3248134959063,11
2024-09-16 10:42:51.208000,417.2849687049434,1002
2024-09-16 10:42:51.257000,417.32527253267074,1000
2024-09-16 10:42:51.327000,417.3323841867469,15
2024-09-16 10:42:51.419000,417.291877579595,996
2024-09-16 10:42:51.539000,417.3313152611259,12
2024-09-16 10:42:51.619000,417.3195853424616,1000
2024-09-16 10:42:51.647000,417.3505717463715,12
2024-09-16 10:42:51.654000,417.3145805212561,999
2024-09-16 10:42:51.677000,417.3443409338248,97
2024-09-16 10:42:51.691000,417.3172692488544,102
2024-09-16 10:42:51.751000,417.32807330623206,999
2024-09-16 10:42:51.766000,417.2969695397081,95
2024-09-16 10:42:51.792000,417.3179995934053,995
2024-09-16 10:42:51.855000,417.3323474099118,15
2024-09-16 10:42:51.929000,417.29489095341046,5
2024-09-16 10:42:51.947000,417.32672902939294,995
2024-09-16 10:42:52.029000,417.3138724045251,1001
2024-09-16 10:42:52.097000,417.33011468849054,95
2024-09-16 10:42:52.116000,417.3234874747036,6
2024-09-16 10:42:52.147000,417.3337222315203,97
2024-09-16 10:42:52.227000,417.3058103618832,100
2024-09-16 10:42:52.252000,417.3030105698505,996
2024-09-16 10:42:52.466000,417.2985038632084,104
2024-09-16 10:42:52.612000,417.3084420559703,1001
2024-09-16 10:42:52.650000,417.32238793998766,15
2024-09-16 10:42:52.776000,417.3153620591391,998
2024-09-16 10:42:53.107000,417.3020980714756,104
2024-09-16 10:42:53.137000,417.2819020065112,105
2024-09-16 10:42:53.180000,417.2982696438069,15
2024-09-16 10:42:53.204000,417.2957430428766,96
2024-09-16 10:42:53.236000,417.2959708319582,13
2024-09-16 10:42:53.254000,417.293694464674,7
2024-09-16 10:42:53.321000,417.3079325058375,12
2024-09-16 10:42:53.381000,417.2891211453664,15
2024-09-16 10:42:53.438000,417.2865274655416,1002
2024-09-16 10:42:53.491000,417.2989000871802,998
2024-09-16 10:42:53.580000,417.3210367198007,996
2024-09-16 10:42:53.771000,417.334334651326,8
2024-09-16 10:42:53.835000,417.2881585319907,996
2024-09-16 10:42:54.011000,417.259519517658,99
2024-09-16 10:42:54.065000,417.2656570914568,10
2024-09-16 10:42:54.135000,417.2524698530781,1001
2024-09-16 10:42:54.220000,417.2386263195072,999
2024-09-16 10:42:54.366000,417.23939279253983,1004
2024-09-16 10:42:54.407000,417.24355795549775,11
2024-09-16 10:42:54.429000,417.2319375380299,103
2024-09-16 10:42:54.456000,417.2341199729663,103
2024-09-16 10:42:54.456000,417.2561808476867,996
2024-09-16 10:42:54.493000,417.2498876251449,102
2024-09-16 10:42:54.558000,417.2546402944747,7
2024-09-16 10:42:54.719000,417.2628755415039,11
2024-09-16 10:42:54.966000,417.24839562976535,14
2024-09-16 10:42:55.129000,417.2625883519051,1002
2024-09-16 10:42:55.143000,417.2500887653982,5
2024-09-16 10:42:55.351000,417.2510494635773,104
2024-09-16 10:42:55.472000,417.2764267381223,98
2024-09-16 10:42:55.544000,417.27089610582806,9
2024-09-16 10:42:55.590000,417.2647732241829,96
2024-09-16 10:42:55.733000,417.25487615444143,96
2024-09-16 10:42:55.761000,417.2659463179722,13
2024-09-16 10:42:55.838000,417.2636764877324,9
2024-09-16 10:42:55.851000,417.24845043930645,998
2024-09-16 10:42:55.904000,417.2506171253709,104
2024-09-16 10:42:55.924000,417.2717347754719,101
2024-09-16 10:42:55.995000,417.25504723230085,1000
2024-09-16 10:42:56.113000,417.1598814757864,1004
2024-09-16 10:42:56.182000,417.1527671389503,105
2024-09-16 10:42:56.392000,417.24434280514095,95
2024-09-16 10:42:56.619000,417.22642076832136,9
2024-09-16 10:42:56.686000,417.1611625146238,103
2024-09-16 10:42:56.927000,417.1540220926864,15
2024-09-16 10:42:56.931000,417.1837078610108,1003
2024-09-16 10:42:56.969000,417.2074771230643,1000
2024-09-16 10:42:57.013000,417.1309521222652,14
2024-09-16 10:42:57.047000,417.1035625058336,9
2024-09-16 10:42:57.141000,417.1697466798028,100
2024-09-16 10:42:57.142000,417.1095268973724,5
2024-09-16 10:42:57.168000,417.116185921932,9
2024-09-16 10:42:57.184000,417.07807118133184,996
2024-09-16 10:42:57.244000,417.10364570454817,13
2024-09-16 10:42:57.256000,417.1155105436503,103
2024-09-16 10:42:57.471000,417.10740192173233,99
2024-09-16 10:42:57.501000,417.09568276343606,95
2024-09-16 10:42:57.562000,417.10652112911527,1001
2024-09-16 10:42:57.587000,417.11707964525726,7
2024-09-16 10:42:57.631000,417.1446665277204,100
2024-09-16 10:42:57.665000,417.09725827708246,11
2024-09-16 10:42:57.674000,417.1485234779135,14
2024-09-16 10:42:57.697000,417.10654706014026,1002
2024-09-16 10:42:57.712000,417.1034134218466,13
2024-09-16 10:42:58.009000,417.0608136992656,997
2024-09-16 10:42:58.034000,417.06601491805696,7
2024-09-16 10:42:58.047000,417.0466384279328,996
2024-09-16 10:42:58.103000,417.1150328935085,996
2024-09-16 10:42:58.108000,417.1182365351127,1001
2024-09-16 10:42:58.144000,417.1268227239145,105
2024-09-16 10:42:58.198000,417.051625540602,5
2024-09-16 10:42:58.254000,417.0822903343473,999
2024-09-16 10:42:58.275000,417.0747976615588,5
2024-09-16 10:42:58.324000,417.0404123447493,104
2024-09-16 10:42:58.353000,417.05210634413015,15
2024-09-16 10:42:58.360000,417.0529357732914,101
2024-09-16 10:42:58.430000,417.1055988295132,97
2024-09-16 10:42:58.448000,417.0599831380848,1005
2024-09-16 10:42:58.464000,417.03888683539833,6
2024-09-16 10:42:58.591000,417.0982895710678,6
2024-09-16 10:42:58.622000,417.0957969357098,8
2024-09-16 10:42:58.631000,417.09720119736215,96
2024-09-16 10:42:58.649000,417.0551064224593,97
2024-09-16 10:42:58.747000,417.0731021239116,14
2024-09-16 10:42:58.777000,417.1103830180581,12
2024-09-16 10:42:58.895000,417.1279319868783,5
2024-09-16 10:42:58.903000,417.04729490496896,104
2024-09-16 10:42:58.905000,417.1157048764943,1003
2024-09-16 10:42:58.956000,417.0592283747449,102
2024-09-16 10:42:59.015000,417.07886025327326,1005
2024-09-16 10:42:59.019000,417.0816965875449,996
2024-09-16 10:42:59.028000,417.0807080599365,99
2024-09-16 10:42:59.028000,417.0715475585084,1005
2024-09-16 10:42:59.045000,417.08517403932274,95
2024-09-16 10:42:59.049000,417.0802691662263,1000
2024-09-16 10:42:59.097000,417.0875998638636,13
2024-09-16 10:42:59.236000,417.0579074747924,998
2024-09-16 10:42:59.238000,417.0878373161971,7
2024-09-16 10:42:59.335000,417.06625890829935,105
2024-09-16 10:42:59.343000,417.0724591925812,999
2024-09-16 10:42:59.400000,417.0633367301684,10
2024-09-16 10:42:59.423000,417.0540991444815,101
2024-09-16 10:42:59.483000,417.0539354353833,103
2024-09-16 10:42:59.512000,417.08685330177,101
2024-09-16 10:42:59.547000,417.0824391824369,100
2024-09-16 10:42:59.827000,417.06414891555016,12
2024-09-16 10:42:59.835000,417.0765019717637,14
2024-09-16 10:42:59.871000,417.0799427358976,12
