Timestamp,Price,Size
2024-09-20 15:15:00.049000,430.1890297045729,101
2024-09-20 15:15:00.153000,430.2289794387338,995
2024-09-20 15:15:00.238000,430.2117070738354,102
2024-09-20 15:15:00.546000,430.1916050423664,103
2024-09-20 15:15:00.658000,430.208327060102,7
2024-09-20 15:15:00.833000,430.2004290636575,11
2024-09-20 15:15:00.895000,430.19080397813593,105
2024-09-20 15:15:00.996000,430.2180866709096,1003
2024-09-20 15:15:01.062000,430.1651425078207,97
2024-09-20 15:15:01.176000,430.24099309629287,7
2024-09-20 15:15:01.219000,430.1804861148288,105
2024-09-20 15:15:01.247000,430.15004541778666,7
2024-09-20 15:15:01.254000,430.1555773255653,995
2024-09-20 15:15:01.264000,430.1653987411034,997
2024-09-20 15:15:01.269000,430.2446532874529,10
2024-09-20 15:15:01.275000,430.1379988721302,105
2024-09-20 15:15:01.301000,430.1822147583365,100
2024-09-20 15:15:01.385000,430.2483659445633,10
2024-09-20 15:15:01.409000,430.18681634835247,97
2024-09-20 15:15:01.444000,430.2476292687426,105
2024-09-20 15:15:01.517000,430.1851089499893,13
2024-09-20 15:15:01.605000,430.19866229131225,98
2024-09-20 15:15:01.625000,430.2312411053446,5
2024-09-20 15:15:01.659000,430.22263158033456,1003
2024-09-20 15:15:01.710000,430.1672265831626,1003
2024-09-20 15:15:01.798000,430.157055965622,11
2024-09-20 15:15:01.931000,430.2609499492775,102
2024-09-20 15:15:01.964000,430.22032477356873,996
2024-09-20 15:15:01.999000,430.23449058363553,10
2024-09-20 15:15:02.087000,430.2500371622036,103
2024-09-20 15:15:02.096000,430.28380745824927,12
2024-09-20 15:15:02.173000,430.2033084928512,1004
2024-09-20 15:15:02.262000,430.2464413261556,1001
2024-09-20 15:15:02.415000,430.2800605987534,97
2024-09-20 15:15:02.523000,430.21346949777217,6
2024-09-20 15:15:02.549000,430.2171910226014,102
2024-09-20 15:15:02.586000,430.2260063934401,102
2024-09-20 15:15:02.661000,430.2707779203605,1001
2024-09-20 15:15:02.672000,430.2375944446445,103
2024-09-20 15:15:02.691000,430.2909897311425,1004
2024-09-20 15:15:02.692000,430.2202854278733,995
2024-09-20 15:15:02.694000,430.21577936238526,1001
2024-09-20 15:15:02.725000,430.2743584270876,10
2024-09-20 15:15:02.748000,430.2665999099953,104
2024-09-20 15:15:02.748000,430.22207200569466,99
2024-09-20 15:15:02.757000,430.2222136166425,8
2024-09-20 15:15:02.804000,430.2026185750444,1001
2024-09-20 15:15:02.831000,430.2874979691652,1001
2024-09-20 15:15:02.901000,430.213789806719,99
2024-09-20 15:15:02.925000,430.2284078941367,995
2024-09-20 15:15:02.928000,430.22706050365184,11
2024-09-20 15:15:02.936000,430.2314365255051,1000
2024-09-20 15:15:02.986000,430.2582516951183,8
2024-09-20 15:15:03.513000,430.2414509627984,1003
2024-09-20 15:15:03.753000,430.2739869277689,11
2024-09-20 15:15:03.952000,430.26793807865823,995
2024-09-20 15:15:04.019000,430.2735504212772,98
2024-09-20 15:15:04.430000,430.276022411416,14
2024-09-20 15:15:04.530000,430.2690594973601,15
2024-09-20 15:15:04.571000,430.2677547444314,96
2024-09-20 15:15:05.030000,430.3178290655785,9
2024-09-20 15:15:05.042000,430.330172957849,8
2024-09-20 15:15:05.046000,430.3032231856632,14
2024-09-20 15:15:05.061000,430.28539776547575,103
2024-09-20 15:15:05.106000,430.2966913345281,12
2024-09-20 15:15:05.168000,430.3104113548928,995
2024-09-20 15:15:05.282000,430.3128759900808,96
2024-09-20 15:15:05.323000,430.2840239995125,6
2024-09-20 15:15:05.326000,430.3140475288233,11
2024-09-20 15:15:05.365000,430.31450542849336,1001
2024-09-20 15:15:05.414000,430.3048141303684,102
2024-09-20 15:15:05.437000,430.2971617030742,8
2024-09-20 15:15:05.519000,430.2769153127568,998
2024-09-20 15:15:05.528000,430.29950365979465,14
2024-09-20 15:15:05.581000,430.3094310992644,15
2024-09-20 15:15:05.682000,430.3131324123033,96
2024-09-20 15:15:05.702000,430.2871980062268,1002
2024-09-20 15:15:05.882000,430.2963802928052,105
2024-09-20 15:15:05.959000,430.2937175039669,1002
2024-09-20 15:15:05.984000,430.2939135784238,1002
2024-09-20 15:15:06.135000,430.3413700625484,97
2024-09-20 15:15:06.263000,430.3211789101345,98
2024-09-20 15:15:06.479000,430.33130204793855,1002
2024-09-20 15:15:06.525000,430.2999116017757,12
2024-09-20 15:15:06.600000,430.2901571744777,99
2024-09-20 15:15:06.620000,430.34866288382943,104
2024-09-20 15:15:06.670000,430.2684392467596,6
2024-09-20 15:15:06.718000,430.2945559567754,99
2024-09-20 15:15:06.723000,430.2998998901479,997
2024-09-20 15:15:06.768000,430.3394188910636,12
2024-09-20 15:15:06.808000,430.3371160582461,5
2024-09-20 15:15:06.813000,430.3012598666646,1005
2024-09-20 15:15:06.950000,430.2949637939358,8
2024-09-20 15:15:08.066000,430.2788823607502,998
2024-09-20 15:15:08.140000,430.2403315087136,98
2024-09-20 15:15:08.341000,430.2896429099964,1001
2024-09-20 15:15:08.360000,430.2444053113868,98
2024-09-20 15:15:08.377000,430.2431619294042,95
2024-09-20 15:15:08.387000,430.2788116464648,11
2024-09-20 15:15:08.426000,430.2372554326025,999
2024-09-20 15:15:08.446000,430.2991059116013,98
2024-09-20 15:15:08.448000,430.2690292213677,11
2024-09-20 15:15:08.530000,430.2521813659223,100
2024-09-20 15:15:08.650000,430.2462438980933,14
2024-09-20 15:15:08.681000,430.23216676968127,101
2024-09-20 15:15:08.683000,430.2418576751456,999
2024-09-20 15:15:08.822000,430.2714619430466,8
2024-09-20 15:15:08.859000,430.2520487073521,8
2024-09-20 15:15:08.872000,430.2607108421332,10
2024-09-20 15:15:08.918000,430.2613880077487,1004
2024-09-20 15:15:09.004000,430.1580791168242,1005
2024-09-20 15:15:09.067000,430.1814586824416,13
2024-09-20 15:15:09.078000,430.1847754501253,1002
2024-09-20 15:15:09.160000,430.2175728953814,1003
2024-09-20 15:15:09.164000,430.1635826304026,104
2024-09-20 15:15:09.270000,430.22037275141247,100
2024-09-20 15:15:09.316000,430.161468945453,9
2024-09-20 15:15:09.399000,430.17603525302457,9
2024-09-20 15:15:09.489000,430.2027007345543,100
2024-09-20 15:15:09.493000,430.15234876081695,15
2024-09-20 15:15:09.531000,430.1934770364828,6
2024-09-20 15:15:09.813000,430.1419687744428,99
2024-09-20 15:15:09.851000,430.22156654694174,1002
2024-09-20 15:15:09.961000,430.2230433718549,105
2024-09-20 15:15:09.979000,430.1653252226898,998
2024-09-20 15:15:09.991000,430.1564679411511,8
2024-09-20 15:15:10.025000,430.12046236775655,101
2024-09-20 15:15:10.096000,430.1143549714071,95
2024-09-20 15:15:10.096000,430.1246614246929,97
2024-09-20 15:15:10.138000,430.1237303930899,97
2024-09-20 15:15:10.162000,430.0957479821604,1000
2024-09-20 15:15:10.186000,430.0864322502844,103
2024-09-20 15:15:10.251000,430.1231235106132,14
2024-09-20 15:15:10.319000,430.10306183016826,101
2024-09-20 15:15:10.372000,430.1001091663341,104
2024-09-20 15:15:10.407000,430.14925754321433,14
2024-09-20 15:15:10.428000,430.0844126178093,96
2024-09-20 15:15:10.449000,430.11178579780267,12
2024-09-20 15:15:10.465000,430.1129492686613,998
2024-09-20 15:15:10.468000,430.1141685577194,7
2024-09-20 15:15:10.470000,430.1047488179818,13
2024-09-20 15:15:10.555000,430.1282962312152,10
2024-09-20 15:15:10.640000,430.1119904374656,11
2024-09-20 15:15:10.650000,430.131760983592,11
2024-09-20 15:15:10.663000,430.1052492024559,9
2024-09-20 15:15:10.667000,430.1056251416162,102
2024-09-20 15:15:10.704000,430.1174537638732,6
2024-09-20 15:15:10.744000,430.1038672920824,9
2024-09-20 15:15:10.787000,430.1307717957314,101
2024-09-20 15:15:10.808000,430.1074401644513,8
2024-09-20 15:15:10.899000,430.12982908176986,995
2024-09-20 15:15:10.938000,430.12792678264327,97
2024-09-20 15:15:10.947000,430.1230502699997,996
2024-09-20 15:15:10.963000,430.0817257464472,10
2024-09-20 15:15:10.990000,430.1413997450652,102
2024-09-20 15:15:11.195000,430.1853089443397,1004
2024-09-20 15:15:11.213000,430.167865555245,12
2024-09-20 15:15:11.245000,430.1898704783339,998
2024-09-20 15:15:11.247000,430.0894741593104,998
2024-09-20 15:15:11.251000,430.2045859206613,998
2024-09-20 15:15:11.290000,430.1995007487761,13
2024-09-20 15:15:11.292000,430.1682295086704,1003
2024-09-20 15:15:11.309000,430.1382635680087,104
2024-09-20 15:15:11.336000,430.1288736606425,13
2024-09-20 15:15:11.369000,430.17337131523215,1003
2024-09-20 15:15:11.372000,430.1860542583053,105
2024-09-20 15:15:11.379000,430.2052070678377,6
2024-09-20 15:15:11.398000,430.16519996445896,1003
2024-09-20 15:15:11.498000,430.15445835980296,1001
2024-09-20 15:15:11.517000,430.17191881805104,10
2024-09-20 15:15:11.531000,430.1529341823855,5
2024-09-20 15:15:11.623000,430.0910731708916,1000
2024-09-20 15:15:11.633000,430.165449149516,997
2024-09-20 15:15:11.634000,430.19086704135714,101
2024-09-20 15:15:11.647000,430.1411382440687,103
2024-09-20 15:15:11.650000,430.1592789387973,95
2024-09-20 15:15:11.666000,430.18762762150106,1000
2024-09-20 15:15:11.792000,430.1683293321258,1001
2024-09-20 15:15:11.798000,430.0996776060856,1002
2024-09-20 15:15:11.823000,430.18128323747385,5
2024-09-20 15:15:11.824000,430.1629777832829,999
2024-09-20 15:15:11.838000,430.1588463935042,995
2024-09-20 15:15:11.934000,430.1145469538982,5
2024-09-20 15:15:11.942000,430.0963111543761,999
2024-09-20 15:15:11.962000,430.184050312552,11
2024-09-20 15:15:12.024000,430.1488694706481,98
2024-09-20 15:15:12.026000,430.1958109316128,12
2024-09-20 15:15:12.105000,430.1144298822343,11
2024-09-20 15:15:12.149000,430.1942149166935,15
2024-09-20 15:15:12.151000,430.13568436764746,95
2024-09-20 15:15:12.168000,430.1183755728013,102
2024-09-20 15:15:12.190000,430.2044431466437,97
2024-09-20 15:15:12.245000,430.2160621735029,1005
2024-09-20 15:15:12.316000,430.18830790472657,5
2024-09-20 15:15:12.336000,430.0926182205202,11
2024-09-20 15:15:12.351000,430.18667184647774,5
2024-09-20 15:15:12.358000,430.17888153171856,995
2024-09-20 15:15:12.368000,430.1463709469833,1002
2024-09-20 15:15:12.381000,430.12571787599006,996
2024-09-20 15:15:12.455000,430.1220503402171,998
2024-09-20 15:15:12.466000,430.0843958158613,104
2024-09-20 15:15:12.490000,430.1683835407548,1003
2024-09-20 15:15:12.496000,430.1217992186403,1002
2024-09-20 15:15:12.510000,430.1696110033262,105
2024-09-20 15:15:12.559000,430.0932661845073,1000
2024-09-20 15:15:12.628000,430.1215746140959,14
2024-09-20 15:15:12.630000,430.1598752624102,14
2024-09-20 15:15:12.731000,430.2176523112004,11
2024-09-20 15:15:12.782000,430.20424391243296,5
2024-09-20 15:15:12.783000,430.163038005944,95
2024-09-20 15:15:12.859000,430.1245999760748,996
2024-09-20 15:15:12.919000,430.1362314001238,995
2024-09-20 15:15:12.952000,430.1342889541019,97
2024-09-20 15:15:12.956000,430.12258193898447,9
2024-09-20 15:15:12.970000,430.1159647733458,104
2024-09-20 15:15:13.002000,429.9960606831932,13
2024-09-20 15:15:13.067000,430.0290136760554,12
2024-09-20 15:15:13.084000,430.0845531512246,95
2024-09-20 15:15:13.103000,430.1156956781092,995
2024-09-20 15:15:13.140000,430.0376908379595,1003
2024-09-20 15:15:13.141000,430.0187731963514,9
2024-09-20 15:15:13.216000,430.0242521263168,105
2024-09-20 15:15:13.253000,430.0440143260512,1000
2024-09-20 15:15:13.311000,430.0205123079888,97
2024-09-20 15:15:13.313000,430.0285262246641,96
2024-09-20 15:15:13.431000,430.0935727195794,9
2024-09-20 15:15:13.438000,430.0237596742117,104
2024-09-20 15:15:13.450000,430.118187358708,999
2024-09-20 15:15:13.489000,430.0681051288987,10
2024-09-20 15:15:13.518000,430.01519163172287,11
2024-09-20 15:15:13.527000,430.0408048185243,8
2024-09-20 15:15:13.533000,430.0837587629553,14
2024-09-20 15:15:13.548000,430.1252897315675,1003
2024-09-20 15:15:13.561000,430.0468402520381,7
2024-09-20 15:15:13.609000,430.0897327222975,7
2024-09-20 15:15:13.618000,430.0021323459613,1003
2024-09-20 15:15:13.650000,429.9993768691352,996
2024-09-20 15:15:13.696000,430.0607779598501,105
2024-09-20 15:15:13.860000,430.06246261334223,104
2024-09-20 15:15:13.866000,429.9990943765812,104
2024-09-20 15:15:14.027000,429.9252812762152,997
2024-09-20 15:15:14.106000,429.95460116770414,999
2024-09-20 15:15:14.110000,429.936277703415,100
2024-09-20 15:15:14.141000,430.0258544505561,1003
2024-09-20 15:15:14.205000,430.00256834254776,998
2024-09-20 15:15:14.259000,429.9709663626497,1000
2024-09-20 15:15:14.265000,429.9506930585071,96
2024-09-20 15:15:14.405000,429.9446528622,98
2024-09-20 15:15:14.420000,430.0176119075335,1000
2024-09-20 15:15:14.436000,430.0423529133984,13
2024-09-20 15:15:14.493000,429.9797759175964,105
2024-09-20 15:15:14.494000,429.94799672037306,105
2024-09-20 15:15:14.510000,429.9451810138451,102
2024-09-20 15:15:14.526000,429.953174450898,1003
2024-09-20 15:15:14.575000,429.9488920610603,8
2024-09-20 15:15:14.587000,429.9319024554533,99
2024-09-20 15:15:14.682000,429.93058069432254,100
2024-09-20 15:15:14.685000,429.952360498905,9
2024-09-20 15:15:14.757000,429.9675603599084,103
2024-09-20 15:15:14.765000,429.9440429521954,1001
2024-09-20 15:15:14.835000,429.9506067431436,1003
2024-09-20 15:15:14.940000,430.0305262591312,14
2024-09-20 15:15:15.033000,429.9010369784811,101
2024-09-20 15:15:15.126000,429.91328911751606,996
2024-09-20 15:15:15.161000,429.9202796292964,97
2024-09-20 15:15:15.266000,429.9325594918757,5
2024-09-20 15:15:15.374000,429.96130858878894,102
2024-09-20 15:15:15.403000,429.9333622309408,105
2024-09-20 15:15:15.457000,429.9193932718681,996
2024-09-20 15:15:15.492000,429.9609510022759,998
2024-09-20 15:15:15.507000,429.9622840023165,995
2024-09-20 15:15:15.532000,429.8960398137209,104
2024-09-20 15:15:15.564000,429.9215377361128,102
2024-09-20 15:15:15.564000,429.9063344499329,11
2024-09-20 15:15:15.689000,429.9672683899369,1002
2024-09-20 15:15:15.820000,429.8962554413758,1004
2024-09-20 15:15:15.835000,429.9444219192446,1000
2024-09-20 15:15:15.847000,429.9129757362404,14
2024-09-20 15:15:15.863000,429.90625226233794,98
2024-09-20 15:15:15.954000,429.9329770371504,12
2024-09-20 15:15:16.182000,429.9118858688864,95
2024-09-20 15:15:16.225000,429.9288862877909,101
2024-09-20 15:15:16.234000,429.9504221444399,103
2024-09-20 15:15:16.365000,429.9036801834683,100
2024-09-20 15:15:16.393000,429.9328019468485,9
2024-09-20 15:15:16.395000,429.9196256417479,103
2024-09-20 15:15:16.679000,429.919116342722,995
2024-09-20 15:15:16.928000,429.9224395484691,98
2024-09-20 15:15:18.010000,429.96414311475365,105
2024-09-20 15:15:18.083000,429.9392315176504,12
2024-09-20 15:15:18.086000,423.62022907905583,101
2024-09-20 15:15:18.185000,429.94561789198207,99
2024-09-20 15:15:18.192000,429.92820574025785,15
2024-09-20 15:15:18.240000,429.9487127975072,1000
2024-09-20 15:15:18.252000,429.9181299806272,7
2024-09-20 15:15:18.276000,429.9482233959319,999
2024-09-20 15:15:18.381000,429.9627197716233,6
2024-09-20 15:15:18.396000,429.97681710209673,6
2024-09-20 15:15:18.461000,429.9414933292487,998
2024-09-20 15:15:18.466000,429.969277835042,105
2024-09-20 15:15:18.483000,429.9590857396372,103
2024-09-20 15:15:18.554000,429.9436039422935,1002
2024-09-20 15:15:18.585000,429.9678690557131,96
2024-09-20 15:15:18.708000,429.96579327247895,99
2024-09-20 15:15:18.721000,429.94544035755496,102
2024-09-20 15:15:18.723000,429.9520440606522,6
2024-09-20 15:15:18.724000,429.9736222690919,998
2024-09-20 15:15:18.746000,429.9334372524368,15
2024-09-20 15:15:18.836000,429.95764949384784,1005
2024-09-20 15:15:18.837000,429.9548151800176,104
2024-09-20 15:15:18.872000,429.9801462343183,103
2024-09-20 15:15:18.877000,429.9526960105994,96
2024-09-20 15:15:18.942000,429.9413019077907,98
2024-09-20 15:15:18.980000,429.95213472519504,15
2024-09-20 15:15:19.146000,429.9444443868756,13
2024-09-20 15:15:20.054000,429.9259351007613,995
2024-09-20 15:15:20.152000,429.94127530588,995
2024-09-20 15:15:20.248000,429.8866585678872,102
2024-09-20 15:15:20.270000,429.9137021957489,6
2024-09-20 15:15:20.311000,429.9178332573495,14
2024-09-20 15:15:20.340000,429.8893530713056,12
2024-09-20 15:15:20.359000,429.896944261865,101
2024-09-20 15:15:20.374000,429.9015407049111,5
2024-09-20 15:15:20.425000,429.9576564288769,97
2024-09-20 15:15:20.504000,429.8844863660453,96
2024-09-20 15:15:20.506000,429.895110870701,995
2024-09-20 15:15:20.535000,429.9019516967693,103
2024-09-20 15:15:20.540000,429.9531735113538,1005
2024-09-20 15:15:20.568000,429.8847250055866,1002
2024-09-20 15:15:20.604000,429.90024804301646,1004
2024-09-20 15:15:20.686000,429.9499738738908,99
2024-09-20 15:15:20.716000,429.9334102928319,100
2024-09-20 15:15:20.733000,429.8967886853811,995
2024-09-20 15:15:20.750000,429.9106681359279,103
2024-09-20 15:15:20.766000,429.9087178505732,11
2024-09-20 15:15:20.793000,429.8990713514621,6
2024-09-20 15:15:20.842000,429.9392781195468,1000
2024-09-20 15:15:20.873000,429.8947369065168,7
2024-09-20 15:15:20.881000,429.90425582364605,12
2024-09-20 15:15:20.936000,429.8855755731983,1004
2024-09-20 15:15:21.035000,429.921680787568,6
2024-09-20 15:15:21.144000,429.9161711582216,1000
2024-09-20 15:15:21.158000,429.9108696998039,1004
2024-09-20 15:15:21.202000,429.9264372121333,101
2024-09-20 15:15:21.205000,429.9305006814917,9
2024-09-20 15:15:21.240000,429.88210358339336,105
2024-09-20 15:15:21.261000,429.9057860906773,8
2024-09-20 15:15:21.296000,429.9252791843807,105
2024-09-20 15:15:21.342000,429.8857784315108,101
2024-09-20 15:15:21.360000,429.89218446723567,99
2024-09-20 15:15:21.393000,429.85788220159367,12
2024-09-20 15:15:21.432000,429.88997674513104,13
2024-09-20 15:15:21.440000,429.8800513453824,11
2024-09-20 15:15:21.515000,429.8622820932384,1003
2024-09-20 15:15:21.524000,429.9379366773813,100
2024-09-20 15:15:21.651000,429.92715098580624,1004
2024-09-20 15:15:21.669000,429.9212769422088,98
2024-09-20 15:15:21.680000,429.9142329250792,1001
2024-09-20 15:15:21.684000,429.9079652587752,1005
2024-09-20 15:15:21.722000,429.8890135265651,1002
2024-09-20 15:15:21.761000,429.8933027174712,1005
2024-09-20 15:15:21.770000,429.8864177942679,9
2024-09-20 15:15:21.788000,429.9155132674625,97
2024-09-20 15:15:21.822000,429.8880060641861,1001
2024-09-20 15:15:21.842000,429.9175957882032,96
2024-09-20 15:15:21.898000,429.90669851614206,997
2024-09-20 15:15:21.937000,429.8955214674477,998
2024-09-20 15:15:22.042000,429.8929964210889,96
2024-09-20 15:15:23.979000,429.9231049844919,100
2024-09-20 15:15:24.080000,429.882092672088,102
2024-09-20 15:15:24.143000,429.8887098624376,12
2024-09-20 15:15:24.202000,429.8939418352477,9
2024-09-20 15:15:24.242000,429.9353736778068,6
2024-09-20 15:15:24.269000,429.9557034388316,13
2024-09-20 15:15:24.355000,429.8661531138932,1001
2024-09-20 15:15:24.488000,429.9263060388887,5
2024-09-20 15:15:24.554000,429.9378151703584,102
2024-09-20 15:15:24.604000,429.90556993398656,98
2024-09-20 15:15:24.826000,429.8829789535553,95
2024-09-20 15:15:24.849000,429.9326902724549,1005
2024-09-20 15:15:24.853000,429.9082864893242,10
2024-09-20 15:15:24.862000,429.9445042500093,97
2024-09-20 15:15:24.869000,423.728773721792,1002
2024-09-20 15:15:24.884000,429.88445917569095,7
2024-09-20 15:15:24.923000,429.9512503730585,6
2024-09-20 15:15:25.308000,429.87023762065866,15
2024-09-20 15:15:25.832000,429.8742169247915,105
2024-09-20 15:15:25.840000,429.8633802008009,98
2024-09-20 15:15:25.911000,429.8667711149234,99
2024-09-20 15:15:25.937000,429.8724867101528,99
2024-09-20 15:15:26.038000,429.84460193105866,1002
2024-09-20 15:15:26.367000,429.8921152424594,999
2024-09-20 15:15:26.908000,429.8578122962272,12
2024-09-20 15:15:27.001000,429.7856360641693,998
2024-09-20 15:15:27.096000,429.84361943687054,1001
2024-09-20 15:15:27.121000,423.74832336785295,1003
2024-09-20 15:15:27.188000,429.84988461690847,15
2024-09-20 15:15:27.190000,429.82216585417217,7
2024-09-20 15:15:27.210000,429.8385979959614,1000
2024-09-20 15:15:27.229000,429.8438867985792,101
2024-09-20 15:15:27.265000,429.842270057127,995
2024-09-20 15:15:27.274000,429.7579824422699,997
2024-09-20 15:15:27.297000,429.84892407437934,10
2024-09-20 15:15:27.312000,429.8474144886098,995
2024-09-20 15:15:27.362000,429.8056649298111,6
2024-09-20 15:15:27.398000,429.824817073483,1004
2024-09-20 15:15:27.457000,429.8109051123237,1005
2024-09-20 15:15:27.522000,429.8252572219512,1000
2024-09-20 15:15:27.587000,429.852420400468,999
2024-09-20 15:15:27.595000,429.8527754899069,15
2024-09-20 15:15:27.667000,429.8201575027061,10
2024-09-20 15:15:27.688000,429.846731212281,97
2024-09-20 15:15:27.689000,429.7845221711081,96
2024-09-20 15:15:27.706000,429.8374512325269,5
2024-09-20 15:15:27.737000,429.8533683352651,102
2024-09-20 15:15:27.799000,429.81156698136726,1003
2024-09-20 15:15:27.801000,429.8454115425444,10
2024-09-20 15:15:27.824000,429.80128872902407,1001
2024-09-20 15:15:27.826000,423.740587321866,100
2024-09-20 15:15:27.871000,429.8413506634093,998
2024-09-20 15:15:27.876000,429.82202951780783,1005
2024-09-20 15:15:27.939000,429.81748284896463,10
2024-09-20 15:15:28.005000,429.6615800937894,102
2024-09-20 15:15:28.057000,429.77346684774784,1002
2024-09-20 15:15:28.104000,429.75001358885135,96
2024-09-20 15:15:28.144000,429.7089895311264,1003
2024-09-20 15:15:28.145000,429.7961727798081,1004
2024-09-20 15:15:28.180000,429.7284177655918,1000
2024-09-20 15:15:28.210000,429.6765099504574,995
2024-09-20 15:15:28.224000,429.7299704483744,999
2024-09-20 15:15:28.248000,429.8012954921216,1001
2024-09-20 15:15:28.269000,429.6696430535517,103
2024-09-20 15:15:28.271000,429.688114032309,97
2024-09-20 15:15:28.321000,429.79359304465567,1002
2024-09-20 15:15:28.361000,429.65579105887,10
2024-09-20 15:15:28.401000,429.73808931049655,96
2024-09-20 15:15:28.404000,429.7487623698514,1004
2024-09-20 15:15:28.447000,429.78878177073807,9
2024-09-20 15:15:28.479000,429.6687238410655,100
2024-09-20 15:15:28.504000,429.6829147979457,1002
2024-09-20 15:15:28.514000,429.7361339546386,10
2024-09-20 15:15:28.524000,429.6935518156317,103
2024-09-20 15:15:28.537000,429.6501315978417,98
2024-09-20 15:15:28.568000,429.71846677386384,13
2024-09-20 15:15:28.580000,429.7243659562362,5
2024-09-20 15:15:28.661000,429.7445646075259,7
2024-09-20 15:15:28.688000,429.66508621911584,7
2024-09-20 15:15:28.695000,429.68352922256304,5
2024-09-20 15:15:28.740000,429.6871657065376,15
2024-09-20 15:15:28.877000,429.8052706916052,1002
2024-09-20 15:15:28.965000,429.6675901760783,1002
2024-09-20 15:15:29.033000,429.7067717734652,98
2024-09-20 15:15:29.048000,429.7173312615765,9
2024-09-20 15:15:29.074000,429.7066984360354,1003
2024-09-20 15:15:29.111000,429.71463348853257,1003
2024-09-20 15:15:29.120000,429.7312676491146,102
2024-09-20 15:15:29.126000,429.674541104852,998
2024-09-20 15:15:29.209000,429.72368326770726,14
2024-09-20 15:15:29.249000,429.71563100112894,1003
2024-09-20 15:15:29.305000,429.72228911411247,1002
2024-09-20 15:15:29.350000,429.6748887726484,9
2024-09-20 15:15:29.382000,429.71102974768223,105
2024-09-20 15:15:29.399000,429.71511603409,13
2024-09-20 15:15:29.413000,429.707964679069,12
2024-09-20 15:15:29.579000,429.7149884873075,997
2024-09-20 15:15:29.598000,429.7187118859737,11
2024-09-20 15:15:29.612000,429.7236580216573,7
2024-09-20 15:15:29.669000,429.6924236107818,997
2024-09-20 15:15:29.691000,429.7055577829685,5
2024-09-20 15:15:29.748000,429.6815272688443,11
2024-09-20 15:15:29.780000,429.7294153497881,104
2024-09-20 15:15:29.804000,429.6835473953241,101
2024-09-20 15:15:29.872000,429.6954120324212,5
2024-09-20 15:15:29.887000,429.703981554617,13
2024-09-20 15:15:29.893000,429.7346651687108,105
2024-09-20 15:15:29.960000,429.7307579033034,995
2024-09-20 15:15:29.986000,429.6838734701381,97
2024-09-20 15:15:30.127000,429.72123510300446,13
2024-09-20 15:15:30.152000,429.6845463619029,997
2024-09-20 15:15:30.161000,429.68124584329126,95
2024-09-20 15:15:30.201000,429.6774502019617,9
2024-09-20 15:15:30.247000,429.707097788536,999
2024-09-20 15:15:30.264000,429.6645364639064,995
2024-09-20 15:15:30.267000,429.7113832181876,97
2024-09-20 15:15:30.272000,429.68248963289307,1002
2024-09-20 15:15:30.437000,429.7514689813042,101
2024-09-20 15:15:30.468000,429.7443603565271,6
2024-09-20 15:15:30.531000,429.6744448852292,103
2024-09-20 15:15:30.648000,429.681156322114,102
2024-09-20 15:15:30.691000,429.7329620783037,100
2024-09-20 15:15:30.780000,429.7454530717857,11
2024-09-20 15:15:30.812000,429.68564550131777,1004
2024-09-20 15:15:30.874000,429.68922131078097,95
2024-09-20 15:15:30.908000,429.6823584874856,101
2024-09-20 15:15:30.967000,429.6859169019354,102
2024-09-20 15:15:30.986000,429.67491713554347,102
2024-09-20 15:15:31.001000,429.71192298524346,15
2024-09-20 15:15:31.019000,429.75388869074914,1005
2024-09-20 15:15:31.041000,429.7148819368549,999
2024-09-20 15:15:31.147000,429.7047963891656,1000
2024-09-20 15:15:31.247000,429.6980519659891,13
2024-09-20 15:15:31.270000,429.7050662839749,7
2024-09-20 15:15:31.516000,429.7324138027116,96
2024-09-20 15:15:31.619000,429.7003998162622,99
2024-09-20 15:15:31.913000,429.72001427148473,11
2024-09-20 15:15:31.989000,429.7478852633662,98
2024-09-20 15:15:32.111000,429.6945954924856,999
2024-09-20 15:15:32.124000,429.7233894791696,1001
2024-09-20 15:15:32.273000,429.7321144408054,5
2024-09-20 15:15:32.291000,429.7292998078346,97
2024-09-20 15:15:32.443000,429.7438131300493,999
2024-09-20 15:15:32.481000,429.744804405973,1004
2024-09-20 15:15:32.990000,429.7088020286133,996
2024-09-20 15:15:33.029000,429.6293648510464,98
2024-09-20 15:15:33.062000,429.7044196713185,995
2024-09-20 15:15:33.171000,429.7050441230792,104
2024-09-20 15:15:33.190000,429.637304696784,1005
2024-09-20 15:15:33.251000,429.6949658120628,12
2024-09-20 15:15:33.253000,429.6384623135305,101
2024-09-20 15:15:33.265000,429.6999051512902,103
2024-09-20 15:15:33.300000,429.7027817877082,13
2024-09-20 15:15:33.443000,429.64332322470665,103
2024-09-20 15:15:33.445000,429.6875575999362,997
2024-09-20 15:15:33.446000,429.6375246491576,96
2024-09-20 15:15:33.557000,429.6259185235462,1004
2024-09-20 15:15:33.567000,429.6944395659698,95
2024-09-20 15:15:33.580000,429.6181258746307,96
2024-09-20 15:15:33.670000,429.6412241274645,5
2024-09-20 15:15:33.733000,429.6270404192392,104
2024-09-20 15:15:33.767000,429.6668539923633,96
2024-09-20 15:15:33.832000,429.70369978354535,9
2024-09-20 15:15:33.839000,429.65404570555137,7
2024-09-20 15:15:33.889000,429.628235991906,6
2024-09-20 15:15:33.972000,429.6460547184187,1005
2024-09-20 15:15:34.038000,429.71262522213664,998
2024-09-20 15:15:34.259000,429.7151893101818,1000
2024-09-20 15:15:34.361000,429.72076488274473,12
2024-09-20 15:15:34.364000,429.7528114524947,98
2024-09-20 15:15:34.371000,429.7177647569807,104
2024-09-20 15:15:34.380000,429.63449063468767,6
2024-09-20 15:15:34.399000,429.7097107711575,102
2024-09-20 15:15:34.464000,429.6468791944197,102
2024-09-20 15:15:34.497000,429.7112912938205,95
2024-09-20 15:15:34.549000,429.6882593088462,95
2024-09-20 15:15:34.550000,429.66324083721673,1002
2024-09-20 15:15:34.556000,429.71119438419584,10
2024-09-20 15:15:34.580000,429.7010186393538,5
2024-09-20 15:15:34.652000,429.633954786717,1005
2024-09-20 15:15:34.679000,429.7297179541159,98
2024-09-20 15:15:34.694000,429.7247640682041,100
2024-09-20 15:15:34.713000,429.6499792612272,9
2024-09-20 15:15:34.745000,429.70986150709126,996
2024-09-20 15:15:34.801000,429.7353360076227,1000
2024-09-20 15:15:34.811000,429.6993039050772,102
2024-09-20 15:15:34.851000,429.719739426032,1003
2024-09-20 15:15:34.882000,429.7059037872116,10
2024-09-20 15:15:34.904000,429.6983235427613,6
2024-09-20 15:15:35.215000,429.7230828604999,1002
2024-09-20 15:15:35.265000,429.72550063612994,995
2024-09-20 15:15:35.399000,429.7307161807365,996
2024-09-20 15:15:36.070000,429.7145325345387,8
2024-09-20 15:15:36.105000,429.7452690304,103
2024-09-20 15:15:36.458000,429.738365425181,1001
2024-09-20 15:15:36.809000,429.7190029792389,102
2024-09-20 15:15:36.930000,429.7122515235984,98
2024-09-20 15:15:37.037000,429.75660379788087,98
2024-09-20 15:15:37.132000,429.7246166100009,11
2024-09-20 15:15:37.213000,429.7230763247316,96
2024-09-20 15:15:37.234000,429.7335177017382,99
2024-09-20 15:15:37.282000,429.72468769955975,99
2024-09-20 15:15:37.387000,429.7500236480922,104
2024-09-20 15:15:37.387000,429.7320240303842,11
2024-09-20 15:15:37.627000,429.7240059141826,10
2024-09-20 15:15:37.723000,429.7342527301206,1005
2024-09-20 15:15:37.786000,429.7213475671779,105
2024-09-20 15:15:37.834000,429.7429025662698,1005
2024-09-20 15:15:37.863000,429.7462877486761,101
2024-09-20 15:15:38.299000,429.7502874281402,1002
2024-09-20 15:15:38.340000,429.7345263585311,9
2024-09-20 15:15:38.368000,429.7235946374535,999
2024-09-20 15:15:38.391000,429.778768710436,102
2024-09-20 15:15:38.457000,429.70869716720097,7
2024-09-20 15:15:38.489000,429.72759087732106,997
2024-09-20 15:15:38.566000,429.7611296501622,14
2024-09-20 15:15:38.583000,429.7395407093664,1000
2024-09-20 15:15:38.611000,429.74527977796464,105
2024-09-20 15:15:38.644000,429.7645770246037,6
2024-09-20 15:15:38.710000,429.74539534001866,1001
2024-09-20 15:15:38.737000,429.7806696821869,99
2024-09-20 15:15:38.804000,429.7092262977329,100
2024-09-20 15:15:38.932000,429.721314927497,10
2024-09-20 15:15:38.984000,429.7401070689951,1003
2024-09-20 15:15:39.017000,429.73977848679937,103
2024-09-20 15:15:39.036000,429.7581273704096,8
2024-09-20 15:15:39.134000,429.78556791979054,1004
2024-09-20 15:15:39.220000,429.7714987411528,1000
2024-09-20 15:15:39.238000,429.82696490757263,5
2024-09-20 15:15:39.258000,429.7645303289759,96
2024-09-20 15:15:39.381000,429.7969071923255,13
2024-09-20 15:15:39.392000,429.82532784221024,999
2024-09-20 15:15:39.434000,429.7736793308636,6
2024-09-20 15:15:39.467000,429.7951113000052,13
2024-09-20 15:15:39.490000,429.8297475816397,10
2024-09-20 15:15:39.527000,429.791785074518,95
2024-09-20 15:15:39.630000,429.7725955207969,999
2024-09-20 15:15:39.697000,429.7743876760693,12
2024-09-20 15:15:39.703000,429.7876774327808,105
2024-09-20 15:15:39.715000,429.7781340805228,998
2024-09-20 15:15:39.760000,429.7981872294216,14
2024-09-20 15:15:39.804000,429.7802084728654,14
2024-09-20 15:15:39.812000,429.8054189680844,1001
2024-09-20 15:15:39.822000,429.8255566286772,13
2024-09-20 15:15:39.824000,429.7835440907809,104
2024-09-20 15:15:39.847000,429.86088864868606,9
2024-09-20 15:15:39.923000,429.8450523772951,1005
2024-09-20 15:15:39.949000,429.7740734530406,1002
2024-09-20 15:15:39.983000,429.77191201737867,995
2024-09-20 15:15:40.085000,429.8975994727743,6
2024-09-20 15:15:40.104000,429.9105313369046,6
2024-09-20 15:15:40.135000,429.9397017698938,1000
2024-09-20 15:15:40.145000,429.8765634832639,96
2024-09-20 15:15:40.206000,429.8842689870442,14
2024-09-20 15:15:40.218000,429.93502744308097,8
2024-09-20 15:15:40.220000,429.8941450737099,995
2024-09-20 15:15:40.335000,429.958131326052,105
2024-09-20 15:15:40.361000,429.9302809681856,7
2024-09-20 15:15:40.405000,429.9350696391669,6
2024-09-20 15:15:40.414000,429.90120882148017,103
2024-09-20 15:15:40.505000,429.9262781435434,996
2024-09-20 15:15:40.529000,429.9429804248876,15
2024-09-20 15:15:40.578000,429.8900225538217,997
2024-09-20 15:15:40.639000,429.95508281587,102
2024-09-20 15:15:40.892000,429.8972902803629,101
2024-09-20 15:15:40.931000,429.9428049172549,95
2024-09-20 15:15:40.938000,429.8759785092719,95
2024-09-20 15:15:40.974000,429.8919285503676,102
2024-09-20 15:15:41.007000,429.8882969099581,997
2024-09-20 15:15:41.124000,429.9312374310388,104
2024-09-20 15:15:41.125000,429.87515603492,996
2024-09-20 15:15:41.134000,429.90228799909113,996
2024-09-20 15:15:41.170000,429.88569474487775,1005
2024-09-20 15:15:41.291000,429.8658189295837,104
2024-09-20 15:15:41.400000,429.8988904457155,102
2024-09-20 15:15:41.461000,429.93682723395847,96
2024-09-20 15:15:41.555000,429.9100472918458,13
2024-09-20 15:15:41.621000,429.88071005665074,1005
2024-09-20 15:15:41.644000,429.9208495442051,8
2024-09-20 15:15:41.682000,429.874450897654,995
2024-09-20 15:15:41.690000,429.8842571579527,9
2024-09-20 15:15:41.750000,429.8893313827828,5
2024-09-20 15:15:41.757000,429.9272460247418,103
2024-09-20 15:15:41.879000,429.9173355041203,97
2024-09-20 15:15:42.070000,429.9360462258426,15
2024-09-20 15:15:42.196000,429.9225579548563,10
2024-09-20 15:15:42.200000,429.9192935533636,1003
2024-09-20 15:15:42.217000,429.9162397917351,99
2024-09-20 15:15:42.231000,429.8985689377493,1002
2024-09-20 15:15:42.258000,429.9021884083343,999
2024-09-20 15:15:42.261000,429.9054481996913,1001
2024-09-20 15:15:42.349000,429.9397264129557,95
2024-09-20 15:15:42.390000,429.9004059869426,996
2024-09-20 15:15:42.409000,429.9395096632044,1003
2024-09-20 15:15:42.539000,429.90992388880017,998
2024-09-20 15:15:42.645000,429.90902213367775,6
2024-09-20 15:15:42.691000,429.93086137985256,100
2024-09-20 15:15:42.694000,429.9100004882822,14
2024-09-20 15:15:42.737000,429.9323700079706,998
2024-09-20 15:15:42.805000,429.9595903674756,1000
2024-09-20 15:15:42.857000,429.88630142185934,103
2024-09-20 15:15:42.866000,429.8990319621429,101
2024-09-20 15:15:42.931000,429.9121380199405,1001
2024-09-20 15:15:43.844000,429.91378931398833,1003
2024-09-20 15:15:44.085000,429.9302426875629,10
2024-09-20 15:15:44.232000,429.9319571718759,102
2024-09-20 15:15:44.246000,429.9386131437705,100
2024-09-20 15:15:44.694000,429.93031333612447,104
2024-09-20 15:15:44.935000,423.7328976885812,7
2024-09-20 15:15:45.003000,429.9980477287807,7
2024-09-20 15:15:45.045000,429.9290152888796,5
2024-09-20 15:15:45.049000,429.98573890365896,10
2024-09-20 15:15:45.112000,429.98540542632094,1002
2024-09-20 15:15:45.131000,429.9421282081936,103
2024-09-20 15:15:45.165000,430.0026425875759,6
2024-09-20 15:15:45.197000,430.0059702017966,7
2024-09-20 15:15:45.237000,429.9967647541162,995
2024-09-20 15:15:45.263000,430.0101911921849,1003
2024-09-20 15:15:45.299000,429.9799571288477,8
2024-09-20 15:15:45.346000,430.0154842762905,996
2024-09-20 15:15:45.358000,429.9762045372413,11
2024-09-20 15:15:45.376000,430.0007839716415,13
2024-09-20 15:15:45.431000,430.01708731493153,104
2024-09-20 15:15:45.558000,429.9321775349116,1005
2024-09-20 15:15:45.562000,429.9417172753705,102
2024-09-20 15:15:45.572000,429.98585455779903,998
2024-09-20 15:15:45.585000,429.9885346137132,101
2024-09-20 15:15:45.609000,429.972498593941,100
2024-09-20 15:15:45.620000,430.0176079412377,99
2024-09-20 15:15:45.766000,429.9160851463736,9
2024-09-20 15:15:45.766000,429.9717867271178,98
2024-09-20 15:15:45.781000,429.9812776085192,999
2024-09-20 15:15:45.804000,429.9243884013981,12
2024-09-20 15:15:45.835000,429.97872483087946,10
2024-09-20 15:15:45.984000,429.9959494613394,1001
2024-09-20 15:15:46.010000,429.9956130059209,10
2024-09-20 15:15:46.034000,429.9559434354847,99
2024-09-20 15:15:46.139000,430.0044602799785,105
2024-09-20 15:15:46.139000,429.9451049741528,11
2024-09-20 15:15:46.200000,429.9907574458774,1002
2024-09-20 15:15:46.237000,429.9581159031725,6
2024-09-20 15:15:46.246000,429.945191556671,101
2024-09-20 15:15:46.282000,430.007208207714,11
2024-09-20 15:15:46.332000,429.9563224048943,7
2024-09-20 15:15:46.361000,429.9656502652437,100
2024-09-20 15:15:46.421000,430.0060802461589,101
2024-09-20 15:15:46.551000,429.9600784836776,12
2024-09-20 15:15:46.588000,430.0105775333281,95
2024-09-20 15:15:46.680000,429.966203261122,96
2024-09-20 15:15:46.711000,429.9850939908853,9
2024-09-20 15:15:46.736000,429.94570276104616,9
2024-09-20 15:15:46.745000,429.9479434843681,1004
2024-09-20 15:15:47.005000,430.00584725766623,999
2024-09-20 15:15:47.067000,429.98943717293423,11
2024-09-20 15:15:47.180000,429.98998038894166,105
2024-09-20 15:15:47.259000,430.0043481766455,105
2024-09-20 15:15:47.362000,430.01515028674186,1000
2024-09-20 15:15:47.622000,429.9561528753405,6
2024-09-20 15:15:47.647000,429.9731099773812,97
2024-09-20 15:15:47.661000,430.0099420469185,996
2024-09-20 15:15:47.826000,430.0186024771558,9
2024-09-20 15:15:47.963000,430.002025167744,1003
2024-09-20 15:15:47.987000,430.00393377057753,5
2024-09-20 15:15:48.030000,430.0040775408153,1005
2024-09-20 15:15:48.072000,430.0033205129651,1004
2024-09-20 15:15:48.087000,429.9620989124533,999
2024-09-20 15:15:48.203000,430.0000791438004,1000
2024-09-20 15:15:48.225000,429.9819510315784,999
2024-09-20 15:15:48.233000,430.0155887655442,103
2024-09-20 15:15:48.359000,429.9922132212736,99
2024-09-20 15:15:48.384000,429.96337357879537,12
2024-09-20 15:15:48.409000,429.9967119541613,105
2024-09-20 15:15:48.589000,429.95796853308735,98
2024-09-20 15:15:48.685000,429.9757713009926,96
2024-09-20 15:15:48.712000,429.9633435217695,102
2024-09-20 15:15:48.832000,429.9992796067563,1000
2024-09-20 15:15:48.889000,429.9873989208135,96
2024-09-20 15:15:48.963000,430.019562369949,1003
2024-09-20 15:15:48.975000,430.01987971105393,1004
2024-09-20 15:15:48.994000,429.9952640862704,1005
2024-09-20 15:15:49,429.9995232737119,7
2024-09-20 15:15:49.047000,429.96521231972,10
2024-09-20 15:15:49.056000,429.9578901831169,97
2024-09-20 15:15:49.080000,429.991964116732,97
2024-09-20 15:15:49.133000,429.9750415961484,98
2024-09-20 15:15:49.139000,429.9962953036557,8
2024-09-20 15:15:49.186000,430.0033334469585,999
2024-09-20 15:15:49.219000,429.97481144548425,98
2024-09-20 15:15:49.269000,429.9555734343021,103
2024-09-20 15:15:49.325000,429.9799504041276,1003
2024-09-20 15:15:49.326000,429.9783707709364,101
2024-09-20 15:15:49.439000,429.987659521726,15
2024-09-20 15:15:49.452000,429.9429112453104,12
2024-09-20 15:15:49.484000,429.98740576619787,1003
2024-09-20 15:15:49.518000,429.956263028672,99
2024-09-20 15:15:49.681000,429.9408963731176,97
2024-09-20 15:15:49.703000,429.99843345683234,12
2024-09-20 15:15:49.716000,429.9968387182413,12
2024-09-20 15:15:49.723000,429.95594944169136,999
2024-09-20 15:15:49.798000,429.99572115354334,995
2024-09-20 15:15:49.821000,429.9491201755196,998
2024-09-20 15:15:49.854000,429.9878110803565,101
2024-09-20 15:15:49.867000,429.97816638894506,1005
2024-09-20 15:15:49.993000,429.9615273047144,13
2024-09-20 15:15:49.998000,429.9582045583373,101
2024-09-20 15:15:50.031000,429.9603620294369,5
2024-09-20 15:15:50.211000,429.9792108764749,100
2024-09-20 15:15:50.251000,429.9638452267429,1003
2024-09-20 15:15:50.499000,429.9508295011536,101
2024-09-20 15:15:50.507000,429.9611993883482,100
2024-09-20 15:15:50.526000,429.9433499469807,997
2024-09-20 15:15:50.610000,429.9656757705674,1000
2024-09-20 15:15:50.681000,429.9752424027352,996
2024-09-20 15:15:50.784000,429.9531048937829,7
2024-09-20 15:15:50.816000,429.9593945162812,995
2024-09-20 15:15:51.119000,429.97042158809774,10
2024-09-20 15:15:51.156000,429.9608607335022,5
2024-09-20 15:15:51.172000,429.9826391671425,10
2024-09-20 15:15:51.267000,429.997359317512,102
2024-09-20 15:15:51.380000,429.9942679727552,103
2024-09-20 15:15:51.462000,429.9762031679974,996
2024-09-20 15:15:51.529000,429.9676548111241,995
2024-09-20 15:15:51.595000,429.9645849411177,13
2024-09-20 15:15:51.697000,429.99121007834185,997
2024-09-20 15:15:51.773000,429.9904035713212,97
2024-09-20 15:15:51.803000,429.94861369571896,101
2024-09-20 15:15:51.886000,429.9973555523162,997
2024-09-20 15:15:51.900000,430.00421538045794,998
2024-09-20 15:15:52.112000,429.8931207211553,997
2024-09-20 15:15:52.120000,429.8985420946151,13
2024-09-20 15:15:52.303000,429.9027915849601,996
2024-09-20 15:15:52.345000,429.8976028439508,999
2024-09-20 15:15:52.438000,429.9122370063796,104
2024-09-20 15:15:52.586000,423.9765876878244,997
2024-09-20 15:15:52.661000,429.9011943208414,95
2024-09-20 15:15:52.719000,429.890450164472,8
2024-09-20 15:15:52.725000,429.9187506741639,996
2024-09-20 15:15:52.802000,429.8946985529148,1000
2024-09-20 15:15:52.863000,429.90142452312864,97
2024-09-20 15:15:52.979000,429.89664654097817,996
2024-09-20 15:15:53.008000,429.9290855221884,1002
2024-09-20 15:15:53.206000,429.9264917782049,7
2024-09-20 15:15:53.576000,429.9362234086881,10
2024-09-20 15:15:54.122000,429.9566700148514,995
2024-09-20 15:15:54.149000,429.96093509600416,12
2024-09-20 15:15:54.298000,429.9652489027636,1004
2024-09-20 15:15:54.381000,429.9158414437114,7
2024-09-20 15:15:54.482000,429.9624920853886,96
2024-09-20 15:15:55.030000,429.9686405443809,999
2024-09-20 15:15:55.089000,429.9542565978527,13
2024-09-20 15:15:55.195000,429.9671049625969,999
2024-09-20 15:15:55.422000,429.9611032574804,15
2024-09-20 15:15:55.423000,429.95600166711046,998
2024-09-20 15:15:55.534000,429.9591048598275,997
2024-09-20 15:15:55.538000,429.9621082138699,15
2024-09-20 15:15:55.652000,429.9596240484197,6
2024-09-20 15:15:55.785000,429.9562635675957,98
2024-09-20 15:15:55.812000,429.9621332308452,1003
2024-09-20 15:15:55.884000,429.95257439203147,96
2024-09-20 15:15:55.984000,429.9580114085309,1001
2024-09-20 15:15:56.031000,429.973863672921,15
2024-09-20 15:15:56.049000,430.0023699531943,101
2024-09-20 15:15:56.090000,429.9801230870606,5
2024-09-20 15:15:56.106000,429.9865628050263,15
2024-09-20 15:15:56.132000,430.001771462832,995
2024-09-20 15:15:56.329000,429.9885970227146,105
2024-09-20 15:15:56.397000,429.9424503767034,97
2024-09-20 15:15:56.481000,429.9334135980822,1005
2024-09-20 15:15:56.519000,429.99005294399416,995
2024-09-20 15:15:56.598000,430.0002029913277,999
2024-09-20 15:15:56.645000,429.996122069725,1005
2024-09-20 15:15:56.673000,429.9822705308249,15
2024-09-20 15:15:56.721000,430.0002102911319,100
2024-09-20 15:15:56.859000,429.99980394234666,104
2024-09-20 15:15:56.888000,429.9577025359224,97
2024-09-20 15:15:56.927000,429.9462497969199,103
2024-09-20 15:15:56.930000,429.9946741929568,9
2024-09-20 15:15:57.313000,429.9578797474369,998
2024-09-20 15:15:57.370000,429.9279855455536,102
2024-09-20 15:15:57.464000,429.97701219849534,999
2024-09-20 15:15:57.468000,429.98280975503394,102
2024-09-20 15:15:57.589000,429.9684588244158,10
2024-09-20 15:15:57.596000,429.9770734755945,1001
2024-09-20 15:15:57.644000,429.9384704732056,11
2024-09-20 15:15:57.676000,429.9874387985123,14
2024-09-20 15:15:57.876000,429.9468796977369,102
2024-09-20 15:15:57.911000,429.9613371705527,6
2024-09-20 15:15:58.009000,429.9135225290486,1004
2024-09-20 15:15:58.058000,429.8959990916634,10
2024-09-20 15:15:58.143000,429.8935892030885,996
2024-09-20 15:15:58.200000,429.86049540642136,12
2024-09-20 15:15:58.224000,429.87913562056485,12
2024-09-20 15:15:58.236000,429.8685941468244,999
2024-09-20 15:15:58.297000,429.8558979073642,1004
2024-09-20 15:15:58.346000,429.9116934939036,1001
2024-09-20 15:15:58.370000,429.8918440946873,100
2024-09-20 15:15:58.372000,429.9014708547515,998
2024-09-20 15:15:58.378000,429.87649424703534,6
2024-09-20 15:15:58.387000,429.9033457431708,95
2024-09-20 15:15:58.411000,429.9033659753127,15
2024-09-20 15:15:58.419000,429.9109589685091,102
2024-09-20 15:15:58.438000,429.8690774627164,1001
2024-09-20 15:15:58.452000,429.90351023812025,1002
2024-09-20 15:15:58.499000,429.8810051433142,10
2024-09-20 15:15:58.593000,429.8903241468325,996
2024-09-20 15:15:58.681000,429.92987925848337,104
2024-09-20 15:15:58.718000,429.888074073759,13
2024-09-20 15:15:58.742000,429.9232230214201,1002
2024-09-20 15:15:58.793000,429.9045201564944,8
2024-09-20 15:15:58.870000,429.8870939523238,995
2024-09-20 15:15:58.888000,429.8839470078111,1004
2024-09-20 15:15:58.933000,429.8882999557348,15
2024-09-20 15:15:58.964000,429.883464501774,7
2024-09-20 15:15:58.985000,429.8692706585935,1000
2024-09-20 15:15:59.309000,429.8955262130916,99
2024-09-20 15:15:59.529000,429.8944889828188,1003
2024-09-20 15:15:59.664000,429.9086201072183,11
2024-09-20 15:15:59.948000,429.89411743016336,7
