Timestamp,Price,Size
2024-09-16 11:46:00.018000,418.62570375525377,101
2024-09-16 11:46:00.185000,418.6123304473744,103
2024-09-16 11:46:00.251000,418.6359791359754,15
2024-09-16 11:46:00.364000,418.6078843265197,1001
2024-09-16 11:46:00.486000,418.617018947395,1001
2024-09-16 11:46:00.578000,418.6283908584939,98
2024-09-16 11:46:00.652000,418.6062322090454,1001
2024-09-16 11:46:00.754000,418.61767267347375,8
2024-09-16 11:46:00.798000,418.5995199787282,98
2024-09-16 11:46:01.025000,418.6713938714787,96
2024-09-16 11:46:01.028000,418.6016930223963,7
2024-09-16 11:46:01.093000,418.6458889946918,95
2024-09-16 11:46:01.168000,418.6065002068176,998
2024-09-16 11:46:01.172000,418.6936637790199,1005
2024-09-16 11:46:01.204000,418.6644587817793,104
2024-09-16 11:46:01.207000,418.640675975975,97
2024-09-16 11:46:01.210000,418.65925723770073,999
2024-09-16 11:46:01.299000,418.7024533492105,996
2024-09-16 11:46:01.318000,418.6784268800792,1003
2024-09-16 11:46:01.329000,418.69610521701566,1004
2024-09-16 11:46:01.400000,418.5982987292239,9
2024-09-16 11:46:01.457000,418.5968073014234,1001
2024-09-16 11:46:01.475000,418.64445166622784,9
2024-09-16 11:46:01.476000,418.6591783411476,95
2024-09-16 11:46:01.542000,418.5881095351836,996
2024-09-16 11:46:01.566000,418.7170215527167,999
2024-09-16 11:46:01.691000,418.6104264768952,98
2024-09-16 11:46:01.706000,418.6729837584882,1004
2024-09-16 11:46:01.731000,418.6914728414406,98
2024-09-16 11:46:01.742000,418.6511472884838,1002
2024-09-16 11:46:01.794000,418.66591924558367,9
2024-09-16 11:46:01.821000,418.66281032098993,15
2024-09-16 11:46:01.824000,418.6601419383131,104
2024-09-16 11:46:01.903000,418.643285969248,1004
2024-09-16 11:46:01.948000,418.5957443774457,100
2024-09-16 11:46:01.951000,418.6671471878718,9
2024-09-16 11:46:03.092000,418.6666391116377,995
2024-09-16 11:46:03.425000,418.6658175153236,9
2024-09-16 11:46:04.024000,418.70632906336135,998
2024-09-16 11:46:04.224000,418.6790154675471,5
2024-09-16 11:46:04.249000,418.6889143689149,15
2024-09-16 11:46:04.485000,418.7108542923646,12
2024-09-16 11:46:04.537000,418.6708651776187,7
2024-09-16 11:46:04.660000,418.7079010102638,1003
2024-09-16 11:46:04.759000,418.7079760729336,6
2024-09-16 11:46:05.385000,418.7670079369908,100
2024-09-16 11:46:05.442000,418.722739797848,1005
2024-09-16 11:46:05.591000,418.7217262205271,98
2024-09-16 11:46:05.661000,418.757773326845,95
2024-09-16 11:46:05.678000,418.7042228772208,100
2024-09-16 11:46:05.937000,418.7516829316445,997
2024-09-16 11:46:05.961000,418.7430797886034,5
2024-09-16 11:46:06.065000,418.81786039412,96
2024-09-16 11:46:06.131000,418.8309909750324,15
2024-09-16 11:46:06.138000,418.7787507338152,999
2024-09-16 11:46:06.185000,418.87932771532417,1001
2024-09-16 11:46:06.219000,418.8150684767358,999
2024-09-16 11:46:06.247000,418.8884207479983,7
2024-09-16 11:46:06.264000,418.868304395932,100
2024-09-16 11:46:06.306000,418.9040317794678,998
2024-09-16 11:46:06.380000,418.904064733114,1002
2024-09-16 11:46:06.388000,418.8501827264557,1005
2024-09-16 11:46:06.411000,418.8441317880402,11
2024-09-16 11:46:06.424000,418.8929159562123,1001
2024-09-16 11:46:06.429000,418.8239157456599,97
2024-09-16 11:46:06.483000,418.8203055472448,995
2024-09-16 11:46:06.596000,418.8818172350241,1004
2024-09-16 11:46:06.666000,418.834958306752,99
2024-09-16 11:46:06.677000,418.81892966358834,8
2024-09-16 11:46:06.694000,418.8106996182916,1003
2024-09-16 11:46:06.698000,418.76954766579325,101
2024-09-16 11:46:06.717000,418.8832352534809,98
2024-09-16 11:46:06.739000,418.81572261647705,999
2024-09-16 11:46:06.820000,418.8912056840703,105
2024-09-16 11:46:06.843000,418.90221707859,99
2024-09-16 11:46:06.936000,418.7966964919374,999
2024-09-16 11:46:06.942000,418.91151836496886,1005
2024-09-16 11:46:06.976000,418.7773358263957,96
2024-09-16 11:46:07.031000,418.9544035878127,98
2024-09-16 11:46:07.056000,418.9518256556207,12
2024-09-16 11:46:07.112000,418.9356602408117,103
2024-09-16 11:46:07.120000,418.9296226691791,1001
2024-09-16 11:46:07.177000,418.8993495844237,998
2024-09-16 11:46:07.303000,418.8854298407173,995
2024-09-16 11:46:07.398000,418.9206766285724,104
2024-09-16 11:46:07.443000,418.8943178292875,999
2024-09-16 11:46:07.517000,418.8770845860346,12
2024-09-16 11:46:07.560000,418.9245156789884,1002
2024-09-16 11:46:07.586000,418.9430785307226,1005
2024-09-16 11:46:07.589000,418.8692135825793,103
2024-09-16 11:46:07.595000,418.93735269972086,104
2024-09-16 11:46:07.603000,418.9426362409883,104
2024-09-16 11:46:07.666000,418.9533599618617,9
2024-09-16 11:46:07.707000,418.877947114525,1003
2024-09-16 11:46:07.780000,418.8942444629976,13
2024-09-16 11:46:07.814000,418.92189441876513,5
2024-09-16 11:46:07.887000,418.91598852083615,6
2024-09-16 11:46:08.104000,418.9789053211704,999
2024-09-16 11:46:08.125000,418.9096526476925,1004
2024-09-16 11:46:08.134000,418.9380860664743,100
2024-09-16 11:46:08.162000,418.9271486558795,14
2024-09-16 11:46:08.176000,418.9198707972016,5
2024-09-16 11:46:08.251000,418.8789269815098,997
2024-09-16 11:46:08.322000,418.8911252836221,12
2024-09-16 11:46:08.346000,418.8750630765314,96
2024-09-16 11:46:08.408000,418.8926532591026,102
2024-09-16 11:46:08.425000,418.9061706699282,99
2024-09-16 11:46:08.499000,418.8964586151732,14
2024-09-16 11:46:08.635000,418.92123747615193,1004
2024-09-16 11:46:08.650000,418.9558311867181,98
2024-09-16 11:46:08.699000,418.974861010689,5
2024-09-16 11:46:08.713000,418.9385955935317,9
2024-09-16 11:46:08.723000,418.9305859409209,102
2024-09-16 11:46:08.733000,418.899786861114,1002
2024-09-16 11:46:08.738000,418.9101690228471,1000
2024-09-16 11:46:08.901000,418.9192067879516,14
2024-09-16 11:46:08.971000,418.910010050382,998
2024-09-16 11:46:09.042000,418.9517229732213,997
2024-09-16 11:46:09.044000,418.9501150370955,997
2024-09-16 11:46:09.050000,418.93894637569394,1004
2024-09-16 11:46:09.134000,418.9834147093801,102
2024-09-16 11:46:09.219000,418.9711878462573,1002
2024-09-16 11:46:09.298000,418.9485134310538,96
2024-09-16 11:46:09.470000,418.9815763065836,105
2024-09-16 11:46:09.503000,418.9500047782918,11
2024-09-16 11:46:09.536000,418.9888554828973,1001
2024-09-16 11:46:09.596000,418.95597490219615,998
2024-09-16 11:46:09.627000,418.9578393817603,11
2024-09-16 11:46:09.719000,418.9887526390316,9
2024-09-16 11:46:09.771000,418.9536102683376,14
2024-09-16 11:46:09.962000,418.9938572143888,99
2024-09-16 11:46:10.036000,418.8917362131868,12
2024-09-16 11:46:10.099000,418.9316899216624,1000
2024-09-16 11:46:10.165000,418.9053094405343,5
2024-09-16 11:46:10.177000,418.9589443666053,104
2024-09-16 11:46:10.190000,418.81975397006784,7
2024-09-16 11:46:10.287000,418.8944742397861,102
2024-09-16 11:46:10.334000,418.8105179538417,103
2024-09-16 11:46:10.355000,418.9009502395676,100
2024-09-16 11:46:10.378000,418.90552778398575,6
2024-09-16 11:46:10.434000,418.8362801103332,103
2024-09-16 11:46:10.443000,418.9058056946466,102
2024-09-16 11:46:10.477000,418.8680357803686,6
2024-09-16 11:46:10.497000,418.8983737477661,99
2024-09-16 11:46:10.509000,418.82437065090687,12
2024-09-16 11:46:10.605000,418.9492189473305,12
2024-09-16 11:46:10.609000,418.8718047594916,96
2024-09-16 11:46:10.647000,418.95359939925385,104
2024-09-16 11:46:10.670000,418.8944775055363,1001
2024-09-16 11:46:10.739000,418.9079281973311,12
2024-09-16 11:46:10.865000,418.80391173761416,15
2024-09-16 11:46:10.883000,418.88550765719486,996
2024-09-16 11:46:10.903000,418.8137139192452,9
2024-09-16 11:46:10.922000,418.8623849308517,105
2024-09-16 11:46:11.006000,418.801064479169,96
2024-09-16 11:46:11.174000,418.8117974665412,96
2024-09-16 11:46:11.232000,418.8029305954664,100
2024-09-16 11:46:11.707000,418.8113882160582,15
2024-09-16 11:46:11.948000,418.7945079738001,13
2024-09-16 11:46:11.988000,418.7782217401603,995
2024-09-16 11:46:12.007000,418.8269962361696,11
2024-09-16 11:46:12.086000,418.8333092083234,96
2024-09-16 11:46:12.298000,418.81193793722593,14
2024-09-16 11:46:12.335000,418.8154607630026,997
2024-09-16 11:46:12.414000,418.8169625044833,105
2024-09-16 11:46:12.559000,418.8394071720196,1003
2024-09-16 11:46:12.665000,418.80194742045353,101
2024-09-16 11:46:12.815000,418.8068442541579,5
2024-09-16 11:46:12.881000,418.84719879412665,101
2024-09-16 11:46:12.994000,418.84934094654267,6
2024-09-16 11:46:13.049000,418.8391994046811,1002
2024-09-16 11:46:13.050000,418.8134005106681,9
2024-09-16 11:46:13.148000,418.8270887775616,95
2024-09-16 11:46:13.182000,418.8400257044319,12
2024-09-16 11:46:13.309000,418.8090265672818,104
2024-09-16 11:46:13.652000,418.8047488223151,6
2024-09-16 11:46:14.065000,418.8038829189984,1000
2024-09-16 11:46:14.105000,418.80694415669024,101
2024-09-16 11:46:14.120000,418.8041316516687,8
2024-09-16 11:46:14.167000,418.8019809585896,102
2024-09-16 11:46:14.197000,418.8050416893849,104
2024-09-16 11:46:14.205000,418.7953643868133,998
2024-09-16 11:46:14.256000,418.8199723011104,104
2024-09-16 11:46:14.265000,418.8025775070061,102
2024-09-16 11:46:14.284000,418.7987538609878,14
2024-09-16 11:46:14.307000,418.82779874592046,12
2024-09-16 11:46:14.361000,418.79642252682567,999
2024-09-16 11:46:14.371000,418.8222075438129,1001
2024-09-16 11:46:14.458000,418.8267301164787,98
2024-09-16 11:46:14.662000,418.80686390508527,100
2024-09-16 11:46:14.769000,418.8078861236961,1004
2024-09-16 11:46:14.772000,418.8308662221594,1004
2024-09-16 11:46:14.776000,418.8323472806544,12
2024-09-16 11:46:14.824000,418.8291446725845,998
2024-09-16 11:46:14.842000,418.8106533228648,101
2024-09-16 11:46:14.844000,418.8236097627311,9
2024-09-16 11:46:14.856000,418.8113154807439,996
2024-09-16 11:46:14.877000,418.8185863303357,11
2024-09-16 11:46:14.888000,418.8160218681151,996
2024-09-16 11:46:14.912000,418.796858618581,995
2024-09-16 11:46:14.922000,418.7966992172797,1000
2024-09-16 11:46:14.963000,418.831409953624,9
2024-09-16 11:46:14.974000,418.8331096870869,1001
2024-09-16 11:46:14.977000,418.8028044169221,7
2024-09-16 11:46:15.673000,418.79406462877375,999
2024-09-16 11:46:15.945000,418.79713651534746,100
2024-09-16 11:46:15.993000,418.7823924274271,1005
2024-09-16 11:46:16.054000,418.82115632496846,6
2024-09-16 11:46:16.056000,418.76486451076,97
2024-09-16 11:46:16.059000,418.76207628990505,15
2024-09-16 11:46:16.130000,418.75834815995137,1000
2024-09-16 11:46:16.162000,418.7593027561875,13
2024-09-16 11:46:16.195000,418.7368706661557,105
2024-09-16 11:46:16.232000,418.79081683169113,99
2024-09-16 11:46:16.311000,418.802675465231,999
2024-09-16 11:46:16.418000,418.80322294945296,5
2024-09-16 11:46:16.538000,418.8097825126877,95
2024-09-16 11:46:16.598000,418.7850131038845,998
2024-09-16 11:46:16.599000,418.7924063423577,8
2024-09-16 11:46:16.606000,418.7801016122054,15
2024-09-16 11:46:16.624000,418.7878383478399,14
2024-09-16 11:46:16.672000,418.78036639712286,1001
2024-09-16 11:46:16.673000,418.7828965345154,6
2024-09-16 11:46:16.686000,418.8041497323535,102
2024-09-16 11:46:16.704000,418.80621125117057,5
2024-09-16 11:46:16.773000,418.76381803866224,1004
2024-09-16 11:46:16.863000,418.7517949546415,99
2024-09-16 11:46:16.933000,418.8283557080756,95
2024-09-16 11:46:16.973000,418.769609491288,99
2024-09-16 11:46:16.977000,418.805452990636,6
2024-09-16 11:46:17.010000,418.7536281591333,104
2024-09-16 11:46:17.037000,418.7528806447912,101
2024-09-16 11:46:17.300000,418.7563951441044,102
2024-09-16 11:46:17.400000,418.74766308410847,1005
2024-09-16 11:46:17.449000,418.7633328375872,999
2024-09-16 11:46:17.518000,418.7529143536258,105
2024-09-16 11:46:17.578000,418.7329892582527,7
2024-09-16 11:46:17.640000,418.75336310364696,997
2024-09-16 11:46:17.814000,418.7666935709249,101
2024-09-16 11:46:17.960000,418.7503972588601,97
2024-09-16 11:46:17.962000,418.73160381265257,102
2024-09-16 11:46:18.252000,418.7593611955776,101
2024-09-16 11:46:18.288000,418.76191529823103,997
2024-09-16 11:46:18.340000,418.7532298279969,997
2024-09-16 11:46:18.357000,418.76110053494506,996
2024-09-16 11:46:18.416000,418.7798525755303,104
2024-09-16 11:46:18.439000,418.732130013704,1005
2024-09-16 11:46:18.485000,418.7498033223218,9
2024-09-16 11:46:18.502000,418.7665341497989,1000
2024-09-16 11:46:18.507000,418.76240045386703,5
2024-09-16 11:46:18.573000,418.7458924342876,7
2024-09-16 11:46:18.644000,418.7533229696712,995
2024-09-16 11:46:18.679000,418.7883292415642,8
2024-09-16 11:46:18.759000,418.7626936658546,999
2024-09-16 11:46:18.776000,418.7466277392835,102
2024-09-16 11:46:18.790000,418.8154614565253,1005
2024-09-16 11:46:18.807000,418.7563778278859,9
2024-09-16 11:46:18.824000,418.7620194084,1002
2024-09-16 11:46:18.894000,418.739812360384,13
2024-09-16 11:46:18.917000,418.8116847962236,6
2024-09-16 11:46:18.933000,418.7327507508284,96
2024-09-16 11:46:18.978000,418.77455933752753,10
2024-09-16 11:46:18.981000,418.8066294690542,105
2024-09-16 11:46:19.035000,418.8282173280821,999
2024-09-16 11:46:19.456000,418.834224304633,995
2024-09-16 11:46:19.484000,418.8090216253412,12
2024-09-16 11:46:19.917000,418.8185407270784,101
2024-09-16 11:46:19.956000,418.8233210658261,1005
2024-09-16 11:46:20.128000,418.8452967117656,98
2024-09-16 11:46:20.322000,418.888658626237,95
2024-09-16 11:46:20.331000,418.8676650386994,1004
2024-09-16 11:46:20.336000,418.8903248452333,5
2024-09-16 11:46:20.434000,418.86256450961946,998
2024-09-16 11:46:20.506000,418.8355401655308,6
2024-09-16 11:46:20.604000,418.892755669405,96
2024-09-16 11:46:20.702000,418.8866098623766,96
2024-09-16 11:46:20.708000,418.9051720001693,96
2024-09-16 11:46:20.763000,418.84503509587415,99
2024-09-16 11:46:20.920000,418.89087522857193,13
2024-09-16 11:46:20.978000,418.8940530514013,11
2024-09-16 11:46:20.991000,418.8691523501704,101
2024-09-16 11:46:21.183000,418.8704437873516,96
2024-09-16 11:46:21.277000,418.859070273888,8
2024-09-16 11:46:21.404000,418.8812458027688,99
2024-09-16 11:46:21.440000,418.85708969822673,95
2024-09-16 11:46:21.605000,418.8348371271957,10
2024-09-16 11:46:21.621000,418.87847441542135,1004
2024-09-16 11:46:21.646000,418.8683598989914,1000
2024-09-16 11:46:21.647000,418.84393976371547,9
2024-09-16 11:46:21.743000,418.8524273912992,97
2024-09-16 11:46:21.872000,418.8623316379618,10
2024-09-16 11:46:21.938000,418.860249308451,98
2024-09-16 11:46:22.063000,418.88225897080576,8
2024-09-16 11:46:22.227000,418.9026263311944,10
2024-09-16 11:46:22.397000,418.9026536789033,1003
2024-09-16 11:46:22.399000,418.8836776867007,8
2024-09-16 11:46:22.497000,418.89206143583885,103
2024-09-16 11:46:22.524000,418.9000191451997,101
2024-09-16 11:46:22.558000,418.90441692915977,102
2024-09-16 11:46:22.712000,418.89920612149706,12
2024-09-16 11:46:22.783000,418.8925502844549,9
2024-09-16 11:46:22.915000,418.8780469624054,8
2024-09-16 11:46:23.109000,418.808912132159,15
2024-09-16 11:46:23.142000,418.8748051352212,103
2024-09-16 11:46:23.236000,418.7873717166499,97
2024-09-16 11:46:23.291000,418.7747387916056,99
2024-09-16 11:46:23.320000,418.7862598638615,14
2024-09-16 11:46:23.355000,418.83830155725593,105
2024-09-16 11:46:23.397000,418.8211882946237,996
2024-09-16 11:46:23.450000,418.87940908483927,13
2024-09-16 11:46:23.473000,418.78177714043534,104
2024-09-16 11:46:23.473000,418.8030942166809,12
2024-09-16 11:46:23.474000,418.813395425016,13
2024-09-16 11:46:23.498000,418.80254156794496,7
2024-09-16 11:46:23.600000,418.8350265562404,101
2024-09-16 11:46:23.683000,418.7895402360308,97
2024-09-16 11:46:23.772000,418.8570342703794,999
2024-09-16 11:46:23.900000,418.8586072882563,1002
2024-09-16 11:46:23.986000,418.8170074293226,96
2024-09-16 11:46:24.043000,418.7068772073924,101
2024-09-16 11:46:24.077000,418.6613649963544,15
2024-09-16 11:46:24.092000,418.72331117243175,9
2024-09-16 11:46:24.137000,418.6143409916989,996
2024-09-16 11:46:24.177000,418.71491402631233,11
2024-09-16 11:46:24.208000,418.68116361871216,1002
2024-09-16 11:46:24.214000,418.7343489976216,11
2024-09-16 11:46:24.257000,418.6580915395699,5
2024-09-16 11:46:24.263000,418.63782805666654,6
2024-09-16 11:46:24.264000,418.6055569484835,9
2024-09-16 11:46:24.273000,418.7627362359841,101
2024-09-16 11:46:24.327000,418.7236112974755,100
2024-09-16 11:46:24.339000,418.68898118091965,105
2024-09-16 11:46:24.462000,418.6636457939512,1000
2024-09-16 11:46:24.507000,418.6166658132573,103
2024-09-16 11:46:24.512000,418.6864803364447,103
2024-09-16 11:46:24.697000,418.6988855982217,1002
2024-09-16 11:46:24.731000,418.6089638242543,1001
2024-09-16 11:46:24.811000,418.6780531046562,98
2024-09-16 11:46:24.838000,418.65172454720783,998
2024-09-16 11:46:25.162000,418.5847470225676,6
2024-09-16 11:46:25.163000,418.584977487498,95
2024-09-16 11:46:25.262000,418.6016784071139,5
2024-09-16 11:46:25.944000,418.6096936020846,1002
2024-09-16 11:46:26.022000,418.56380869029095,9
2024-09-16 11:46:26.213000,418.5674071605088,995
2024-09-16 11:46:26.257000,418.5946411739006,97
2024-09-16 11:46:26.281000,418.5859011377053,9
2024-09-16 11:46:26.339000,418.58553759464127,999
2024-09-16 11:46:26.351000,418.5865032392453,103
2024-09-16 11:46:26.369000,418.5699519937812,10
2024-09-16 11:46:26.455000,418.5778363857848,1004
2024-09-16 11:46:26.457000,418.57344496485945,1000
2024-09-16 11:46:26.470000,418.5723487400156,105
2024-09-16 11:46:26.694000,418.5766774551167,9
2024-09-16 11:46:26.745000,418.5680266613441,6
2024-09-16 11:46:26.852000,418.5723117799631,1005
2024-09-16 11:46:27.121000,418.614855234065,8
2024-09-16 11:46:27.210000,418.5831672754727,105
2024-09-16 11:46:27.278000,418.6121942596869,999
2024-09-16 11:46:27.285000,418.59691667599856,101
2024-09-16 11:46:27.318000,418.5879688775971,1002
2024-09-16 11:46:27.373000,418.5939488550308,997
2024-09-16 11:46:27.425000,418.5985974972536,5
2024-09-16 11:46:27.493000,418.5999350321404,102
2024-09-16 11:46:27.497000,418.6287228966822,998
2024-09-16 11:46:27.566000,418.611850475276,100
2024-09-16 11:46:27.589000,418.5934719673802,96
2024-09-16 11:46:27.599000,418.58964045435454,97
2024-09-16 11:46:27.636000,418.59982188623314,1004
2024-09-16 11:46:27.676000,418.5992394510001,104
2024-09-16 11:46:27.681000,418.58068806724265,10
2024-09-16 11:46:27.798000,418.5942362670351,105
2024-09-16 11:46:27.814000,418.59798612352495,102
2024-09-16 11:46:27.840000,418.5857083460487,99
2024-09-16 11:46:27.867000,418.5980526890161,11
2024-09-16 11:46:27.883000,418.5961491460466,996
2024-09-16 11:46:28.013000,418.6285930687337,995
2024-09-16 11:46:28.024000,418.62606381988775,10
2024-09-16 11:46:28.095000,418.5900107361098,96
2024-09-16 11:46:28.113000,418.6070072592364,102
2024-09-16 11:46:28.128000,418.5962886314924,14
2024-09-16 11:46:28.178000,418.63299172130144,11
2024-09-16 11:46:28.186000,418.6006862215417,102
2024-09-16 11:46:28.236000,418.5994823451414,14
2024-09-16 11:46:28.237000,418.6132182958519,996
2024-09-16 11:46:28.266000,418.5921322549368,100
2024-09-16 11:46:28.311000,418.5983204815814,100
2024-09-16 11:46:28.379000,418.6281155512272,14
2024-09-16 11:46:28.409000,418.6196980611453,105
2024-09-16 11:46:28.426000,418.6258833770472,1004
2024-09-16 11:46:28.451000,418.6195694152305,100
2024-09-16 11:46:28.488000,418.6186372877442,996
2024-09-16 11:46:28.519000,418.6297254537969,105
2024-09-16 11:46:28.603000,418.62485009300775,996
2024-09-16 11:46:28.733000,418.6337436248091,5
2024-09-16 11:46:28.921000,418.6401622049659,6
2024-09-16 11:46:28.938000,418.63452844572265,15
2024-09-16 11:46:28.962000,418.6067966694537,995
2024-09-16 11:46:29.135000,418.60032196463777,102
2024-09-16 11:46:29.257000,418.6753727752152,1005
2024-09-16 11:46:29.297000,418.620501575914,1003
2024-09-16 11:46:29.370000,418.6803420121702,1002
2024-09-16 11:46:29.470000,418.6224751964552,96
2024-09-16 11:46:29.553000,418.6272142256574,96
2024-09-16 11:46:29.563000,418.660606674748,95
2024-09-16 11:46:29.588000,418.6618088485122,1002
2024-09-16 11:46:29.615000,418.6641692228228,1003
2024-09-16 11:46:29.674000,418.6630159563856,1000
2024-09-16 11:46:29.721000,418.6836891684626,998
2024-09-16 11:46:29.770000,418.6130290793029,1005
2024-09-16 11:46:29.866000,418.6768598360251,7
2024-09-16 11:46:29.976000,418.6341892549222,14
2024-09-16 11:46:30.047000,418.6498571610061,100
2024-09-16 11:46:30.049000,418.6528106521444,13
2024-09-16 11:46:30.136000,418.66742537313417,12
2024-09-16 11:46:30.192000,418.663047283289,995
2024-09-16 11:46:30.194000,418.66592425617966,1001
2024-09-16 11:46:30.198000,418.6630864935768,1005
2024-09-16 11:46:30.367000,418.6534714957816,98
2024-09-16 11:46:30.431000,418.6686198493509,1005
2024-09-16 11:46:30.447000,418.68658184290126,997
2024-09-16 11:46:30.473000,418.6860316489176,104
2024-09-16 11:46:30.483000,418.6738457177191,100
2024-09-16 11:46:30.639000,418.6820549052146,12
2024-09-16 11:46:30.651000,418.6381716952564,998
2024-09-16 11:46:30.672000,418.6517032847422,999
2024-09-16 11:46:30.710000,418.6672203134055,1002
2024-09-16 11:46:30.761000,418.666999383432,99
2024-09-16 11:46:30.766000,418.6751834958188,1001
2024-09-16 11:46:30.777000,418.6378209891637,13
2024-09-16 11:46:30.792000,418.6719010380618,8
2024-09-16 11:46:30.813000,418.63274641353775,1000
2024-09-16 11:46:30.836000,418.656045305587,105
2024-09-16 11:46:30.913000,418.64227475531527,996
2024-09-16 11:46:30.933000,418.6520429929714,102
2024-09-16 11:46:30.970000,418.64594555786624,996
2024-09-16 11:46:31.018000,418.65423780993086,9
2024-09-16 11:46:31.176000,418.6184796566977,105
2024-09-16 11:46:31.319000,418.62309082173095,6
2024-09-16 11:46:31.383000,418.639638970548,100
2024-09-16 11:46:31.407000,418.6152703685869,1005
2024-09-16 11:46:31.411000,418.6146837496117,1004
2024-09-16 11:46:31.481000,418.63525722575673,5
2024-09-16 11:46:31.557000,418.64797905239175,1004
2024-09-16 11:46:31.605000,418.660475020786,997
2024-09-16 11:46:31.632000,418.6729300412205,13
2024-09-16 11:46:31.744000,418.6290095708421,5
2024-09-16 11:46:31.847000,418.6105454354757,998
2024-09-16 11:46:32.071000,418.5702877153298,9
2024-09-16 11:46:32.159000,418.60646799356414,104
2024-09-16 11:46:32.211000,418.569151766725,1005
2024-09-16 11:46:32.236000,418.62168514627,7
2024-09-16 11:46:32.257000,418.5956395400143,105
2024-09-16 11:46:32.278000,418.59977978572255,5
2024-09-16 11:46:32.289000,418.6139179292614,8
2024-09-16 11:46:32.307000,418.6112262924892,11
2024-09-16 11:46:32.314000,418.6255275760382,103
2024-09-16 11:46:32.315000,418.6078482771511,12
2024-09-16 11:46:32.491000,418.5773225448199,103
2024-09-16 11:46:32.538000,418.61685855556783,1005
2024-09-16 11:46:32.540000,418.5563664933632,104
2024-09-16 11:46:32.600000,418.6021499726013,14
2024-09-16 11:46:32.642000,418.5873076019243,7
2024-09-16 11:46:32.742000,418.62272691423607,102
2024-09-16 11:46:32.742000,418.55405871921766,95
2024-09-16 11:46:32.820000,418.6051095873166,102
2024-09-16 11:46:32.845000,418.5947966347617,998
2024-09-16 11:46:32.874000,418.6076821351129,996
2024-09-16 11:46:32.915000,418.6137324777313,103
2024-09-16 11:46:32.996000,418.5999717435193,995
2024-09-16 11:46:33.157000,418.5394833395067,998
2024-09-16 11:46:33.158000,418.5509694045002,98
2024-09-16 11:46:33.283000,418.5519787509345,996
2024-09-16 11:46:33.354000,418.5350450126429,5
2024-09-16 11:46:33.369000,418.5504598773089,997
2024-09-16 11:46:33.373000,418.5756828869028,995
2024-09-16 11:46:33.380000,418.58108667729385,10
2024-09-16 11:46:33.456000,418.5540355766343,104
2024-09-16 11:46:33.509000,418.5594699771972,8
2024-09-16 11:46:33.582000,418.5447375801928,101
2024-09-16 11:46:33.611000,418.5395837749347,1004
2024-09-16 11:46:33.628000,418.5574908601326,10
2024-09-16 11:46:33.647000,418.5514825333584,103
2024-09-16 11:46:33.649000,418.603511301716,1005
2024-09-16 11:46:33.652000,418.5575428226483,1003
2024-09-16 11:46:33.673000,418.56754199710497,97
2024-09-16 11:46:33.681000,418.5655335765707,100
2024-09-16 11:46:33.695000,418.5451914782103,1001
2024-09-16 11:46:33.712000,418.5596291776355,1000
2024-09-16 11:46:33.724000,418.54539011941006,1001
2024-09-16 11:46:33.737000,418.5558480135571,15
2024-09-16 11:46:33.855000,418.5633425386487,1000
2024-09-16 11:46:33.887000,418.53696633619205,97
2024-09-16 11:46:33.888000,418.5650124985741,998
2024-09-16 11:46:33.907000,418.5568895127665,12
2024-09-16 11:46:33.910000,418.541826310509,997
2024-09-16 11:46:33.927000,418.5637969828279,997
2024-09-16 11:46:33.965000,418.56026668648,996
2024-09-16 11:46:34.061000,418.56441126216873,997
2024-09-16 11:46:34.078000,418.5199276154779,1005
2024-09-16 11:46:34.080000,418.5707953473431,6
2024-09-16 11:46:34.109000,418.5550936985893,1004
2024-09-16 11:46:34.121000,418.5546240712308,97
2024-09-16 11:46:34.127000,418.5285579606805,102
2024-09-16 11:46:34.165000,418.5481391823109,10
2024-09-16 11:46:34.245000,418.52991223237314,98
2024-09-16 11:46:34.351000,418.5272603729266,10
2024-09-16 11:46:34.429000,418.52544289120937,6
2024-09-16 11:46:34.444000,418.52141388810776,96
2024-09-16 11:46:34.544000,418.5479996361065,998
2024-09-16 11:46:34.544000,418.5579224070737,10
2024-09-16 11:46:34.667000,418.5420027591928,14
2024-09-16 11:46:34.681000,418.5443226370168,98
2024-09-16 11:46:34.687000,418.5381234831709,97
2024-09-16 11:46:34.715000,418.5361320789966,1004
2024-09-16 11:46:34.760000,418.542663007946,100
2024-09-16 11:46:34.781000,418.5282765909244,98
2024-09-16 11:46:34.911000,418.5256847436357,11
2024-09-16 11:46:34.916000,418.5205746838158,1001
2024-09-16 11:46:35.023000,418.5617818994015,96
2024-09-16 11:46:35.024000,418.5355140734493,6
2024-09-16 11:46:35.031000,418.5881514628758,9
2024-09-16 11:46:35.140000,418.5921527367949,7
2024-09-16 11:46:35.225000,418.57817754622897,9
2024-09-16 11:46:35.278000,418.5712035246387,1002
2024-09-16 11:46:35.342000,418.560588145153,995
2024-09-16 11:46:35.422000,418.57976526573975,996
2024-09-16 11:46:35.446000,418.5494848768136,101
2024-09-16 11:46:35.481000,418.5354699914084,999
2024-09-16 11:46:35.501000,418.5309539075921,5
2024-09-16 11:46:35.518000,418.5230463173709,996
2024-09-16 11:46:35.671000,418.5413187991968,1003
2024-09-16 11:46:35.715000,418.52611033671104,9
2024-09-16 11:46:35.735000,418.6005479224216,9
2024-09-16 11:46:35.739000,418.5582644858599,102
2024-09-16 11:46:35.761000,418.540196500569,105
2024-09-16 11:46:35.825000,418.5296281944337,995
2024-09-16 11:46:35.827000,418.6077449855908,95
2024-09-16 11:46:35.900000,418.5998551259839,104
2024-09-16 11:46:35.941000,418.5938747713144,1003
2024-09-16 11:46:36.082000,418.6012878133144,96
2024-09-16 11:46:36.101000,418.5618917861323,9
2024-09-16 11:46:36.122000,418.5242813724549,15
2024-09-16 11:46:36.202000,418.58282265835953,998
2024-09-16 11:46:36.287000,418.5758951738256,105
2024-09-16 11:46:36.298000,418.5224773559128,15
2024-09-16 11:46:36.302000,418.5215117259422,101
2024-09-16 11:46:36.328000,418.54165548272687,100
2024-09-16 11:46:36.334000,418.5120763140226,12
2024-09-16 11:46:36.465000,418.5798316169028,96
2024-09-16 11:46:36.495000,418.58564648010406,1000
2024-09-16 11:46:36.564000,418.52071968628815,14
2024-09-16 11:46:36.583000,418.5845787409165,1002
2024-09-16 11:46:36.593000,418.5893507408853,1000
2024-09-16 11:46:36.616000,418.5494279067372,1002
2024-09-16 11:46:36.720000,418.526055877546,99
2024-09-16 11:46:36.802000,418.5409475762452,104
2024-09-16 11:46:36.829000,418.5741898871336,98
2024-09-16 11:46:36.853000,418.5093665621121,101
2024-09-16 11:46:36.868000,418.5274079452592,11
2024-09-16 11:46:36.879000,418.5832311293463,12
2024-09-16 11:46:36.894000,418.5664708594036,995
2024-09-16 11:46:36.904000,418.5198481228903,100
2024-09-16 11:46:36.966000,418.59726327061975,1003
2024-09-16 11:46:37.086000,418.4629764471109,1002
2024-09-16 11:46:37.160000,418.5198602885032,1005
2024-09-16 11:46:37.288000,418.5006216140039,1005
2024-09-16 11:46:37.310000,418.4991714719944,996
2024-09-16 11:46:37.343000,418.4742769960248,5
2024-09-16 11:46:37.391000,418.4450695622326,998
2024-09-16 11:46:37.410000,418.4920053195319,99
2024-09-16 11:46:37.447000,418.45567435310073,1005
2024-09-16 11:46:37.456000,418.47020343172886,1002
2024-09-16 11:46:37.507000,418.4984197806672,99
2024-09-16 11:46:37.529000,418.4194084304922,1001
2024-09-16 11:46:37.608000,418.48686399088433,101
2024-09-16 11:46:37.621000,418.5032716439685,7
2024-09-16 11:46:37.645000,418.4677912212386,14
2024-09-16 11:46:37.799000,418.5090463158112,104
2024-09-16 11:46:37.800000,418.485919322653,1004
2024-09-16 11:46:37.883000,418.4660922330172,996
2024-09-16 11:46:37.924000,418.432706056929,995
2024-09-16 11:46:37.960000,418.4722066203053,11
2024-09-16 11:46:38.087000,418.4439006868933,11
2024-09-16 11:46:38.116000,418.4181399965689,12
2024-09-16 11:46:38.157000,418.4209834228296,1002
2024-09-16 11:46:38.199000,418.4382105079067,996
2024-09-16 11:46:38.202000,418.42712911702745,101
2024-09-16 11:46:38.229000,418.40777689346754,100
2024-09-16 11:46:38.249000,418.4374851207665,1005
2024-09-16 11:46:38.265000,418.4498271871822,95
2024-09-16 11:46:38.279000,418.4309762770826,97
2024-09-16 11:46:38.291000,418.4175041058255,996
2024-09-16 11:46:38.388000,418.44074316580895,96
2024-09-16 11:46:38.394000,418.4307802952718,101
2024-09-16 11:46:38.417000,418.411973084476,9
2024-09-16 11:46:38.505000,418.4189523681202,105
2024-09-16 11:46:38.546000,418.464281645304,1002
2024-09-16 11:46:38.568000,418.4551427842501,1001
2024-09-16 11:46:38.708000,418.4289330349074,1004
2024-09-16 11:46:38.755000,418.4022933174975,102
2024-09-16 11:46:38.847000,418.4478265257741,15
2024-09-16 11:46:38.903000,418.4409807459149,12
2024-09-16 11:46:39.622000,418.4589221413915,1002
2024-09-16 11:46:39.678000,418.4555559402143,101
2024-09-16 11:46:39.793000,418.449686541608,95
2024-09-16 11:46:40.089000,418.4592362239098,9
2024-09-16 11:46:40.314000,418.471108737712,1001
2024-09-16 11:46:40.329000,418.4715722995375,997
2024-09-16 11:46:40.397000,418.4701514284424,105
2024-09-16 11:46:40.615000,418.4543736222402,1004
2024-09-16 11:46:40.676000,418.4569492630725,96
2024-09-16 11:46:40.716000,418.4588474061253,96
2024-09-16 11:46:40.744000,418.4501640202575,101
2024-09-16 11:46:40.753000,418.45982837587,7
2024-09-16 11:46:40.834000,418.4360588841303,5
2024-09-16 11:46:41.088000,418.5358466294672,7
2024-09-16 11:46:41.193000,418.5360009334683,95
2024-09-16 11:46:41.323000,418.4892084210825,1004
2024-09-16 11:46:41.337000,418.5441270747572,998
2024-09-16 11:46:41.414000,418.4964725139777,104
2024-09-16 11:46:41.424000,418.4965722710101,1000
2024-09-16 11:46:41.465000,418.49212337269614,997
2024-09-16 11:46:41.470000,418.53401467354,8
2024-09-16 11:46:41.662000,418.4811859086944,998
2024-09-16 11:46:41.716000,418.4989173096756,103
2024-09-16 11:46:41.845000,418.52160435384735,96
2024-09-16 11:46:41.849000,418.56190630207095,10
2024-09-16 11:46:41.873000,418.538015549761,5
2024-09-16 11:46:41.906000,418.46554202053056,8
2024-09-16 11:46:42.256000,418.5315224508693,7
2024-09-16 11:46:42.284000,418.5292720272421,1004
2024-09-16 11:46:42.637000,418.5239799135266,10
2024-09-16 11:46:42.759000,418.5368955279931,996
2024-09-16 11:46:42.852000,418.5252278942332,14
2024-09-16 11:46:42.961000,418.5401003190061,96
2024-09-16 11:46:43.190000,418.5301108105695,6
2024-09-16 11:46:43.374000,418.5018758629554,7
2024-09-16 11:46:43.460000,418.46777320816574,102
2024-09-16 11:46:43.477000,418.508982161078,100
2024-09-16 11:46:43.479000,418.52816824144753,96
2024-09-16 11:46:43.547000,418.47895879867207,997
2024-09-16 11:46:43.560000,418.4905674667807,104
2024-09-16 11:46:43.696000,418.5270432909835,995
2024-09-16 11:46:43.697000,418.5094990791033,1005
2024-09-16 11:46:43.869000,418.5090021440069,995
2024-09-16 11:46:43.898000,418.4861337428538,95
2024-09-16 11:46:43.943000,418.51868767407774,9
2024-09-16 11:46:43.972000,418.4653416237308,105
2024-09-16 11:46:44.005000,418.5157149166813,998
2024-09-16 11:46:44.021000,418.58626873432206,105
2024-09-16 11:46:44.084000,418.5512491869748,102
2024-09-16 11:46:44.122000,418.5750282848149,1002
2024-09-16 11:46:44.161000,418.56908342394223,103
2024-09-16 11:46:44.185000,418.5319502333453,104
2024-09-16 11:46:44.250000,418.54494423646656,11
2024-09-16 11:46:44.300000,418.53302520740016,97
2024-09-16 11:46:44.320000,418.5515624100307,98
2024-09-16 11:46:44.461000,418.5513136338852,1003
2024-09-16 11:46:44.472000,418.555146793955,9
2024-09-16 11:46:44.498000,418.55707101811504,1005
2024-09-16 11:46:44.537000,418.558741663272,11
2024-09-16 11:46:44.557000,418.56254961125137,1005
2024-09-16 11:46:44.563000,418.5763623564592,101
2024-09-16 11:46:44.580000,418.5200852762327,15
2024-09-16 11:46:44.595000,418.5424610975169,1002
2024-09-16 11:46:44.598000,418.5805447639693,7
2024-09-16 11:46:44.660000,418.56159117154766,101
2024-09-16 11:46:44.675000,418.5469546503928,13
2024-09-16 11:46:44.756000,418.5548962581854,12
2024-09-16 11:46:44.875000,418.5407298573059,1005
2024-09-16 11:46:44.881000,418.52553414376194,1004
2024-09-16 11:46:44.931000,418.5359865786362,104
2024-09-16 11:46:45.182000,418.5385400956085,97
2024-09-16 11:46:45.238000,418.5646899709933,14
2024-09-16 11:46:45.269000,418.5378508485181,95
2024-09-16 11:46:45.422000,418.5720489618295,1000
2024-09-16 11:46:45.464000,418.5597614165301,97
2024-09-16 11:46:45.743000,418.5469566674991,9
2024-09-16 11:46:45.792000,418.5463603416102,103
2024-09-16 11:46:45.810000,418.5536941051232,1004
2024-09-16 11:46:45.930000,418.5541229297296,13
2024-09-16 11:46:45.962000,418.5746362508693,1004
2024-09-16 11:46:46.028000,418.5046189385776,98
2024-09-16 11:46:46.170000,418.52497448676417,103
2024-09-16 11:46:46.174000,418.52560649672506,100
2024-09-16 11:46:46.213000,418.5381127968095,997
2024-09-16 11:46:46.230000,418.5859453270558,7
2024-09-16 11:46:46.286000,418.5785008237758,99
2024-09-16 11:46:46.405000,418.5118169663268,97
2024-09-16 11:46:46.482000,418.53076900046,95
2024-09-16 11:46:46.484000,418.6074077596665,104
2024-09-16 11:46:46.563000,418.5185987916216,96
2024-09-16 11:46:46.576000,418.5721219667684,999
2024-09-16 11:46:46.581000,418.59150135194375,1003
2024-09-16 11:46:46.626000,418.566893498732,5
2024-09-16 11:46:46.651000,418.61662763174246,15
2024-09-16 11:46:46.673000,418.5560470632518,997
2024-09-16 11:46:46.675000,418.5630734171712,97
2024-09-16 11:46:46.692000,418.6124264846154,6
2024-09-16 11:46:46.731000,418.5630957245787,97
2024-09-16 11:46:46.749000,418.52525582930616,1003
2024-09-16 11:46:46.763000,418.5360997561297,10
2024-09-16 11:46:46.824000,418.6322241435189,1005
2024-09-16 11:46:46.841000,418.5833273019884,101
2024-09-16 11:46:46.958000,418.5826638127005,999
2024-09-16 11:46:46.993000,418.5603539204289,104
2024-09-16 11:46:47.174000,418.3972019619132,102
2024-09-16 11:46:47.207000,418.479566005981,1002
2024-09-16 11:46:47.267000,418.4412516913487,15
2024-09-16 11:46:47.313000,418.4156878785324,8
2024-09-16 11:46:47.317000,418.5327652907968,95
2024-09-16 11:46:47.416000,418.43838311052144,999
2024-09-16 11:46:47.418000,418.4656710953034,998
2024-09-16 11:46:47.457000,418.4513129105272,95
2024-09-16 11:46:47.491000,418.4313627426932,12
2024-09-16 11:46:47.517000,418.464681942396,998
2024-09-16 11:46:47.542000,418.3921123994904,998
2024-09-16 11:46:47.548000,418.4438871052014,12
2024-09-16 11:46:47.729000,418.4210254687025,14
2024-09-16 11:46:47.786000,418.4392818668951,5
2024-09-16 11:46:47.794000,418.4243646694176,100
2024-09-16 11:46:47.822000,418.4555081831937,99
2024-09-16 11:46:47.855000,418.4259281151871,998
2024-09-16 11:46:47.889000,418.5079965000087,14
2024-09-16 11:46:47.933000,418.53530484653146,9
2024-09-16 11:46:47.990000,418.4793886524985,15
2024-09-16 11:46:48.246000,418.3989584824235,102
2024-09-16 11:46:48.465000,418.4098677685134,101
2024-09-16 11:46:48.488000,418.4094797267274,9
2024-09-16 11:46:48.635000,418.4129358466298,96
2024-09-16 11:46:48.787000,418.4064332195076,11
2024-09-16 11:46:48.833000,418.40722460535017,99
2024-09-16 11:46:48.853000,418.3892438953429,7
2024-09-16 11:46:49.007000,418.434042923782,97
2024-09-16 11:46:49.055000,418.3738303980832,102
2024-09-16 11:46:49.060000,418.4397748475389,9
2024-09-16 11:46:49.155000,418.43930754453424,1003
2024-09-16 11:46:49.221000,418.4292281393383,995
2024-09-16 11:46:49.280000,418.3966799202311,15
2024-09-16 11:46:49.458000,418.404385087467,997
2024-09-16 11:46:49.483000,418.42240727854505,7
2024-09-16 11:46:49.496000,418.4051594820045,1002
2024-09-16 11:46:49.523000,418.4184035982191,97
2024-09-16 11:46:49.603000,418.436645733195,96
2024-09-16 11:46:49.654000,418.3833526041856,97
2024-09-16 11:46:49.723000,418.4331648789971,9
2024-09-16 11:46:49.735000,418.4159407203115,100
2024-09-16 11:46:49.834000,418.4637907129385,1001
2024-09-16 11:46:49.842000,418.4268383826768,13
2024-09-16 11:46:49.871000,418.4371712506243,95
2024-09-16 11:46:49.883000,418.4262900205068,1002
2024-09-16 11:46:49.924000,418.4110617142941,12
2024-09-16 11:46:49.958000,418.4529595559089,996
2024-09-16 11:46:49.992000,418.453865987567,1002
2024-09-16 11:46:50.063000,418.3607493355491,9
2024-09-16 11:46:50.072000,418.3960345003957,13
2024-09-16 11:46:50.256000,418.3986538579102,14
2024-09-16 11:46:50.397000,418.3895536430256,5
2024-09-16 11:46:50.463000,418.3920466858279,5
2024-09-16 11:46:50.464000,418.372271242341,12
2024-09-16 11:46:50.643000,418.3823870903552,1001
2024-09-16 11:46:50.644000,418.4020429979059,95
2024-09-16 11:46:50.899000,418.3696697031909,103
2024-09-16 11:46:50.922000,418.37886369563273,5
2024-09-16 11:46:50.957000,418.3968513829277,12
2024-09-16 11:46:51.061000,418.3458661776377,1005
2024-09-16 11:46:51.117000,418.32694151737735,14
2024-09-16 11:46:51.135000,418.3794099041768,10
2024-09-16 11:46:51.150000,418.3613434098106,95
2024-09-16 11:46:51.219000,418.31547094483335,999
2024-09-16 11:46:51.333000,418.3332756239101,1004
2024-09-16 11:46:51.352000,418.3606984475315,104
2024-09-16 11:46:51.448000,418.359653184809,96
2024-09-16 11:46:51.482000,418.3493022056441,9
2024-09-16 11:46:51.486000,418.3341969338964,1000
2024-09-16 11:46:51.557000,418.37200466438304,1003
2024-09-16 11:46:51.607000,418.3290829399948,101
2024-09-16 11:46:51.637000,418.4011532996084,1000
2024-09-16 11:46:51.675000,418.35495188063874,10
2024-09-16 11:46:51.697000,418.3636719236843,15
2024-09-16 11:46:51.701000,418.3690541453541,97
2024-09-16 11:46:51.740000,418.32716027572746,96
2024-09-16 11:46:51.742000,418.3580891881321,1005
2024-09-16 11:46:51.747000,418.3377239736803,998
2024-09-16 11:46:51.907000,418.3845914807548,995
2024-09-16 11:46:51.960000,418.3627999121377,9
2024-09-16 11:46:51.998000,418.37977416324975,11
2024-09-16 11:46:52.002000,418.383806529674,1002
2024-09-16 11:46:52.168000,418.3951713818352,1002
2024-09-16 11:46:52.249000,418.4393162209636,13
2024-09-16 11:46:52.250000,418.3506834561812,999
2024-09-16 11:46:52.317000,418.4403142620473,13
2024-09-16 11:46:52.383000,418.411157088058,96
2024-09-16 11:46:52.447000,418.41745734631,96
2024-09-16 11:46:52.449000,418.3521499484813,96
2024-09-16 11:46:52.480000,418.3767993523554,14
2024-09-16 11:46:52.497000,418.4173633320371,1005
2024-09-16 11:46:52.602000,418.3804617838747,1004
2024-09-16 11:46:52.787000,418.3977820161714,11
2024-09-16 11:46:52.866000,418.4146251941679,8
2024-09-16 11:46:52.884000,418.3710521085271,105
2024-09-16 11:46:52.932000,418.4155182008099,11
2024-09-16 11:46:52.970000,418.42332044574334,105
2024-09-16 11:46:53.034000,418.4057635136104,103
2024-09-16 11:46:53.068000,418.4021080998427,103
2024-09-16 11:46:53.118000,418.349907226817,9
2024-09-16 11:46:53.188000,418.4057153336342,1003
2024-09-16 11:46:53.200000,418.3965093516412,13
2024-09-16 11:46:53.252000,418.3660376992479,1002
2024-09-16 11:46:53.290000,418.40482221766587,97
2024-09-16 11:46:53.295000,418.3927630614408,100
2024-09-16 11:46:53.363000,418.41990638321744,8
2024-09-16 11:46:53.402000,418.4053029825852,103
2024-09-16 11:46:53.423000,418.3959827709456,996
2024-09-16 11:46:53.488000,418.4018785704481,1003
2024-09-16 11:46:53.537000,418.39030217244186,13
2024-09-16 11:46:53.538000,418.4073830244975,1000
2024-09-16 11:46:53.582000,418.3881077033853,1001
2024-09-16 11:46:53.645000,418.43597235004665,998
2024-09-16 11:46:53.649000,418.3799537803838,14
2024-09-16 11:46:53.733000,418.40240446337145,12
2024-09-16 11:46:53.763000,418.4111229848076,1005
2024-09-16 11:46:53.771000,418.3586801466877,105
2024-09-16 11:46:53.838000,418.3952025091555,95
2024-09-16 11:46:53.929000,418.4035748241114,1000
2024-09-16 11:46:53.946000,418.416682634124,11
2024-09-16 11:46:53.956000,418.4299575269196,13
2024-09-16 11:46:53.969000,418.4134197469279,999
2024-09-16 11:46:53.984000,418.4293185031373,7
2024-09-16 11:46:54.034000,418.3905398086553,95
2024-09-16 11:46:54.153000,418.4078217085565,15
2024-09-16 11:46:54.187000,418.37517765789545,95
2024-09-16 11:46:54.322000,418.3669288389316,12
2024-09-16 11:46:54.498000,418.35066819060927,998
2024-09-16 11:46:54.614000,418.4121666067746,99
2024-09-16 11:46:54.644000,418.38584979000353,998
2024-09-16 11:46:54.684000,418.38790517221537,15
2024-09-16 11:46:54.818000,418.3840621018089,104
2024-09-16 11:46:54.968000,418.3762254100724,1000
2024-09-16 11:46:55.171000,418.3892658184644,10
2024-09-16 11:46:55.181000,418.3871111696783,999
2024-09-16 11:46:55.225000,418.3823781140437,14
2024-09-16 11:46:55.249000,418.3907298219124,10
2024-09-16 11:46:55.439000,418.3860035029209,1005
2024-09-16 11:46:55.443000,418.3655951980761,14
2024-09-16 11:46:55.480000,418.3785058671991,104
2024-09-16 11:46:55.571000,418.3572965571512,9
2024-09-16 11:46:55.591000,418.3837064535288,5
2024-09-16 11:46:55.679000,418.3823196537178,1003
2024-09-16 11:46:55.754000,418.388909567656,103
2024-09-16 11:46:55.787000,418.3925674058674,1000
2024-09-16 11:46:55.796000,418.37147161035233,101
2024-09-16 11:46:55.951000,418.3962130706264,99
2024-09-16 11:46:56.045000,418.473433583136,102
2024-09-16 11:46:56.046000,418.4058967011133,995
2024-09-16 11:46:56.088000,418.4105643545061,11
2024-09-16 11:46:56.204000,418.4636234435088,95
2024-09-16 11:46:56.219000,418.4154043573779,1005
2024-09-16 11:46:56.241000,418.4078724396611,12
2024-09-16 11:46:56.284000,418.4595411894659,1000
2024-09-16 11:46:56.320000,418.4527372144368,1005
2024-09-16 11:46:56.340000,418.4492044978437,1004
2024-09-16 11:46:56.396000,418.4224582784223,99
2024-09-16 11:46:56.419000,418.41753771167095,5
2024-09-16 11:46:56.543000,418.4489886285209,1005
2024-09-16 11:46:56.545000,418.4431940695556,999
2024-09-16 11:46:56.547000,418.464967635576,1003
2024-09-16 11:46:56.568000,418.4537101950676,97
2024-09-16 11:46:56.590000,418.393100086928,10
2024-09-16 11:46:56.597000,418.40839413227127,103
2024-09-16 11:46:56.644000,418.4987677124372,13
2024-09-16 11:46:56.666000,418.46290131680126,996
2024-09-16 11:46:56.699000,418.41251054909657,996
2024-09-16 11:46:56.780000,418.4731981357544,12
2024-09-16 11:46:56.917000,418.3800339984005,10
2024-09-16 11:46:57.072000,418.541813305572,995
2024-09-16 11:46:57.153000,418.568803286562,995
2024-09-16 11:46:57.313000,418.55651311556346,6
2024-09-16 11:46:57.329000,418.4953449336832,95
2024-09-16 11:46:57.366000,418.4972594519388,15
2024-09-16 11:46:57.378000,418.50170799054814,103
2024-09-16 11:46:57.403000,418.5798118054586,1004
2024-09-16 11:46:57.408000,418.5292879133442,1000
2024-09-16 11:46:57.417000,418.5371191154471,999
2024-09-16 11:46:57.481000,418.51603037711465,6
2024-09-16 11:46:57.489000,418.56821714372205,1000
2024-09-16 11:46:57.518000,418.51933829882086,1002
2024-09-16 11:46:57.528000,418.5018824981781,1005
2024-09-16 11:46:57.564000,418.4687097981561,101
2024-09-16 11:46:57.572000,418.5813845050545,13
2024-09-16 11:46:57.576000,418.5606951797844,95
2024-09-16 11:46:57.641000,418.5073777668273,1005
2024-09-16 11:46:57.847000,418.5200325667768,1002
2024-09-16 11:46:57.853000,418.5517960524974,101
2024-09-16 11:46:57.882000,418.5170318811187,13
2024-09-16 11:46:57.883000,418.5602170070939,95
2024-09-16 11:46:57.889000,418.4834488266866,1004
2024-09-16 11:46:57.892000,418.57360713714894,999
2024-09-16 11:46:57.973000,418.5050841449537,9
2024-09-16 11:46:58.021000,418.4621948010463,12
2024-09-16 11:46:58.035000,418.4936942592132,13
2024-09-16 11:46:58.088000,418.48733632560766,1002
2024-09-16 11:46:58.094000,418.4903616879061,11
2024-09-16 11:46:58.116000,418.4912805832684,1005
2024-09-16 11:46:58.137000,418.482183249657,1004
2024-09-16 11:46:58.193000,418.4828411544797,1000
2024-09-16 11:46:58.210000,418.45828072519055,97
2024-09-16 11:46:58.246000,418.466167984784,1001
2024-09-16 11:46:58.373000,418.50848507405135,998
2024-09-16 11:46:58.400000,418.4889999919001,12
2024-09-16 11:46:58.430000,418.471656686192,104
2024-09-16 11:46:58.438000,418.4679380685121,97
2024-09-16 11:46:58.439000,418.4532888694015,100
2024-09-16 11:46:58.457000,418.4700291519905,104
2024-09-16 11:46:58.655000,418.4790623677277,102
2024-09-16 11:46:58.782000,418.4662712715765,7
2024-09-16 11:46:58.789000,418.4926767426418,102
2024-09-16 11:46:58.827000,418.47662490506593,14
2024-09-16 11:46:58.899000,418.4692028004053,95
2024-09-16 11:46:58.938000,418.4543027091235,1002
2024-09-16 11:46:58.948000,418.4817037800589,12
2024-09-16 11:46:58.958000,418.5027462209569,10
2024-09-16 11:46:59.010000,418.4881736141107,6
2024-09-16 11:46:59.072000,418.4777309240458,1003
2024-09-16 11:46:59.081000,418.432989907152,98
2024-09-16 11:46:59.210000,418.4138081185644,97
2024-09-16 11:46:59.284000,418.4703692095715,95
2024-09-16 11:46:59.329000,418.4089856254783,101
2024-09-16 11:46:59.329000,418.4166702314114,95
2024-09-16 11:46:59.341000,418.48645890927423,1002
2024-09-16 11:46:59.449000,418.4881502597669,14
2024-09-16 11:46:59.526000,418.4827170601085,5
2024-09-16 11:46:59.624000,418.4051982819495,9
2024-09-16 11:46:59.654000,418.43852265021815,102
2024-09-16 11:46:59.694000,418.4063092120019,1003
2024-09-16 11:46:59.767000,418.4863886488254,95
2024-09-16 11:46:59.826000,418.3989081458772,10
2024-09-16 11:46:59.874000,418.4375630689645,98
2024-09-16 11:46:59.952000,418.39299074651336,95
2024-09-16 11:46:59.956000,418.4148029018383,12
2024-09-16 11:46:59.960000,418.4806475515391,95
2024-09-16 11:46:59.967000,418.4944368799428,104
