Timestamp,Price,Size
2024-09-17 14:17:00.026000,403.5661385583412,7
2024-09-17 14:17:00.035000,403.607339750712,97
2024-09-17 14:17:00.053000,403.6171309711581,97
2024-09-17 14:17:00.128000,403.6036022229909,1002
2024-09-17 14:17:00.228000,403.6280861656418,995
2024-09-17 14:17:00.257000,403.5357498348719,102
2024-09-17 14:17:00.262000,403.6221191980145,99
2024-09-17 14:17:00.295000,403.5606183290037,1002
2024-09-17 14:17:00.309000,403.5671552708663,13
2024-09-17 14:17:00.331000,403.566726633467,7
2024-09-17 14:17:00.373000,403.5942971132797,996
2024-09-17 14:17:00.429000,403.57447180393046,1004
2024-09-17 14:17:00.433000,403.5767641361186,14
2024-09-17 14:17:00.528000,403.5559094036251,6
2024-09-17 14:17:00.551000,403.6221038686005,105
2024-09-17 14:17:00.561000,403.6237230190644,1001
2024-09-17 14:17:00.574000,403.5674650239703,100
2024-09-17 14:17:00.590000,403.6260605594811,997
2024-09-17 14:17:00.607000,403.609856820539,100
2024-09-17 14:17:00.613000,403.5681612885475,6
2024-09-17 14:17:00.720000,403.6197731498791,102
2024-09-17 14:17:00.808000,403.5313410120034,15
2024-09-17 14:17:00.947000,403.61354596351566,7
2024-09-17 14:17:00.973000,403.5383714203113,95
2024-09-17 14:17:00.997000,403.61282345171327,6
2024-09-17 14:17:02.014000,403.5396077259037,99
2024-09-17 14:17:02.022000,403.576052478238,13
2024-09-17 14:17:02.035000,403.6184023453574,1005
2024-09-17 14:17:02.070000,403.5096053416197,10
2024-09-17 14:17:02.085000,403.5367958314268,997
2024-09-17 14:17:02.123000,403.525074397179,99
2024-09-17 14:17:02.161000,403.51100456445647,1004
2024-09-17 14:17:02.167000,403.5518839653973,100
2024-09-17 14:17:02.169000,403.54666382283983,1000
2024-09-17 14:17:02.196000,403.5324334055084,1004
2024-09-17 14:17:02.220000,403.50490206131326,999
2024-09-17 14:17:02.242000,403.5411148537999,95
2024-09-17 14:17:02.364000,403.5968847247784,98
2024-09-17 14:17:02.388000,403.5373121582572,15
2024-09-17 14:17:02.445000,403.520628625286,6
2024-09-17 14:17:02.469000,403.615365792819,1002
2024-09-17 14:17:02.486000,403.5185206689736,997
2024-09-17 14:17:02.573000,403.5910184536197,7
2024-09-17 14:17:02.678000,403.6165823880421,1004
2024-09-17 14:17:02.710000,403.59996966593,5
2024-09-17 14:17:02.827000,403.5045620431514,95
2024-09-17 14:17:02.866000,403.618163124678,100
2024-09-17 14:17:02.882000,403.5583013482617,995
2024-09-17 14:17:02.957000,403.51485465592106,997
2024-09-17 14:17:02.972000,403.51584555552375,9
2024-09-17 14:17:02.978000,403.5911718918612,101
2024-09-17 14:17:03.040000,403.5796929952628,98
2024-09-17 14:17:03.061000,403.5151586483415,6
2024-09-17 14:17:03.079000,403.5164108089292,6
2024-09-17 14:17:03.080000,403.54884190153217,14
2024-09-17 14:17:03.111000,403.5495018383556,101
2024-09-17 14:17:03.198000,403.5124329352765,998
2024-09-17 14:17:03.233000,403.5328941209568,1001
2024-09-17 14:17:03.240000,403.5749069971647,14
2024-09-17 14:17:03.250000,403.5899157216127,96
2024-09-17 14:17:03.252000,403.522740958934,1003
2024-09-17 14:17:03.352000,403.5147437111065,998
2024-09-17 14:17:03.387000,403.5929397430848,5
2024-09-17 14:17:03.428000,403.5909348634334,15
2024-09-17 14:17:03.523000,403.5853966424935,1003
2024-09-17 14:17:03.787000,403.6000628202335,13
2024-09-17 14:17:03.806000,403.59695608799257,995
2024-09-17 14:17:03.816000,403.578130512058,96
2024-09-17 14:17:03.852000,403.58599166925575,996
2024-09-17 14:17:03.901000,403.5454365529098,104
2024-09-17 14:17:03.921000,403.5931850597109,10
2024-09-17 14:17:04.120000,403.4651736922007,999
2024-09-17 14:17:04.134000,403.4985048741603,98
2024-09-17 14:17:04.139000,403.4843888841405,6
2024-09-17 14:17:04.153000,403.5062921272341,100
2024-09-17 14:17:04.205000,403.5136035368459,98
2024-09-17 14:17:04.401000,403.4856694407458,1001
2024-09-17 14:17:04.502000,403.4772802363277,103
2024-09-17 14:17:04.514000,403.4721094021152,96
2024-09-17 14:17:04.559000,403.502261736596,1004
2024-09-17 14:17:04.611000,403.5113146646338,96
2024-09-17 14:17:04.682000,403.5244862987236,15
2024-09-17 14:17:04.719000,403.5024793495471,1002
2024-09-17 14:17:04.771000,403.5185187193815,1000
2024-09-17 14:17:04.816000,403.5059831947904,11
2024-09-17 14:17:04.847000,403.49319941284193,1001
2024-09-17 14:17:05.052000,403.5459847495847,996
2024-09-17 14:17:05.193000,403.5446811464248,98
2024-09-17 14:17:05.281000,403.5139973397943,11
2024-09-17 14:17:05.356000,403.5242690606467,1002
2024-09-17 14:17:05.409000,403.5223810958405,14
2024-09-17 14:17:05.609000,403.5367499333074,995
2024-09-17 14:17:05.652000,403.5278970681947,998
2024-09-17 14:17:05.668000,403.5300823329685,995
2024-09-17 14:17:05.794000,403.5469133220995,13
2024-09-17 14:17:05.892000,403.53658214040905,995
2024-09-17 14:17:05.929000,403.5453701219713,14
2024-09-17 14:17:06.053000,403.55284386100897,96
2024-09-17 14:17:09.036000,403.5772601959136,103
2024-09-17 14:17:09.086000,403.5304841076443,95
2024-09-17 14:17:09.112000,403.5871188351119,6
2024-09-17 14:17:09.145000,403.4878759255648,1002
2024-09-17 14:17:09.198000,403.5067308143025,101
2024-09-17 14:17:09.213000,403.55066196994665,1004
2024-09-17 14:17:09.220000,403.5380026287944,15
2024-09-17 14:17:09.231000,403.50224532145046,97
2024-09-17 14:17:09.278000,403.5599770556248,14
2024-09-17 14:17:09.279000,403.5727717366868,1001
2024-09-17 14:17:09.290000,403.559829941396,995
2024-09-17 14:17:09.292000,403.53552803862107,995
2024-09-17 14:17:09.416000,403.5856301696607,1003
2024-09-17 14:17:09.439000,403.55799323945297,103
2024-09-17 14:17:09.497000,403.5316842329893,97
2024-09-17 14:17:09.525000,403.51155356555967,1005
2024-09-17 14:17:09.541000,403.5369607810287,996
2024-09-17 14:17:09.550000,403.5415245152163,1002
2024-09-17 14:17:09.691000,403.5475816332541,12
2024-09-17 14:17:09.744000,403.57810439607454,1001
2024-09-17 14:17:09.783000,403.56446843893553,1000
2024-09-17 14:17:09.889000,403.57705991177295,96
2024-09-17 14:17:09.957000,403.494080749453,1005
2024-09-17 14:17:09.997000,403.56077903859415,103
2024-09-17 14:17:10.060000,403.49671675115377,100
2024-09-17 14:17:10.104000,403.5362583685419,1001
2024-09-17 14:17:10.165000,403.5465875273738,1003
2024-09-17 14:17:10.206000,403.5257164999716,103
2024-09-17 14:17:10.275000,403.5048680395558,98
2024-09-17 14:17:10.350000,403.4925674699842,15
2024-09-17 14:17:10.359000,403.5017647862236,12
2024-09-17 14:17:10.391000,403.50769524945633,1003
2024-09-17 14:17:10.413000,403.488445236811,13
2024-09-17 14:17:10.441000,403.5018087072913,997
2024-09-17 14:17:10.470000,403.4938247389148,102
2024-09-17 14:17:10.514000,403.50730985142025,1004
2024-09-17 14:17:10.538000,403.525702948624,9
2024-09-17 14:17:10.584000,403.5022373480559,14
2024-09-17 14:17:10.598000,403.4933776922932,99
2024-09-17 14:17:10.620000,403.52136907268505,7
2024-09-17 14:17:10.692000,403.4846428752368,6
2024-09-17 14:17:10.714000,403.5295836225313,7
2024-09-17 14:17:10.740000,403.51831577321445,998
2024-09-17 14:17:10.767000,403.5010033394117,104
2024-09-17 14:17:10.820000,403.509848612788,996
2024-09-17 14:17:10.854000,403.4911666639188,97
2024-09-17 14:17:10.889000,403.5060252739437,99
2024-09-17 14:17:10.931000,403.5003745898592,9
2024-09-17 14:17:10.960000,403.4817614882427,6
2024-09-17 14:17:10.964000,403.5095392012877,9
2024-09-17 14:17:10.971000,403.48178230178985,11
2024-09-17 14:17:10.992000,403.510352639752,99
2024-09-17 14:17:12.078000,403.45714682784194,1000
2024-09-17 14:17:12.126000,403.5030165203374,5
2024-09-17 14:17:12.128000,403.4598148875641,9
2024-09-17 14:17:12.130000,403.4899001767644,995
2024-09-17 14:17:12.147000,403.4565274427408,96
2024-09-17 14:17:12.158000,403.5183695068247,103
2024-09-17 14:17:12.215000,403.4575903377287,1000
2024-09-17 14:17:12.220000,403.4929627560367,996
2024-09-17 14:17:12.226000,403.4753671869901,1005
2024-09-17 14:17:12.243000,403.5381162040129,998
2024-09-17 14:17:12.450000,403.4613316541865,998
2024-09-17 14:17:12.470000,403.48800906323686,996
2024-09-17 14:17:12.491000,403.47023427694864,1004
2024-09-17 14:17:12.534000,403.4567984471338,96
2024-09-17 14:17:12.747000,403.4696232985441,997
2024-09-17 14:17:12.796000,403.45653052450825,1005
2024-09-17 14:17:12.873000,403.5239443906682,96
2024-09-17 14:17:12.919000,403.4640844413336,10
2024-09-17 14:17:12.924000,403.46295430152566,1001
2024-09-17 14:17:12.998000,403.469064432585,1004
2024-09-17 14:17:13.061000,403.4634664972372,96
2024-09-17 14:17:13.209000,403.4638946892121,1000
2024-09-17 14:17:13.267000,403.4643836618025,100
2024-09-17 14:17:13.438000,403.47973724947934,1005
2024-09-17 14:17:13.549000,403.4583922032938,100
2024-09-17 14:17:13.557000,403.4576268552118,6
2024-09-17 14:17:13.681000,403.4593675423615,1002
2024-09-17 14:17:13.690000,403.46749979316513,100
2024-09-17 14:17:13.717000,403.4522130636638,101
2024-09-17 14:17:13.857000,403.4912075323107,12
2024-09-17 14:17:13.998000,403.4533193243613,9
2024-09-17 14:17:14.237000,403.44451950715137,8
2024-09-17 14:17:14.323000,403.45020624662175,8
2024-09-17 14:17:14.544000,403.462908610323,100
2024-09-17 14:17:14.634000,403.47071383305774,1001
2024-09-17 14:17:14.782000,403.455147737157,14
2024-09-17 14:17:14.871000,403.4376151892367,97
2024-09-17 14:17:15.164000,403.4489052017032,99
2024-09-17 14:17:15.586000,403.45502529626816,1002
2024-09-17 14:17:15.933000,403.4451452416087,97
2024-09-17 14:17:16.123000,403.4300575017061,101
2024-09-17 14:17:16.246000,403.42696001010495,15
2024-09-17 14:17:16.264000,403.3833127257741,1000
2024-09-17 14:17:16.297000,403.4232156198989,1000
2024-09-17 14:17:16.323000,403.4102939849057,1004
2024-09-17 14:17:16.437000,403.38039809711086,8
2024-09-17 14:17:16.463000,403.4311727564052,1001
2024-09-17 14:17:16.472000,403.4172694695465,1005
2024-09-17 14:17:16.477000,403.4261747136022,1005
2024-09-17 14:17:16.516000,403.4042104595669,105
2024-09-17 14:17:16.551000,403.4535783358582,995
2024-09-17 14:17:16.581000,403.39126797130575,12
2024-09-17 14:17:16.636000,403.4447463381294,11
2024-09-17 14:17:16.676000,403.3877566799208,996
2024-09-17 14:17:16.745000,403.4557325690009,103
2024-09-17 14:17:16.757000,403.4050764086564,101
2024-09-17 14:17:16.764000,403.43141161034464,99
2024-09-17 14:17:16.773000,403.371699399064,105
2024-09-17 14:17:16.794000,403.39209927200216,999
2024-09-17 14:17:16.923000,403.4375899040633,997
2024-09-17 14:17:17.167000,403.314274759254,102
2024-09-17 14:17:17.190000,403.3229539837034,5
2024-09-17 14:17:17.300000,403.3076282541501,105
2024-09-17 14:17:17.330000,403.3578419142459,15
2024-09-17 14:17:17.332000,403.3257392283692,101
2024-09-17 14:17:17.362000,403.33303374439913,15
2024-09-17 14:17:17.410000,403.30689670050384,1003
2024-09-17 14:17:17.495000,403.3180493972439,8
2024-09-17 14:17:17.567000,403.29890211884566,1002
2024-09-17 14:17:17.576000,403.3220428667155,105
2024-09-17 14:17:17.649000,403.3083869298007,10
2024-09-17 14:17:17.667000,403.3301476378812,100
2024-09-17 14:17:17.690000,403.3167538906667,1004
2024-09-17 14:17:17.753000,403.37225530123897,11
2024-09-17 14:17:17.809000,403.3204093647787,5
2024-09-17 14:17:17.866000,403.340688798416,9
2024-09-17 14:17:17.892000,403.31227534998783,1002
2024-09-17 14:17:17.955000,403.3227647642603,14
2024-09-17 14:17:17.975000,403.332471656744,7
2024-09-17 14:17:18.200000,403.2908538833199,1005
2024-09-17 14:17:18.487000,403.3158964934007,102
2024-09-17 14:17:18.503000,403.2786730429456,7
2024-09-17 14:17:19.005000,403.2336551927602,1000
2024-09-17 14:17:19.018000,403.2548158170637,12
2024-09-17 14:17:19.064000,403.2599110763395,995
2024-09-17 14:17:19.084000,403.2437199291111,6
2024-09-17 14:17:19.090000,403.2364458914636,7
2024-09-17 14:17:19.168000,403.2385765226833,102
2024-09-17 14:17:19.320000,403.23156196504334,8
2024-09-17 14:17:19.351000,403.243918802406,104
2024-09-17 14:17:19.451000,403.2215861034175,6
2024-09-17 14:17:19.452000,403.2207172932124,12
2024-09-17 14:17:19.504000,403.2723937229989,12
2024-09-17 14:17:19.557000,403.2789183988039,98
2024-09-17 14:17:19.597000,403.2254019453728,101
2024-09-17 14:17:19.625000,403.254315919899,11
2024-09-17 14:17:19.626000,403.25673888818295,1000
2024-09-17 14:17:19.671000,403.2135824130766,1004
2024-09-17 14:17:19.675000,403.2315844552836,999
2024-09-17 14:17:19.677000,403.25964210468265,104
2024-09-17 14:17:19.718000,403.2604334809517,103
2024-09-17 14:17:19.741000,403.20047819482943,99
2024-09-17 14:17:19.744000,403.2472082044592,104
2024-09-17 14:17:19.787000,403.2605040009793,998
2024-09-17 14:17:19.833000,403.204013944235,102
2024-09-17 14:17:19.843000,403.2127736319977,96
2024-09-17 14:17:19.982000,403.2294669108473,1001
2024-09-17 14:17:20.022000,403.18394435799365,6
2024-09-17 14:17:20.081000,403.1167206044981,12
2024-09-17 14:17:20.094000,403.1794744311906,996
2024-09-17 14:17:20.124000,403.0963671077212,13
2024-09-17 14:17:20.205000,403.1056490373632,6
2024-09-17 14:17:20.215000,403.1192495417424,97
2024-09-17 14:17:20.323000,403.1713065320424,10
2024-09-17 14:17:20.469000,403.1492976825396,996
2024-09-17 14:17:20.479000,403.1674891271712,11
2024-09-17 14:17:20.496000,403.1568209540691,95
2024-09-17 14:17:20.829000,403.1181352604745,1000
2024-09-17 14:17:20.863000,403.1053039877991,998
2024-09-17 14:17:20.892000,403.1779665852249,1000
2024-09-17 14:17:20.959000,403.11351405175645,998
2024-09-17 14:17:21.019000,403.1681713831368,10
2024-09-17 14:17:21.019000,403.1737582857423,1000
2024-09-17 14:17:21.048000,403.1051373979805,7
2024-09-17 14:17:21.065000,403.1329186790718,96
2024-09-17 14:17:21.068000,403.1644619966152,97
2024-09-17 14:17:21.069000,403.1576642830418,105
2024-09-17 14:17:21.089000,403.0959894289642,8
2024-09-17 14:17:21.184000,403.0840715140495,101
2024-09-17 14:17:21.185000,403.1333979168969,1003
2024-09-17 14:17:21.209000,403.14417396126953,11
2024-09-17 14:17:21.221000,403.1614852823063,9
2024-09-17 14:17:21.229000,403.16962600396016,98
2024-09-17 14:17:21.331000,403.1736861834201,999
2024-09-17 14:17:21.489000,403.1733262086455,11
2024-09-17 14:17:21.499000,403.14246869004353,995
2024-09-17 14:17:21.538000,403.1466733330641,998
2024-09-17 14:17:21.563000,403.15073640328535,996
2024-09-17 14:17:21.606000,403.1508410368456,14
2024-09-17 14:17:21.618000,403.1097962786319,997
2024-09-17 14:17:21.696000,403.1342280221074,7
2024-09-17 14:17:21.705000,403.131330556141,98
2024-09-17 14:17:21.714000,403.0840811365014,7
2024-09-17 14:17:21.743000,403.16663661814766,12
2024-09-17 14:17:21.807000,403.1701946179771,1005
2024-09-17 14:17:21.846000,403.1669719157123,1004
2024-09-17 14:17:21.927000,403.1552745203552,102
2024-09-17 14:17:21.934000,403.1598157122718,100
2024-09-17 14:17:21.947000,403.1420661621709,102
2024-09-17 14:17:21.967000,403.1745671099762,1000
2024-09-17 14:17:23.288000,403.0908118661348,97
2024-09-17 14:17:23.484000,403.1098013992667,99
2024-09-17 14:17:23.918000,403.1037631432821,998
2024-09-17 14:17:23.930000,403.099066081045,96
2024-09-17 14:17:23.975000,403.0944985353683,996
2024-09-17 14:17:24.142000,403.14813309476057,99
2024-09-17 14:17:24.211000,403.1186007830415,98
2024-09-17 14:17:24.291000,403.09894561796494,105
2024-09-17 14:17:24.366000,403.12576464103927,9
2024-09-17 14:17:24.472000,403.15002798100784,102
2024-09-17 14:17:24.527000,403.1243254906013,98
2024-09-17 14:17:24.530000,403.11531861099246,100
2024-09-17 14:17:24.692000,403.1095591487809,5
2024-09-17 14:17:24.734000,403.1065745310906,1001
2024-09-17 14:17:24.881000,403.1359193518723,12
2024-09-17 14:17:24.928000,403.1144171525538,1004
2024-09-17 14:17:24.978000,403.1102464149935,1001
2024-09-17 14:17:24.984000,403.10661492472985,103
2024-09-17 14:17:25.006000,403.1211585667373,101
2024-09-17 14:17:25.023000,403.152954923965,9
2024-09-17 14:17:25.071000,403.1379685271752,1005
2024-09-17 14:17:25.112000,403.0895927171889,8
2024-09-17 14:17:25.113000,403.0877798795175,996
2024-09-17 14:17:25.244000,403.1313478033961,10
2024-09-17 14:17:25.252000,403.13907727560337,1004
2024-09-17 14:17:25.277000,403.1022724034332,997
2024-09-17 14:17:25.318000,403.1179228894779,15
2024-09-17 14:17:25.377000,403.1014587408164,999
2024-09-17 14:17:25.377000,403.0786160358074,997
2024-09-17 14:17:25.429000,403.09668538885,12
2024-09-17 14:17:25.433000,403.0956603511566,97
2024-09-17 14:17:25.487000,403.0842732111624,5
2024-09-17 14:17:25.496000,403.129916187776,105
2024-09-17 14:17:25.506000,403.14305317489806,997
2024-09-17 14:17:25.536000,403.1393161280577,103
2024-09-17 14:17:25.611000,403.1295688287906,8
2024-09-17 14:17:25.658000,403.1347730110382,1004
2024-09-17 14:17:25.707000,403.12710940736287,999
2024-09-17 14:17:25.723000,403.144626997553,104
2024-09-17 14:17:25.740000,403.1330183932084,98
2024-09-17 14:17:25.744000,403.0844124851264,104
2024-09-17 14:17:25.776000,403.1307289340675,999
2024-09-17 14:17:25.942000,403.0848250428117,100
2024-09-17 14:17:26.040000,403.13493765180056,103
2024-09-17 14:17:26.104000,403.1206896578272,103
2024-09-17 14:17:26.104000,403.1568321851785,1004
2024-09-17 14:17:26.131000,403.14417720480543,15
2024-09-17 14:17:26.174000,403.109703216406,1004
2024-09-17 14:17:26.209000,403.1651705930976,99
2024-09-17 14:17:26.261000,403.1627963306867,998
2024-09-17 14:17:26.289000,403.1523735708533,9
2024-09-17 14:17:26.289000,403.15638263789407,97
2024-09-17 14:17:26.680000,403.13884928298,999
2024-09-17 14:17:26.719000,403.1073278879963,98
2024-09-17 14:17:26.844000,403.1174510568836,999
2024-09-17 14:17:26.980000,403.1490695041177,96
2024-09-17 14:17:27.033000,403.1736469328419,1001
2024-09-17 14:17:27.170000,403.1645892192223,999
2024-09-17 14:17:27.504000,403.174652709061,98
2024-09-17 14:17:27.599000,403.1669893540152,13
2024-09-17 14:17:27.619000,403.17340961688166,14
2024-09-17 14:17:27.623000,403.163052598261,1004
2024-09-17 14:17:27.848000,403.1652121511901,11
2024-09-17 14:17:27.887000,403.16469617471097,14
2024-09-17 14:17:28.031000,403.107998204757,96
2024-09-17 14:17:28.046000,403.124450576884,102
2024-09-17 14:17:28.286000,403.134929997564,13
2024-09-17 14:17:28.313000,403.10654297104566,100
2024-09-17 14:17:28.798000,403.1555984862023,997
2024-09-17 14:17:28.938000,403.11935506804633,1002
2024-09-17 14:17:29.058000,403.1780213811498,99
2024-09-17 14:17:29.123000,403.1973790033347,100
2024-09-17 14:17:29.176000,403.1071200962889,8
2024-09-17 14:17:29.242000,403.1303690579288,1002
2024-09-17 14:17:29.251000,403.2048632926426,10
2024-09-17 14:17:29.266000,403.1978148807488,5
2024-09-17 14:17:29.317000,403.12099249052176,9
2024-09-17 14:17:29.410000,403.1807528082924,102
2024-09-17 14:17:29.537000,403.1969708268578,1003
2024-09-17 14:17:29.582000,403.1217621303391,5
2024-09-17 14:17:29.610000,403.1978417781805,1001
2024-09-17 14:17:29.611000,403.1135182795622,999
2024-09-17 14:17:29.643000,403.1847602557812,995
2024-09-17 14:17:29.676000,403.1965849091054,1005
2024-09-17 14:17:29.785000,403.1481605029487,1002
2024-09-17 14:17:29.839000,403.1332244993628,1004
2024-09-17 14:17:29.858000,403.17951198497656,99
2024-09-17 14:17:29.859000,403.1556132240327,104
2024-09-17 14:17:29.871000,403.1060855303568,1005
2024-09-17 14:17:29.875000,403.191955493144,1001
2024-09-17 14:17:29.933000,403.1985439569671,99
2024-09-17 14:17:29.954000,403.1895018112163,1003
2024-09-17 14:17:30.005000,403.1411103467647,104
2024-09-17 14:17:30.016000,403.12489506929984,6
2024-09-17 14:17:30.035000,403.12328755952205,14
2024-09-17 14:17:30.153000,403.1321104705737,9
2024-09-17 14:17:30.230000,403.1045625915946,1001
2024-09-17 14:17:30.243000,403.1085897113292,97
2024-09-17 14:17:30.257000,403.1414753653302,1002
2024-09-17 14:17:30.275000,403.1090533042776,102
2024-09-17 14:17:30.279000,403.13685135997264,1004
2024-09-17 14:17:30.294000,403.1399141993004,1004
2024-09-17 14:17:30.373000,403.1162750215441,104
2024-09-17 14:17:30.459000,403.1227218514327,105
2024-09-17 14:17:30.475000,403.1116921693617,999
2024-09-17 14:17:30.506000,403.1423929595211,10
2024-09-17 14:17:30.594000,403.0862665382059,1003
2024-09-17 14:17:30.638000,403.1094906080864,1005
2024-09-17 14:17:30.800000,403.10560903062657,997
2024-09-17 14:17:30.871000,403.1185951156853,12
2024-09-17 14:17:30.897000,403.1403033515138,995
2024-09-17 14:17:30.916000,403.13128109959104,14
2024-09-17 14:17:30.981000,403.1044855297433,8
2024-09-17 14:17:31.005000,403.10835180699627,1002
2024-09-17 14:17:31.005000,403.23207046133626,100
2024-09-17 14:17:31.007000,403.1336126979988,100
2024-09-17 14:17:31.029000,403.14387531906,11
2024-09-17 14:17:31.136000,403.2756245066748,995
2024-09-17 14:17:31.143000,403.1138498988551,1003
2024-09-17 14:17:31.144000,403.24046930480085,14
2024-09-17 14:17:31.155000,403.2478408560043,15
2024-09-17 14:17:31.276000,403.2034004666608,12
2024-09-17 14:17:31.301000,403.1331329639248,1001
2024-09-17 14:17:31.349000,403.1385369276389,5
2024-09-17 14:17:31.495000,403.2734956368473,7
2024-09-17 14:17:31.541000,403.2816282567213,13
2024-09-17 14:17:31.712000,403.0899577703714,996
2024-09-17 14:17:31.718000,403.266177792354,995
2024-09-17 14:17:31.740000,403.213860440625,9
2024-09-17 14:17:31.770000,403.1278163528296,7
2024-09-17 14:17:31.772000,403.2488938720816,1002
2024-09-17 14:17:31.775000,403.277393970511,105
2024-09-17 14:17:31.796000,403.1842855064815,996
2024-09-17 14:17:31.836000,403.1228762162518,13
2024-09-17 14:17:31.879000,403.24375933437153,1005
2024-09-17 14:17:32.017000,403.3423102392344,101
2024-09-17 14:17:32.075000,403.3040141006485,1003
2024-09-17 14:17:32.102000,403.2752088087102,1001
2024-09-17 14:17:32.178000,403.2640997006994,1004
2024-09-17 14:17:32.294000,403.2792428882805,1003
2024-09-17 14:17:32.384000,403.25207682411934,96
2024-09-17 14:17:32.407000,403.2440091549478,13
2024-09-17 14:17:32.516000,403.2525493190546,8
2024-09-17 14:17:32.523000,403.32370578956034,105
2024-09-17 14:17:32.537000,403.269195373327,97
2024-09-17 14:17:32.540000,403.2601786448254,98
2024-09-17 14:17:32.595000,403.2485970758093,104
2024-09-17 14:17:32.715000,403.2470210700543,1003
2024-09-17 14:17:32.734000,403.2478295851307,995
2024-09-17 14:17:32.757000,403.2593590433137,5
2024-09-17 14:17:32.789000,403.2754076428404,1000
2024-09-17 14:17:32.826000,403.30890846185065,100
2024-09-17 14:17:32.833000,403.2455717832522,10
2024-09-17 14:17:32.921000,403.2433545569188,1002
2024-09-17 14:17:32.947000,403.3572258807149,8
2024-09-17 14:17:32.989000,403.2640421819335,1005
2024-09-17 14:17:33.065000,403.3661803551359,999
2024-09-17 14:17:33.091000,403.3605499652742,1000
2024-09-17 14:17:33.164000,403.35109527276586,102
2024-09-17 14:17:33.383000,403.37453501268845,1002
2024-09-17 14:17:33.406000,403.35986949807386,102
2024-09-17 14:17:33.475000,403.3806517365325,1004
2024-09-17 14:17:33.539000,403.3615973118124,101
2024-09-17 14:17:33.593000,403.34919423212,6
2024-09-17 14:17:33.644000,403.3765293522002,1002
2024-09-17 14:17:33.945000,403.3562412445396,5
2024-09-17 14:17:33.953000,403.3580971379791,1001
2024-09-17 14:17:34.007000,403.4092921874493,103
2024-09-17 14:17:34.016000,403.4180821637609,100
2024-09-17 14:17:34.024000,403.3817660774379,6
2024-09-17 14:17:34.177000,403.4236651517552,1004
2024-09-17 14:17:34.180000,403.3985459471885,14
2024-09-17 14:17:34.232000,403.389971761857,95
2024-09-17 14:17:34.240000,403.4079628666506,7
2024-09-17 14:17:34.284000,403.4139282255094,996
2024-09-17 14:17:34.285000,403.4012239529703,13
2024-09-17 14:17:34.311000,403.41842348397,99
2024-09-17 14:17:34.333000,403.3933606729544,100
2024-09-17 14:17:34.373000,403.36616372168623,995
2024-09-17 14:17:34.414000,403.41421847126185,102
2024-09-17 14:17:34.495000,403.3901739453168,996
2024-09-17 14:17:34.532000,403.383757765132,95
2024-09-17 14:17:34.548000,403.4440884469335,8
2024-09-17 14:17:34.605000,403.42468602901954,101
2024-09-17 14:17:34.624000,403.40273925599047,1005
2024-09-17 14:17:34.638000,403.3891108134399,5
2024-09-17 14:17:34.663000,403.41851448915264,100
2024-09-17 14:17:34.692000,403.409535547432,5
2024-09-17 14:17:34.705000,403.4140503457736,10
2024-09-17 14:17:34.716000,403.401300672404,6
2024-09-17 14:17:34.861000,403.3914703327828,996
2024-09-17 14:17:34.969000,403.41525650733007,1001
2024-09-17 14:17:34.995000,403.4043290413945,101
2024-09-17 14:17:34.996000,403.39240498863273,995
2024-09-17 14:17:35.088000,403.3222835746953,998
2024-09-17 14:17:35.121000,403.40127093386207,99
2024-09-17 14:17:35.173000,403.3722610501524,996
2024-09-17 14:17:35.179000,403.3619393755809,99
2024-09-17 14:17:35.181000,403.3278016903831,103
2024-09-17 14:17:35.284000,403.3432479831093,1000
2024-09-17 14:17:35.338000,403.39796523489616,95
2024-09-17 14:17:35.356000,403.3392428563252,996
2024-09-17 14:17:35.357000,403.3841094396868,7
2024-09-17 14:17:35.371000,403.341398683731,997
2024-09-17 14:17:35.380000,403.38885871144186,95
2024-09-17 14:17:35.461000,403.3935970442871,998
2024-09-17 14:17:35.498000,403.3949071011013,96
2024-09-17 14:17:35.512000,403.3626265318812,1002
2024-09-17 14:17:35.547000,403.3335663209169,9
2024-09-17 14:17:35.565000,403.36502821303696,998
2024-09-17 14:17:35.574000,403.3703875610064,997
2024-09-17 14:17:35.591000,403.40648362992727,95
2024-09-17 14:17:35.671000,403.38970856409327,102
2024-09-17 14:17:35.815000,403.3587872354738,15
2024-09-17 14:17:35.942000,403.3991064389208,999
2024-09-17 14:17:36.009000,403.33709606740575,1004
2024-09-17 14:17:36.044000,403.3353977142111,1004
2024-09-17 14:17:36.068000,403.3701600756302,15
2024-09-17 14:17:36.084000,403.34397850936114,997
2024-09-17 14:17:36.111000,403.2997794387815,12
2024-09-17 14:17:36.148000,403.33030031834346,12
2024-09-17 14:17:36.191000,403.3644714713668,100
2024-09-17 14:17:36.392000,403.3411753430059,104
2024-09-17 14:17:36.435000,403.304645364721,1001
2024-09-17 14:17:36.462000,403.32874611356056,995
2024-09-17 14:17:36.468000,403.3412484638738,101
2024-09-17 14:17:36.475000,403.3099324800629,11
2024-09-17 14:17:36.711000,403.3603662876757,1000
2024-09-17 14:17:36.743000,403.3243270128562,98
2024-09-17 14:17:36.879000,403.2910954593678,997
2024-09-17 14:17:36.890000,403.3013769404647,13
2024-09-17 14:17:36.910000,403.3480166472366,98
2024-09-17 14:17:36.927000,403.325236121846,101
2024-09-17 14:17:37.021000,403.3668690974117,13
2024-09-17 14:17:37.060000,403.3392141765438,10
2024-09-17 14:17:37.121000,403.375043567254,6
2024-09-17 14:17:37.273000,403.375845914614,96
2024-09-17 14:17:37.710000,403.35866708312886,95
2024-09-17 14:17:37.757000,403.3565764472136,996
2024-09-17 14:17:37.766000,403.3774239698661,6
2024-09-17 14:17:37.769000,403.3705091547955,1005
2024-09-17 14:17:38.085000,403.3370970815209,7
2024-09-17 14:17:38.158000,403.3355394618969,7
2024-09-17 14:17:39.025000,403.3093755179901,10
2024-09-17 14:17:39.234000,403.30506163255006,13
2024-09-17 14:17:39.580000,403.3303991172402,7
2024-09-17 14:17:40.014000,403.30002269938615,995
2024-09-17 14:17:40.031000,403.308298700716,998
2024-09-17 14:17:40.050000,403.3067836466275,11
2024-09-17 14:17:40.065000,403.3074101192344,100
2024-09-17 14:17:40.141000,403.3376719292218,12
2024-09-17 14:17:40.215000,403.3294322341227,996
2024-09-17 14:17:40.224000,403.3026743978302,6
2024-09-17 14:17:40.365000,403.3260266934777,9
2024-09-17 14:17:40.532000,403.296778303197,13
2024-09-17 14:17:40.672000,403.3148104420862,98
2024-09-17 14:17:40.757000,403.2970715567887,101
2024-09-17 14:17:40.954000,403.3302021157507,96
2024-09-17 14:17:41.065000,403.3055822527762,101
2024-09-17 14:17:41.216000,403.3407597827396,102
2024-09-17 14:17:41.546000,403.3301784673372,104
2024-09-17 14:17:41.695000,403.3187281330203,12
2024-09-17 14:17:41.856000,403.3192592415877,1003
2024-09-17 14:17:41.864000,403.3190135466648,101
2024-09-17 14:17:41.890000,403.3246723220725,13
2024-09-17 14:17:41.891000,403.3253060642105,105
2024-09-17 14:17:42.062000,403.3672786421544,103
2024-09-17 14:17:42.168000,403.4008262154904,11
2024-09-17 14:17:42.402000,403.377424910136,97
2024-09-17 14:17:42.443000,403.358067979749,5
2024-09-17 14:17:42.553000,403.38037659542647,104
2024-09-17 14:17:42.556000,403.377925665013,8
2024-09-17 14:17:42.667000,403.358770513089,98
2024-09-17 14:17:42.693000,403.39889999062416,95
2024-09-17 14:17:42.773000,403.36403046782834,99
2024-09-17 14:17:42.866000,403.4027358108703,5
2024-09-17 14:17:42.870000,403.3864592945452,97
2024-09-17 14:17:42.908000,403.3800782156448,995
2024-09-17 14:17:42.991000,403.3552997285994,995
2024-09-17 14:17:43.169000,403.4034162541899,100
2024-09-17 14:17:43.183000,403.4302798857637,100
2024-09-17 14:17:43.454000,403.43915478666815,105
2024-09-17 14:17:43.582000,403.4274254918124,101
2024-09-17 14:17:43.651000,403.42449757802575,99
2024-09-17 14:17:44.008000,403.4649827367366,11
2024-09-17 14:17:44.010000,403.4785109560583,15
2024-09-17 14:17:44.105000,403.4902258738848,105
2024-09-17 14:17:44.114000,403.38030074319664,10
2024-09-17 14:17:44.129000,403.4502844218823,13
2024-09-17 14:17:44.161000,403.4729296835054,1003
2024-09-17 14:17:44.209000,403.3241159730648,995
2024-09-17 14:17:44.351000,403.4755449896742,15
2024-09-17 14:17:44.384000,403.3448921951951,7
2024-09-17 14:17:44.422000,403.4814333022692,101
2024-09-17 14:17:44.428000,403.3957340515514,104
2024-09-17 14:17:44.432000,403.3706121144196,1005
2024-09-17 14:17:44.490000,403.41340573027423,1002
2024-09-17 14:17:44.627000,403.3516050411958,11
2024-09-17 14:17:44.628000,403.4652945440169,7
2024-09-17 14:17:44.704000,403.3426612050631,102
2024-09-17 14:17:44.723000,403.3499863917392,98
2024-09-17 14:17:44.726000,403.4607777874802,100
2024-09-17 14:17:44.728000,403.474535605043,1004
2024-09-17 14:17:44.795000,403.3603042454371,1005
2024-09-17 14:17:44.832000,403.4647024204109,999
2024-09-17 14:17:44.867000,403.4093383964716,1000
2024-09-17 14:17:44.913000,403.483980845093,9
2024-09-17 14:17:44.928000,403.4715176734684,1001
2024-09-17 14:17:44.949000,403.4400040249293,100
2024-09-17 14:17:44.996000,403.3597476970004,96
2024-09-17 14:17:45.017000,403.38449743238846,104
2024-09-17 14:17:45.051000,403.3897288804483,95
2024-09-17 14:17:45.097000,403.38984959880656,8
2024-09-17 14:17:45.181000,403.3971359217836,101
2024-09-17 14:17:45.228000,403.4243781904705,998
2024-09-17 14:17:45.231000,403.3858439613304,7
2024-09-17 14:17:45.234000,403.3380035937499,995
2024-09-17 14:17:45.237000,403.3943612713391,103
2024-09-17 14:17:45.261000,403.3988449976509,11
2024-09-17 14:17:45.306000,403.4208993483908,1004
2024-09-17 14:17:45.471000,403.4135975776161,1001
2024-09-17 14:17:45.482000,403.3502675172276,1003
2024-09-17 14:17:45.506000,403.4065383577205,102
2024-09-17 14:17:45.530000,403.3835611562465,104
2024-09-17 14:17:45.559000,403.3365407605927,103
2024-09-17 14:17:45.601000,403.33172371571976,6
2024-09-17 14:17:45.613000,403.4193620764819,1001
2024-09-17 14:17:45.646000,403.3647004033324,1004
2024-09-17 14:17:45.783000,403.3306812867142,9
2024-09-17 14:17:45.793000,403.3486554317411,5
2024-09-17 14:17:45.841000,403.4243603893783,101
2024-09-17 14:17:45.844000,403.3256985968885,1005
2024-09-17 14:17:45.870000,403.3765688547014,102
2024-09-17 14:17:45.873000,403.36743811963214,95
2024-09-17 14:17:45.898000,403.3601164603968,13
2024-09-17 14:17:45.943000,403.3265274594124,7
2024-09-17 14:17:45.945000,403.41289405307407,999
2024-09-17 14:17:45.974000,403.3363861700979,97
2024-09-17 14:17:46.006000,403.4015191125466,1005
2024-09-17 14:17:46.043000,403.4060365846245,9
2024-09-17 14:17:46.045000,403.452690526408,97
2024-09-17 14:17:46.097000,403.4243726385226,103
2024-09-17 14:17:46.107000,403.3852918476812,100
2024-09-17 14:17:46.108000,403.3652769405234,105
2024-09-17 14:17:46.126000,403.4572781719421,103
2024-09-17 14:17:46.132000,403.4270270007943,98
2024-09-17 14:17:46.137000,403.4624940331579,13
2024-09-17 14:17:46.168000,403.38446304268734,101
2024-09-17 14:17:46.289000,403.3836200044631,99
2024-09-17 14:17:46.316000,403.3893937362157,102
2024-09-17 14:17:46.328000,403.47725796140816,995
2024-09-17 14:17:46.376000,403.3736640671296,6
2024-09-17 14:17:46.544000,403.4152129240656,1000
2024-09-17 14:17:46.568000,403.3650225048448,101
2024-09-17 14:17:46.569000,403.40974445370506,1001
2024-09-17 14:17:46.599000,403.48090210864905,99
2024-09-17 14:17:46.680000,403.3995064259108,12
2024-09-17 14:17:46.683000,403.4815279143599,104
2024-09-17 14:17:46.706000,403.3987550763909,995
2024-09-17 14:17:46.776000,403.3913703366109,1005
2024-09-17 14:17:46.798000,403.35989967647055,8
2024-09-17 14:17:46.799000,403.37609997838297,5
2024-09-17 14:17:46.864000,403.3684942473394,10
2024-09-17 14:17:46.897000,403.4449261100456,10
2024-09-17 14:17:46.927000,403.36946910480543,995
2024-09-17 14:17:47.027000,403.464555865637,99
2024-09-17 14:17:47.249000,403.50718605832094,101
2024-09-17 14:17:47.678000,403.469529191209,9
2024-09-17 14:17:47.681000,403.4875194874588,998
2024-09-17 14:17:47.756000,403.4717215188231,98
2024-09-17 14:17:47.798000,403.515925697906,997
2024-09-17 14:17:47.919000,403.4832237771621,96
2024-09-17 14:17:48.015000,403.5001850781571,104
2024-09-17 14:17:48.116000,403.50518161937015,97
2024-09-17 14:17:48.120000,403.456209617648,96
2024-09-17 14:17:48.204000,403.5083157161958,1002
2024-09-17 14:17:48.299000,403.4573914180374,15
2024-09-17 14:17:48.362000,403.4825623025456,96
2024-09-17 14:17:48.427000,403.5262807552325,96
2024-09-17 14:17:48.547000,403.49310528468,1002
2024-09-17 14:17:48.605000,403.524219329438,12
2024-09-17 14:17:48.608000,403.50890674911136,99
2024-09-17 14:17:48.706000,403.4582732090906,97
2024-09-17 14:17:48.781000,403.46925224847183,12
2024-09-17 14:17:48.860000,403.5024221287146,1003
2024-09-17 14:17:48.958000,403.4903871102039,997
2024-09-17 14:17:48.969000,403.5296188877283,997
2024-09-17 14:17:48.986000,403.4947786126052,14
2024-09-17 14:17:48.990000,403.4792711088186,6
2024-09-17 14:17:48.998000,403.4913591992675,1004
2024-09-17 14:17:49.002000,403.54641162861,96
2024-09-17 14:17:49.024000,403.5362241850625,101
2024-09-17 14:17:49.030000,403.5430079903915,105
2024-09-17 14:17:49.094000,403.5421461542045,9
2024-09-17 14:17:49.113000,403.554471645651,103
2024-09-17 14:17:49.115000,403.54143238923984,99
2024-09-17 14:17:49.149000,403.5345225309509,13
2024-09-17 14:17:49.214000,403.4888552170567,997
2024-09-17 14:17:49.322000,403.552720913684,98
2024-09-17 14:17:49.473000,403.5744788976255,104
2024-09-17 14:17:49.521000,403.567377096641,10
2024-09-17 14:17:49.523000,403.5387822617564,98
2024-09-17 14:17:49.526000,403.54305311733447,11
2024-09-17 14:17:49.575000,403.5165889045936,101
2024-09-17 14:17:49.579000,403.5732419347031,14
2024-09-17 14:17:49.599000,403.5459346734956,12
2024-09-17 14:17:49.601000,403.5059220590807,996
2024-09-17 14:17:49.691000,403.56578835148815,97
2024-09-17 14:17:49.756000,403.5428643498806,98
2024-09-17 14:17:49.763000,403.57827791949694,14
2024-09-17 14:17:49.765000,403.5366267451012,996
2024-09-17 14:17:49.778000,403.5338467249549,104
2024-09-17 14:17:49.852000,403.5360236549317,100
2024-09-17 14:17:49.864000,403.4980422355543,1000
2024-09-17 14:17:49.869000,403.5334791703433,11
2024-09-17 14:17:49.899000,403.4994840005143,12
2024-09-17 14:17:49.924000,403.5416677016661,101
2024-09-17 14:17:49.967000,403.56335140252526,10
2024-09-17 14:17:50.062000,403.5569310678728,1005
2024-09-17 14:17:50.067000,403.5406157586736,6
2024-09-17 14:17:50.224000,403.5273037076775,15
2024-09-17 14:17:50.279000,403.5355690467447,11
2024-09-17 14:17:50.310000,403.5259844321421,9
2024-09-17 14:17:50.418000,403.5311263022821,995
2024-09-17 14:17:50.705000,403.5164161579255,98
2024-09-17 14:17:50.708000,403.5248520244865,5
2024-09-17 14:17:51.118000,403.5355630460911,9
2024-09-17 14:17:51.142000,403.5485200797482,999
2024-09-17 14:17:51.273000,403.5627504944779,1005
2024-09-17 14:17:51.278000,403.5287593149151,100
2024-09-17 14:17:51.280000,403.5385240353812,8
2024-09-17 14:17:51.310000,403.5863917097316,95
2024-09-17 14:17:51.478000,403.5941928041283,7
2024-09-17 14:17:51.496000,403.5302394741983,9
2024-09-17 14:17:51.507000,403.5354479089359,995
2024-09-17 14:17:51.550000,403.54569112723857,999
2024-09-17 14:17:51.567000,403.5554072765194,103
2024-09-17 14:17:51.627000,403.5466272946825,996
2024-09-17 14:17:51.641000,403.58095444442193,15
2024-09-17 14:17:51.659000,403.5668679093892,12
2024-09-17 14:17:51.678000,403.62819633912255,998
2024-09-17 14:17:51.703000,403.5493956375332,95
2024-09-17 14:17:51.760000,403.5600378875613,95
2024-09-17 14:17:51.762000,403.5476576316913,1003
2024-09-17 14:17:51.777000,403.5626891556312,104
2024-09-17 14:17:51.928000,403.5454063426212,97
2024-09-17 14:17:51.989000,403.5842632492384,7
2024-09-17 14:17:52.041000,403.6185070064435,1000
2024-09-17 14:17:52.146000,403.64052488134337,1004
2024-09-17 14:17:52.237000,403.61610866762106,1005
2024-09-17 14:17:52.582000,403.6338031760363,1000
2024-09-17 14:17:53.130000,403.6289275806197,96
2024-09-17 14:17:53.344000,403.62851048900006,1002
2024-09-17 14:17:53.916000,403.6507606319415,9
2024-09-17 14:17:54.108000,403.6605732474772,96
2024-09-17 14:17:54.376000,403.6565117063512,1001
2024-09-17 14:17:54.510000,403.6470781358482,1004
2024-09-17 14:17:54.767000,403.6484944031742,1005
2024-09-17 14:17:55.305000,403.6595691905986,1001
2024-09-17 14:17:55.371000,403.6618383202585,1000
2024-09-17 14:17:55.405000,403.67099291035584,996
2024-09-17 14:17:55.444000,403.6624935982663,101
2024-09-17 14:17:55.674000,403.679200484382,99
2024-09-17 14:17:55.767000,403.6732939165097,996
2024-09-17 14:17:55.817000,403.6685573573143,15
2024-09-17 14:17:55.946000,403.662638201184,6
2024-09-17 14:17:56.001000,403.68487554686976,6
2024-09-17 14:17:56.004000,403.6820024137122,14
2024-09-17 14:17:56.008000,403.69709952098606,998
2024-09-17 14:17:56.041000,403.7146989601607,97
2024-09-17 14:17:56.048000,403.66920592827046,13
2024-09-17 14:17:56.052000,403.6796916399357,1001
2024-09-17 14:17:56.068000,403.68534747543873,998
2024-09-17 14:17:56.103000,403.6952723814286,997
2024-09-17 14:17:56.105000,403.6940970940354,13
2024-09-17 14:17:56.149000,403.68912461083215,999
2024-09-17 14:17:56.321000,403.7074379418696,1000
2024-09-17 14:17:56.369000,403.6695572188625,1005
2024-09-17 14:17:56.524000,403.6850089910183,10
2024-09-17 14:17:56.574000,403.6922387374048,5
2024-09-17 14:17:56.596000,403.68451938661207,13
2024-09-17 14:17:56.613000,403.670901247318,995
2024-09-17 14:17:56.626000,403.6735832221022,1004
2024-09-17 14:17:56.640000,403.6924449894916,995
2024-09-17 14:17:56.645000,403.6900498521645,1000
2024-09-17 14:17:56.661000,403.6804350504877,105
2024-09-17 14:17:56.723000,403.6859606472105,100
2024-09-17 14:17:56.794000,403.6867249366821,1005
2024-09-17 14:17:56.825000,403.6767716692789,95
2024-09-17 14:17:56.921000,403.7093292613862,97
2024-09-17 14:17:56.923000,403.6679965341372,8
2024-09-17 14:17:56.978000,403.6815968583935,5
2024-09-17 14:17:56.997000,403.6940222227514,98
2024-09-17 14:17:57.007000,403.6936941551754,98
2024-09-17 14:17:57.031000,403.6905852466456,1002
2024-09-17 14:17:57.035000,403.71338266731897,14
2024-09-17 14:17:57.035000,403.7825742017331,998
2024-09-17 14:17:57.115000,403.7989878422951,15
2024-09-17 14:17:57.154000,403.6967463906992,999
2024-09-17 14:17:57.154000,403.7791888247393,1000
2024-09-17 14:17:57.166000,403.7323563156306,97
2024-09-17 14:17:57.247000,403.79182517904974,95
2024-09-17 14:17:57.346000,403.80364734153375,104
2024-09-17 14:17:57.434000,403.7955762624635,997
2024-09-17 14:17:57.496000,403.7523568711144,9
2024-09-17 14:17:57.529000,403.7420328189445,1001
2024-09-17 14:17:57.547000,403.69103419055375,96
2024-09-17 14:17:57.571000,403.7807564185415,1004
2024-09-17 14:17:57.572000,403.6941337089323,6
2024-09-17 14:17:57.666000,403.7876920952026,997
2024-09-17 14:17:57.691000,403.8009498889032,1003
2024-09-17 14:17:57.736000,403.7761145835384,6
2024-09-17 14:17:57.804000,403.78189155533744,99
2024-09-17 14:17:57.820000,403.7646783855047,11
2024-09-17 14:17:57.870000,403.8047071629154,998
2024-09-17 14:17:58.010000,403.8178316991468,7
2024-09-17 14:17:58.025000,403.8147318789127,7
2024-09-17 14:17:58.087000,403.8120635021613,998
2024-09-17 14:17:58.100000,403.82645325945685,1004
2024-09-17 14:17:58.151000,403.8112776079475,14
2024-09-17 14:17:58.233000,403.82192981897975,9
2024-09-17 14:17:58.254000,403.8192163303586,999
2024-09-17 14:17:58.286000,403.7960333766885,1002
2024-09-17 14:17:58.410000,403.82719345070245,1001
2024-09-17 14:17:58.435000,403.8090527735417,13
2024-09-17 14:17:58.452000,403.8395446814848,998
2024-09-17 14:17:58.458000,403.84815276707263,11
2024-09-17 14:17:58.491000,403.8018252023215,1002
2024-09-17 14:17:58.514000,403.8196041635589,8
2024-09-17 14:17:58.514000,403.8357155273492,5
2024-09-17 14:17:58.607000,403.835122602077,99
2024-09-17 14:17:58.608000,403.8165657739462,103
2024-09-17 14:17:58.610000,403.8313956554272,5
2024-09-17 14:17:58.624000,403.8220340591563,7
2024-09-17 14:17:58.629000,403.8292233126247,5
2024-09-17 14:17:58.713000,403.84122239434754,995
2024-09-17 14:17:58.765000,403.8443086263226,998
2024-09-17 14:17:58.834000,403.8046325123189,1001
2024-09-17 14:17:58.917000,403.7987863998789,6
2024-09-17 14:17:58.936000,403.815001852866,8
2024-09-17 14:17:58.951000,403.8256102826426,1000
2024-09-17 14:17:59.010000,403.840154659396,15
2024-09-17 14:17:59.148000,403.8509221140918,1005
2024-09-17 14:17:59.468000,403.8295843684037,6
2024-09-17 14:17:59.670000,403.84511573778366,999
2024-09-17 14:17:59.810000,403.8485281555513,14
2024-09-17 14:17:59.812000,403.8234759489439,7
2024-09-17 14:17:59.931000,403.8315103013624,1001
