Timestamp,Price,Size
2024-09-19 13:48:00.029000,420.66038669230994,8
2024-09-19 13:48:00.043000,420.6556912031441,103
2024-09-19 13:48:00.255000,420.6651589664011,6
2024-09-19 13:48:00.278000,420.66988175404026,1005
2024-09-19 13:48:00.296000,420.633467708793,7
2024-09-19 13:48:00.331000,420.6559623930378,1003
2024-09-19 13:48:00.450000,420.67073515621007,1004
2024-09-19 13:48:00.635000,420.6474823100504,103
2024-09-19 13:48:00.764000,420.65735572126806,995
2024-09-19 13:48:00.785000,420.6503324389093,5
2024-09-19 13:48:00.932000,420.6705440502294,1005
2024-09-19 13:48:00.978000,420.6475044665658,7
2024-09-19 13:48:00.997000,420.6478082112637,95
2024-09-19 13:48:01.202000,420.66720618537886,15
2024-09-19 13:48:01.284000,420.6595200847655,102
2024-09-19 13:48:01.379000,420.6700569140999,98
2024-09-19 13:48:01.454000,420.6919180325292,99
2024-09-19 13:48:01.491000,420.7093195596913,995
2024-09-19 13:48:01.559000,420.72512042733473,1001
2024-09-19 13:48:01.675000,420.6770960357448,7
2024-09-19 13:48:01.771000,420.6631115692728,15
2024-09-19 13:48:02.024000,420.6870327662164,101
2024-09-19 13:48:02.059000,420.73363081474594,999
2024-09-19 13:48:02.074000,420.6992618043315,1001
2024-09-19 13:48:02.081000,420.67896593886553,996
2024-09-19 13:48:02.183000,420.74771702005296,6
2024-09-19 13:48:02.250000,420.6774506441831,10
2024-09-19 13:48:02.264000,420.704293214361,6
2024-09-19 13:48:02.298000,420.6878757856288,1003
2024-09-19 13:48:02.327000,420.7004262050978,7
2024-09-19 13:48:02.440000,420.6950957970057,96
2024-09-19 13:48:02.452000,420.7027261977185,13
2024-09-19 13:48:02.477000,420.68995216054446,97
2024-09-19 13:48:02.483000,420.7383297536948,13
2024-09-19 13:48:02.491000,420.7094173846248,12
2024-09-19 13:48:02.496000,420.6865495172411,5
2024-09-19 13:48:02.511000,420.6778282443881,6
2024-09-19 13:48:02.563000,420.69610812586575,7
2024-09-19 13:48:02.688000,420.74037739987,104
2024-09-19 13:48:02.694000,420.6726805981016,103
2024-09-19 13:48:02.712000,420.6656296479316,12
2024-09-19 13:48:02.748000,420.73839214980273,95
2024-09-19 13:48:02.750000,420.6856002589676,5
2024-09-19 13:48:02.753000,420.6680549753397,1000
2024-09-19 13:48:02.785000,420.7261435473819,95
2024-09-19 13:48:02.858000,420.6903381023465,999
2024-09-19 13:48:02.895000,420.7440222623678,102
2024-09-19 13:48:02.897000,420.7149323095209,1003
2024-09-19 13:48:02.932000,420.7009076937142,5
2024-09-19 13:48:02.968000,420.71443813581686,996
2024-09-19 13:48:02.981000,420.69632843050886,5
2024-09-19 13:48:03.003000,420.7230846122945,14
2024-09-19 13:48:03.148000,420.6815830948635,96
2024-09-19 13:48:03.214000,420.7210555163906,998
2024-09-19 13:48:03.438000,420.7037870112805,97
2024-09-19 13:48:03.453000,420.6972503579587,6
2024-09-19 13:48:03.460000,420.6923387979651,1004
2024-09-19 13:48:03.473000,420.6927993919047,1004
2024-09-19 13:48:03.478000,420.7175759183506,1001
2024-09-19 13:48:03.542000,420.69154855380737,11
2024-09-19 13:48:03.699000,420.7005031710517,101
2024-09-19 13:48:03.704000,420.69241651012686,96
2024-09-19 13:48:03.708000,420.690689933884,101
2024-09-19 13:48:03.795000,420.6975161532973,15
2024-09-19 13:48:03.867000,420.7028288755735,97
2024-09-19 13:48:03.901000,420.6872176403568,1005
2024-09-19 13:48:03.983000,420.6858050141081,6
2024-09-19 13:48:04.035000,420.7213700281143,102
2024-09-19 13:48:04.037000,420.6891427209644,102
2024-09-19 13:48:04.045000,420.6944680872886,998
2024-09-19 13:48:04.066000,420.7171595538159,15
2024-09-19 13:48:04.129000,420.69266394225497,9
2024-09-19 13:48:04.162000,420.7080859380589,13
2024-09-19 13:48:04.183000,420.6784857137388,9
2024-09-19 13:48:04.230000,420.6935584527427,8
2024-09-19 13:48:04.255000,420.7072572037913,12
2024-09-19 13:48:04.266000,420.7048589357525,6
2024-09-19 13:48:04.268000,420.7068418688176,1002
2024-09-19 13:48:04.307000,420.71561827618297,1005
2024-09-19 13:48:04.465000,420.6913899835382,103
2024-09-19 13:48:04.480000,420.7047413736661,1000
2024-09-19 13:48:04.516000,420.6987212366044,101
2024-09-19 13:48:04.619000,420.7134366592063,95
2024-09-19 13:48:04.657000,420.7264129327728,1005
2024-09-19 13:48:04.661000,420.7115087746028,6
2024-09-19 13:48:04.739000,420.69766527721134,999
2024-09-19 13:48:04.759000,420.69076277003273,104
2024-09-19 13:48:04.795000,420.7047416908005,7
2024-09-19 13:48:04.796000,420.7088456689845,1003
2024-09-19 13:48:04.881000,420.66899229192927,102
2024-09-19 13:48:04.884000,420.6885393788929,11
2024-09-19 13:48:04.975000,420.67514051905545,15
2024-09-19 13:48:05.019000,420.7350125326771,104
2024-09-19 13:48:05.033000,420.69219180530496,11
2024-09-19 13:48:05.048000,420.686075769526,15
2024-09-19 13:48:05.048000,420.7115880379134,103
2024-09-19 13:48:05.087000,420.71480618428063,97
2024-09-19 13:48:05.231000,420.66987251444056,998
2024-09-19 13:48:05.254000,420.6850589756972,1004
2024-09-19 13:48:05.309000,420.6828702449226,100
2024-09-19 13:48:05.362000,420.7138218744071,5
2024-09-19 13:48:05.449000,420.7118276818888,104
2024-09-19 13:48:05.453000,420.66947480385903,1003
2024-09-19 13:48:05.525000,420.6920644477492,102
2024-09-19 13:48:05.530000,420.681290353413,998
2024-09-19 13:48:05.530000,420.72355454745,100
2024-09-19 13:48:05.606000,420.6914288950515,99
2024-09-19 13:48:05.634000,420.6887106143181,98
2024-09-19 13:48:05.640000,420.6786179596576,100
2024-09-19 13:48:05.650000,420.6759054485328,12
2024-09-19 13:48:05.728000,420.6767767400059,1001
2024-09-19 13:48:05.734000,420.7045732666332,998
2024-09-19 13:48:05.790000,420.6871382325192,1005
2024-09-19 13:48:05.822000,420.7314809628137,102
2024-09-19 13:48:05.839000,420.67636925783887,999
2024-09-19 13:48:05.894000,420.7128795927638,995
2024-09-19 13:48:05.898000,420.6870066801626,104
2024-09-19 13:48:05.928000,420.7413755913356,103
2024-09-19 13:48:05.935000,420.6751198245707,103
2024-09-19 13:48:05.963000,420.72701038690144,998
2024-09-19 13:48:05.975000,420.692228642517,103
2024-09-19 13:48:06.031000,420.7550264170238,9
2024-09-19 13:48:06.103000,420.745543893397,105
2024-09-19 13:48:06.108000,420.7525813760247,1004
2024-09-19 13:48:06.127000,420.7179547796824,11
2024-09-19 13:48:06.133000,420.7522742349096,1000
2024-09-19 13:48:06.155000,420.7400768761081,1002
2024-09-19 13:48:06.215000,420.7710286590634,999
2024-09-19 13:48:06.239000,420.7828591259281,1004
2024-09-19 13:48:06.323000,420.7560338980708,7
2024-09-19 13:48:06.338000,420.72075341759927,1002
2024-09-19 13:48:06.362000,420.7556929543608,104
2024-09-19 13:48:06.384000,420.79940634993176,8
2024-09-19 13:48:06.388000,420.8015085094461,13
2024-09-19 13:48:06.420000,420.7402350957362,105
2024-09-19 13:48:06.508000,420.7487747099463,96
2024-09-19 13:48:06.579000,420.7975555219531,13
2024-09-19 13:48:06.595000,420.7218761630869,101
2024-09-19 13:48:06.600000,420.7662267492171,15
2024-09-19 13:48:06.644000,420.80253236029023,5
2024-09-19 13:48:06.692000,420.7339598577601,104
2024-09-19 13:48:06.725000,420.7803215392989,98
2024-09-19 13:48:06.734000,420.7255568787287,102
2024-09-19 13:48:06.765000,420.7814444403201,104
2024-09-19 13:48:06.843000,420.711678894513,1000
2024-09-19 13:48:06.847000,420.7159213517948,995
2024-09-19 13:48:06.861000,420.79463980003067,8
2024-09-19 13:48:06.861000,420.7137355590679,13
2024-09-19 13:48:06.980000,420.7686109503473,6
2024-09-19 13:48:06.985000,420.7721158078552,97
2024-09-19 13:48:07.824000,420.77356051219294,8
2024-09-19 13:48:08.030000,420.77541610909697,100
2024-09-19 13:48:08.045000,420.79889758375367,12
2024-09-19 13:48:08.085000,420.7606220716692,11
2024-09-19 13:48:08.252000,420.77351018079474,999
2024-09-19 13:48:08.288000,420.7599267022413,100
2024-09-19 13:48:08.292000,420.7970697267497,1005
2024-09-19 13:48:08.298000,420.7889552033724,1002
2024-09-19 13:48:08.333000,420.769074651598,12
2024-09-19 13:48:08.345000,420.8063186678502,7
2024-09-19 13:48:08.430000,420.7635899455733,13
2024-09-19 13:48:08.477000,420.7656265926648,7
2024-09-19 13:48:08.506000,420.7897868055964,1004
2024-09-19 13:48:08.524000,420.77285041765526,14
2024-09-19 13:48:08.629000,420.7798440489782,1002
2024-09-19 13:48:08.670000,420.7875150723384,100
2024-09-19 13:48:08.679000,420.7789329582056,102
2024-09-19 13:48:08.690000,420.7787397787816,97
2024-09-19 13:48:08.861000,420.76717312335967,10
2024-09-19 13:48:08.864000,420.7780285763541,1000
2024-09-19 13:48:08.929000,420.80879023346057,98
2024-09-19 13:48:08.978000,420.7736955367616,7
2024-09-19 13:48:09.036000,420.8364787352565,95
2024-09-19 13:48:09.044000,420.7733583665698,102
2024-09-19 13:48:09.068000,420.8430921784145,999
2024-09-19 13:48:09.099000,420.8021141196138,11
2024-09-19 13:48:09.126000,420.7718128147451,1004
2024-09-19 13:48:09.147000,420.8030391218185,7
2024-09-19 13:48:09.182000,420.7717252097143,103
2024-09-19 13:48:09.213000,420.80799036172425,7
2024-09-19 13:48:09.254000,420.7649445306497,13
2024-09-19 13:48:09.276000,420.8155433071703,8
2024-09-19 13:48:09.296000,420.8159881554682,996
2024-09-19 13:48:09.353000,420.7806997172233,102
2024-09-19 13:48:09.354000,420.80781497581074,8
2024-09-19 13:48:09.366000,420.8047974799069,6
2024-09-19 13:48:09.378000,420.8105882761052,9
2024-09-19 13:48:09.487000,420.81031660039525,6
2024-09-19 13:48:09.685000,420.8260176294877,12
2024-09-19 13:48:09.734000,420.7763980670467,96
2024-09-19 13:48:09.746000,420.7836367438282,15
2024-09-19 13:48:09.749000,420.7903792427021,97
2024-09-19 13:48:09.766000,420.8190611588121,5
2024-09-19 13:48:09.778000,420.80900062486495,998
2024-09-19 13:48:09.844000,420.7959979511454,105
2024-09-19 13:48:09.863000,420.7898367883065,14
2024-09-19 13:48:09.915000,420.7801198838892,997
2024-09-19 13:48:09.950000,420.7812934462398,6
2024-09-19 13:48:09.985000,420.7795786832276,996
2024-09-19 13:48:10.186000,420.7740457222525,6
2024-09-19 13:48:10.329000,420.7794219457117,9
2024-09-19 13:48:10.417000,420.8011901914872,104
2024-09-19 13:48:10.562000,420.7863358549336,14
2024-09-19 13:48:10.758000,420.79547058141713,7
2024-09-19 13:48:11.023000,420.7502353945897,996
2024-09-19 13:48:11.130000,420.7934378464124,1004
2024-09-19 13:48:11.282000,420.7679867339813,998
2024-09-19 13:48:11.288000,420.7353500370469,996
2024-09-19 13:48:11.295000,420.8016977447935,104
2024-09-19 13:48:11.373000,420.731265235674,8
2024-09-19 13:48:11.381000,420.7361462950845,14
2024-09-19 13:48:11.415000,420.74822813139457,1002
2024-09-19 13:48:11.441000,420.7239672160039,997
2024-09-19 13:48:11.512000,420.7509282972548,97
2024-09-19 13:48:11.527000,420.7393897832405,95
2024-09-19 13:48:11.595000,420.7433159614349,100
2024-09-19 13:48:11.656000,420.7856704226153,8
2024-09-19 13:48:11.684000,420.7393513239967,1000
2024-09-19 13:48:11.709000,420.74081635197,999
2024-09-19 13:48:11.732000,420.7542982513276,14
2024-09-19 13:48:11.737000,420.7971846939926,1003
2024-09-19 13:48:11.747000,420.72047105596783,11
2024-09-19 13:48:11.803000,420.7210802682549,104
2024-09-19 13:48:11.843000,420.7375878218444,996
2024-09-19 13:48:11.863000,420.7576907002416,15
2024-09-19 13:48:11.890000,420.75303348299815,1005
2024-09-19 13:48:11.903000,420.74144978911295,13
2024-09-19 13:48:11.908000,420.7256283936881,1000
2024-09-19 13:48:11.931000,420.7455965923971,1001
2024-09-19 13:48:11.959000,420.7718196445621,99
2024-09-19 13:48:11.995000,420.7967698219901,8
2024-09-19 13:48:13.093000,420.7404425688167,1003
2024-09-19 13:48:13.240000,420.700702337591,99
2024-09-19 13:48:13.244000,420.7239421289246,995
2024-09-19 13:48:13.538000,420.726396145389,1001
2024-09-19 13:48:13.621000,420.68736594918266,104
2024-09-19 13:48:13.819000,420.72052642221104,5
2024-09-19 13:48:13.985000,420.7036955214004,1002
2024-09-19 13:48:14.181000,420.7892728318058,101
2024-09-19 13:48:14.214000,420.7532315973066,1003
2024-09-19 13:48:14.420000,420.7420426773043,101
2024-09-19 13:48:14.470000,420.7517221236778,97
2024-09-19 13:48:14.475000,420.77643583290165,999
2024-09-19 13:48:14.490000,420.7003124156802,1003
2024-09-19 13:48:14.658000,420.7445363360122,10
2024-09-19 13:48:14.819000,420.7472921462824,97
2024-09-19 13:48:14.850000,420.70200729844976,98
2024-09-19 13:48:14.894000,420.7694561742056,11
2024-09-19 13:48:15.011000,420.7318709613969,95
2024-09-19 13:48:15.238000,420.72718162423615,5
2024-09-19 13:48:15.240000,420.7408121370703,997
2024-09-19 13:48:15.283000,420.7508456858929,103
2024-09-19 13:48:15.292000,420.723998998168,101
2024-09-19 13:48:15.378000,420.7750202022532,995
2024-09-19 13:48:15.394000,420.73502412475386,13
2024-09-19 13:48:15.399000,420.735813990146,14
2024-09-19 13:48:15.464000,420.75735983358544,105
2024-09-19 13:48:15.483000,420.7255446785815,997
2024-09-19 13:48:15.506000,420.75243690097926,1000
2024-09-19 13:48:15.579000,420.76350602106345,10
2024-09-19 13:48:15.691000,420.7393533562079,1001
2024-09-19 13:48:15.748000,420.7230573786792,1003
2024-09-19 13:48:15.836000,420.7558814537626,100
2024-09-19 13:48:15.848000,420.73991778483673,995
2024-09-19 13:48:15.856000,420.7570195035238,5
2024-09-19 13:48:15.935000,420.7395643210504,998
2024-09-19 13:48:16.016000,420.74674183709817,14
2024-09-19 13:48:16.088000,420.7370107030597,8
2024-09-19 13:48:16.100000,420.7357222119612,15
2024-09-19 13:48:16.159000,420.7445658876904,1004
2024-09-19 13:48:16.175000,420.75336842917005,103
2024-09-19 13:48:16.188000,420.76017904273385,998
2024-09-19 13:48:16.212000,420.7299502075085,105
2024-09-19 13:48:16.213000,420.7461040082197,996
2024-09-19 13:48:16.222000,420.71685827460186,104
2024-09-19 13:48:16.258000,420.74858545764056,1000
2024-09-19 13:48:16.267000,420.7301909002616,95
2024-09-19 13:48:16.507000,420.748195647284,101
2024-09-19 13:48:16.517000,420.7444140964651,95
2024-09-19 13:48:16.543000,420.7373482704605,96
2024-09-19 13:48:16.576000,420.7439733099996,998
2024-09-19 13:48:16.588000,420.7505401164773,1005
2024-09-19 13:48:16.612000,420.7475308805121,5
2024-09-19 13:48:16.636000,420.73479509935726,14
2024-09-19 13:48:16.666000,420.7673843377127,105
2024-09-19 13:48:16.815000,420.7378196318828,12
2024-09-19 13:48:16.822000,420.7520137226156,103
2024-09-19 13:48:16.837000,420.7374038600457,102
2024-09-19 13:48:16.879000,420.7589830892479,12
2024-09-19 13:48:16.914000,420.7250067995646,997
2024-09-19 13:48:16.972000,420.7224640669141,98
2024-09-19 13:48:16.987000,420.73590698767066,999
2024-09-19 13:48:16.992000,420.7608085205874,11
2024-09-19 13:48:17.023000,420.8223502093356,1000
2024-09-19 13:48:17.048000,420.7904780511431,14
2024-09-19 13:48:17.095000,420.7707648738505,997
2024-09-19 13:48:17.096000,420.77975842436297,102
2024-09-19 13:48:17.155000,420.7854703838713,11
2024-09-19 13:48:17.184000,420.8096549971697,1002
2024-09-19 13:48:17.245000,420.7865444124223,1003
2024-09-19 13:48:17.253000,420.7818954384124,10
2024-09-19 13:48:17.336000,420.8079444584874,95
2024-09-19 13:48:17.409000,420.78795121499735,1002
2024-09-19 13:48:17.455000,420.7612089801749,7
2024-09-19 13:48:17.485000,420.76155240717776,13
2024-09-19 13:48:17.492000,420.8087257792827,999
2024-09-19 13:48:17.521000,420.7766002515983,1002
2024-09-19 13:48:17.661000,420.78754528794246,96
2024-09-19 13:48:17.697000,420.8043360571802,103
2024-09-19 13:48:17.724000,420.7657305282208,1003
2024-09-19 13:48:17.732000,420.75872603916406,14
2024-09-19 13:48:17.829000,420.7913152966351,96
2024-09-19 13:48:17.865000,420.78941473509343,1001
2024-09-19 13:48:17.962000,420.8003989417512,998
2024-09-19 13:48:17.977000,420.8169737900427,7
2024-09-19 13:48:18.055000,420.9056427450567,105
2024-09-19 13:48:18.062000,420.8959479109217,1005
2024-09-19 13:48:18.089000,420.8682366164506,100
2024-09-19 13:48:18.155000,420.8554183675773,7
2024-09-19 13:48:18.178000,420.89990989698487,15
2024-09-19 13:48:18.212000,420.8901351247898,5
2024-09-19 13:48:18.224000,420.83765433023336,95
2024-09-19 13:48:18.247000,420.8880152429013,1003
2024-09-19 13:48:18.341000,420.8739727555954,97
2024-09-19 13:48:18.373000,420.900611493084,6
2024-09-19 13:48:18.486000,420.90115042011945,1003
2024-09-19 13:48:18.517000,420.8765005933948,105
2024-09-19 13:48:18.633000,420.895757776216,5
2024-09-19 13:48:18.685000,420.8827325224909,11
2024-09-19 13:48:18.688000,420.8756029845315,1005
2024-09-19 13:48:18.780000,420.8936374315871,1004
2024-09-19 13:48:18.788000,420.84382945502153,105
2024-09-19 13:48:18.827000,420.8755994466805,1003
2024-09-19 13:48:18.828000,420.8902803577668,1000
2024-09-19 13:48:18.836000,420.84537505616817,998
2024-09-19 13:48:18.878000,420.914165929344,12
2024-09-19 13:48:18.892000,420.861495510148,9
2024-09-19 13:48:18.962000,420.87097072118337,1005
2024-09-19 13:48:18.990000,420.8903790777198,15
2024-09-19 13:48:19.066000,420.9200442410454,105
2024-09-19 13:48:19.111000,420.8899190639116,1001
2024-09-19 13:48:19.155000,420.9015897861482,1002
2024-09-19 13:48:19.187000,420.8941023898241,8
2024-09-19 13:48:19.221000,420.9508489139151,97
2024-09-19 13:48:19.227000,420.8907546894401,99
2024-09-19 13:48:19.233000,420.8713051013596,103
2024-09-19 13:48:19.255000,420.8995768199876,1001
2024-09-19 13:48:19.264000,420.8507276608597,97
2024-09-19 13:48:19.264000,420.8892897697504,997
2024-09-19 13:48:19.282000,420.8678994418752,7
2024-09-19 13:48:19.297000,420.8956418485413,1004
2024-09-19 13:48:19.306000,420.91900591135766,6
2024-09-19 13:48:19.376000,420.87763341264457,105
2024-09-19 13:48:19.440000,420.87865882101136,97
2024-09-19 13:48:19.442000,420.9181856362643,1005
2024-09-19 13:48:19.548000,420.91196417034905,104
2024-09-19 13:48:19.556000,420.8659914337365,1005
2024-09-19 13:48:19.559000,420.89572558780407,1005
2024-09-19 13:48:19.562000,420.8952974152868,1001
2024-09-19 13:48:19.643000,420.9224961339992,13
2024-09-19 13:48:19.666000,420.912138386164,96
2024-09-19 13:48:19.684000,420.86745948186353,98
2024-09-19 13:48:19.715000,420.8922256193839,1001
2024-09-19 13:48:19.754000,420.946429387202,1003
2024-09-19 13:48:19.767000,420.89843259283225,996
2024-09-19 13:48:19.825000,420.8868655122152,95
2024-09-19 13:48:19.829000,420.8660781809624,15
2024-09-19 13:48:19.930000,420.90684669858496,99
2024-09-19 13:48:20.216000,420.85147396909,1001
2024-09-19 13:48:20.229000,420.8584934703402,14
2024-09-19 13:48:20.236000,420.8610876359668,10
2024-09-19 13:48:20.344000,420.84127177107314,995
2024-09-19 13:48:20.496000,420.84647046646654,96
2024-09-19 13:48:20.790000,420.8413807927357,995
2024-09-19 13:48:20.806000,420.8734023287178,996
2024-09-19 13:48:20.826000,420.85146753802354,96
2024-09-19 13:48:20.878000,420.8835149222279,14
2024-09-19 13:48:20.878000,420.84235078052046,1004
2024-09-19 13:48:20.914000,420.8503280580866,1003
2024-09-19 13:48:20.945000,420.8731959391672,7
2024-09-19 13:48:20.966000,420.84258914788495,13
2024-09-19 13:48:20.968000,420.8445688744283,97
2024-09-19 13:48:21.234000,420.871090954958,6
2024-09-19 13:48:21.354000,420.8597308703489,995
2024-09-19 13:48:21.363000,420.8793519193673,8
2024-09-19 13:48:21.411000,420.8621106928234,999
2024-09-19 13:48:21.513000,420.8722432188566,1004
2024-09-19 13:48:21.591000,420.8633831732429,12
2024-09-19 13:48:21.646000,420.8728912376611,1004
2024-09-19 13:48:21.695000,420.8780008090508,105
2024-09-19 13:48:22.827000,420.8597440401807,102
2024-09-19 13:48:23.010000,420.8766558526846,14
2024-09-19 13:48:23.403000,420.87899677514736,5
2024-09-19 13:48:23.445000,420.87046815344576,1002
2024-09-19 13:48:23.659000,420.8684803602657,98
2024-09-19 13:48:23.948000,420.88032447365407,99
2024-09-19 13:48:24.024000,420.8677886368371,98
2024-09-19 13:48:24.079000,420.847970848795,1000
2024-09-19 13:48:24.154000,420.8753678095084,97
2024-09-19 13:48:24.263000,420.85208017723767,102
2024-09-19 13:48:24.440000,420.86105747904793,1003
2024-09-19 13:48:24.451000,420.8729813950448,11
2024-09-19 13:48:24.503000,420.8894277494599,997
2024-09-19 13:48:24.519000,420.88024244428254,98
2024-09-19 13:48:24.535000,420.8523445356976,1005
2024-09-19 13:48:24.551000,420.88118887259935,12
2024-09-19 13:48:24.598000,420.8666663903709,98
2024-09-19 13:48:24.669000,420.8705936505123,1005
2024-09-19 13:48:24.743000,420.8683566212806,1005
2024-09-19 13:48:24.793000,420.8814925191722,6
2024-09-19 13:48:24.857000,420.86333272446575,7
2024-09-19 13:48:24.912000,420.8652387461012,101
2024-09-19 13:48:25.084000,420.8870109856256,7
2024-09-19 13:48:26.706000,420.88158077320855,101
2024-09-19 13:48:26.837000,420.9001498762861,996
2024-09-19 13:48:26.943000,420.8966541481177,1001
2024-09-19 13:48:27.851000,420.9117296681524,9
2024-09-19 13:48:27.858000,420.9108781753287,12
2024-09-19 13:48:28.165000,420.95961471520127,10
2024-09-19 13:48:28.399000,420.9248323673179,1004
2024-09-19 13:48:28.619000,420.92350171011583,96
2024-09-19 13:48:28.658000,420.9461445005635,100
2024-09-19 13:48:28.779000,420.94314107657294,105
2024-09-19 13:48:28.835000,420.9209320434952,102
2024-09-19 13:48:28.919000,420.9443900563236,95
2024-09-19 13:48:29.124000,420.96557432347873,13
2024-09-19 13:48:29.191000,420.9568376979612,7
2024-09-19 13:48:29.350000,420.975532771664,9
2024-09-19 13:48:29.382000,420.9428129869581,98
2024-09-19 13:48:29.428000,420.9351469818849,10
2024-09-19 13:48:29.501000,420.94002687439246,996
2024-09-19 13:48:29.627000,420.9453364402012,998
2024-09-19 13:48:29.794000,420.9337860288521,1003
2024-09-19 13:48:29.866000,420.9232754566335,15
2024-09-19 13:48:29.903000,420.9688780111777,1002
2024-09-19 13:48:30.007000,420.9490609425417,995
2024-09-19 13:48:30.019000,420.90655535918575,98
2024-09-19 13:48:30.104000,420.9727347644374,105
2024-09-19 13:48:30.105000,420.9606383380233,105
2024-09-19 13:48:30.123000,420.9518016859911,15
2024-09-19 13:48:30.135000,420.9287675074008,95
2024-09-19 13:48:30.193000,420.94567733335214,8
2024-09-19 13:48:30.243000,420.9448617055594,98
2024-09-19 13:48:30.261000,420.9299257950124,13
2024-09-19 13:48:30.285000,420.9556313328218,1003
2024-09-19 13:48:30.327000,420.9310907540473,1002
2024-09-19 13:48:30.348000,420.9186778658581,1003
2024-09-19 13:48:30.386000,420.9347107448871,1003
2024-09-19 13:48:30.388000,420.96686623562334,12
2024-09-19 13:48:30.446000,420.94598450375975,99
2024-09-19 13:48:30.446000,420.9161939291682,102
2024-09-19 13:48:30.475000,420.9386344982945,995
2024-09-19 13:48:30.489000,420.9704839508701,5
2024-09-19 13:48:30.564000,420.9337010447389,997
2024-09-19 13:48:30.629000,420.94691268068135,95
2024-09-19 13:48:30.680000,420.9410972757636,1002
2024-09-19 13:48:30.756000,420.9427966956297,104
2024-09-19 13:48:30.845000,420.92482313791305,14
2024-09-19 13:48:30.868000,420.9149251571411,8
2024-09-19 13:48:30.918000,420.9317379764768,100
2024-09-19 13:48:30.972000,420.941905927221,8
2024-09-19 13:48:31.012000,420.9225551644222,105
2024-09-19 13:48:31.036000,420.95258928631233,997
2024-09-19 13:48:31.050000,420.9604344211073,5
2024-09-19 13:48:31.064000,420.9413051800331,9
2024-09-19 13:48:31.065000,420.940365125257,999
2024-09-19 13:48:31.068000,420.9442964319243,1000
2024-09-19 13:48:31.131000,420.9328170701434,95
2024-09-19 13:48:31.131000,420.9242509748392,1005
2024-09-19 13:48:31.188000,420.94575620324696,8
2024-09-19 13:48:31.297000,420.943921142554,98
2024-09-19 13:48:31.433000,420.9487007278215,100
2024-09-19 13:48:31.474000,420.94707662230354,15
2024-09-19 13:48:31.491000,420.95234406996695,999
2024-09-19 13:48:31.522000,420.9626412307915,1004
2024-09-19 13:48:31.577000,420.9196038074875,95
2024-09-19 13:48:31.601000,420.9341127715868,1003
2024-09-19 13:48:31.647000,420.9469212553116,97
2024-09-19 13:48:31.655000,420.9799981013912,995
2024-09-19 13:48:31.659000,420.9364206414131,1000
2024-09-19 13:48:31.660000,420.9569468636831,96
2024-09-19 13:48:31.662000,420.9497299701127,1002
2024-09-19 13:48:31.766000,420.9234533058183,995
2024-09-19 13:48:31.836000,420.9266293649762,12
2024-09-19 13:48:31.863000,420.9452506132118,12
2024-09-19 13:48:31.901000,420.9222293577725,10
2024-09-19 13:48:31.903000,420.9404279906532,98
2024-09-19 13:48:31.907000,420.9472905123466,97
2024-09-19 13:48:31.959000,420.93751634236736,997
2024-09-19 13:48:32,420.9420071500873,7
2024-09-19 13:48:32.019000,420.8956106781153,99
2024-09-19 13:48:32.220000,420.9080060333762,995
2024-09-19 13:48:32.274000,420.8972712659901,9
2024-09-19 13:48:32.328000,420.9435501724855,104
2024-09-19 13:48:32.368000,420.942822079828,102
2024-09-19 13:48:32.424000,420.9212588490216,13
2024-09-19 13:48:32.600000,420.9105016384299,998
2024-09-19 13:48:32.644000,420.9205306019692,97
2024-09-19 13:48:32.729000,420.9075636970352,103
2024-09-19 13:48:32.763000,420.94354094742624,103
2024-09-19 13:48:32.804000,420.9406270662904,996
2024-09-19 13:48:32.898000,420.9351200203719,998
2024-09-19 13:48:32.982000,420.90684544670273,102
2024-09-19 13:48:33.044000,420.98449943248426,997
2024-09-19 13:48:33.117000,420.9665510590175,100
2024-09-19 13:48:33.125000,421.0050197873789,96
2024-09-19 13:48:33.380000,420.9696994401157,1001
2024-09-19 13:48:33.420000,420.9749464415101,104
2024-09-19 13:48:33.440000,420.9965458668935,104
2024-09-19 13:48:33.442000,420.9969964938351,14
2024-09-19 13:48:33.463000,420.97262212027147,97
2024-09-19 13:48:33.468000,420.9947866765671,7
2024-09-19 13:48:33.516000,420.9548276782077,102
2024-09-19 13:48:33.543000,420.9758907873639,98
2024-09-19 13:48:33.574000,420.9723106600362,1004
2024-09-19 13:48:33.600000,420.9721827808751,100
2024-09-19 13:48:33.667000,420.9936415358152,998
2024-09-19 13:48:33.720000,420.9823100160088,10
2024-09-19 13:48:33.732000,420.96303018642334,1003
2024-09-19 13:48:33.743000,420.9632937968428,100
2024-09-19 13:48:33.801000,420.9886617152789,98
2024-09-19 13:48:33.803000,420.9727258009801,104
2024-09-19 13:48:33.808000,420.99532518643736,105
2024-09-19 13:48:33.868000,420.9784904541335,96
2024-09-19 13:48:33.923000,420.97802880471767,98
2024-09-19 13:48:33.924000,420.9713568867013,996
2024-09-19 13:48:33.983000,420.9975923676912,1004
2024-09-19 13:48:34.001000,420.9647673751333,14
2024-09-19 13:48:34.082000,420.946554424988,1002
2024-09-19 13:48:34.200000,420.95648934534097,7
2024-09-19 13:48:34.417000,420.9796315825326,10
2024-09-19 13:48:34.424000,420.9586619496366,6
2024-09-19 13:48:34.489000,420.9667597312144,97
2024-09-19 13:48:34.667000,420.9530542611972,15
2024-09-19 13:48:34.689000,420.9837903049551,995
2024-09-19 13:48:34.741000,420.9555801265794,96
2024-09-19 13:48:34.834000,420.98364132172975,6
2024-09-19 13:48:34.862000,420.9483765881206,1001
2024-09-19 13:48:34.942000,420.95628480280345,15
2024-09-19 13:48:35.013000,420.9321684079551,1002
2024-09-19 13:48:35.051000,420.8445662691477,996
2024-09-19 13:48:35.127000,420.9323544070453,1004
2024-09-19 13:48:35.165000,420.8746059716434,8
2024-09-19 13:48:35.265000,420.95515476615793,103
2024-09-19 13:48:35.298000,420.8545599686773,999
2024-09-19 13:48:35.357000,420.9371647222538,7
2024-09-19 13:48:35.401000,420.8715066533709,1000
2024-09-19 13:48:35.531000,420.8733507654038,10
2024-09-19 13:48:35.537000,420.93822791625865,100
2024-09-19 13:48:35.545000,420.8811295661027,103
2024-09-19 13:48:35.549000,420.885631968186,11
2024-09-19 13:48:35.596000,420.9432994439297,1003
2024-09-19 13:48:35.728000,420.92500982178814,996
2024-09-19 13:48:35.804000,420.8927572343412,98
2024-09-19 13:48:35.873000,420.8603952607713,13
2024-09-19 13:48:35.896000,420.868516981516,6
2024-09-19 13:48:35.911000,420.9300031447572,999
2024-09-19 13:48:35.929000,420.9558525896287,5
2024-09-19 13:48:35.981000,420.90549802365774,10
2024-09-19 13:48:35.991000,420.8478786081898,12
2024-09-19 13:48:36.022000,420.85269775508,100
2024-09-19 13:48:36.081000,420.8405441761598,99
2024-09-19 13:48:36.106000,420.816136598217,14
2024-09-19 13:48:36.238000,420.8571708757586,6
2024-09-19 13:48:36.259000,420.8459576899526,1001
2024-09-19 13:48:36.298000,420.8550192234311,7
2024-09-19 13:48:36.309000,420.85141123295153,95
2024-09-19 13:48:36.310000,420.8707044672865,102
2024-09-19 13:48:36.319000,420.87146332207567,1005
2024-09-19 13:48:36.346000,420.8466882406345,102
2024-09-19 13:48:36.367000,420.85435980169865,1003
2024-09-19 13:48:36.381000,420.8495579349718,102
2024-09-19 13:48:36.512000,420.8545725409284,100
2024-09-19 13:48:36.826000,420.8523400950466,15
2024-09-19 13:48:36.830000,420.81069829063,98
2024-09-19 13:48:36.961000,420.8663086931762,1003
2024-09-19 13:48:37.062000,420.77057152588594,103
2024-09-19 13:48:37.069000,420.82051903271446,5
2024-09-19 13:48:37.122000,420.72219333363387,998
2024-09-19 13:48:37.139000,420.7634581617088,102
2024-09-19 13:48:37.150000,420.7716663053787,998
2024-09-19 13:48:37.211000,420.7897290598992,103
2024-09-19 13:48:37.287000,420.737422056159,15
2024-09-19 13:48:37.311000,420.72308824823386,1002
2024-09-19 13:48:37.313000,420.8140587122247,14
2024-09-19 13:48:37.458000,420.7812418865798,1000
2024-09-19 13:48:37.462000,420.76624387150457,99
2024-09-19 13:48:37.498000,420.699208963128,1003
2024-09-19 13:48:37.517000,420.7578810200197,97
2024-09-19 13:48:37.547000,420.7459201875045,996
2024-09-19 13:48:37.558000,420.7808476982229,103
2024-09-19 13:48:37.601000,420.7353381607193,1005
2024-09-19 13:48:37.609000,420.76369404090025,97
2024-09-19 13:48:37.710000,420.7873869388478,9
2024-09-19 13:48:37.860000,420.7683690614409,5
2024-09-19 13:48:37.905000,420.7536567247904,95
2024-09-19 13:48:37.926000,420.7653941752221,9
2024-09-19 13:48:37.991000,420.7943569548751,95
2024-09-19 13:48:38.554000,420.7057504529424,101
2024-09-19 13:48:39.115000,420.7030491770929,7
2024-09-19 13:48:39.127000,420.7169994991408,11
2024-09-19 13:48:39.175000,420.67663542392,998
2024-09-19 13:48:39.213000,420.68427685181496,995
2024-09-19 13:48:39.289000,420.6701756807087,103
2024-09-19 13:48:39.481000,420.6999329506337,12
2024-09-19 13:48:39.538000,420.7098929613385,15
2024-09-19 13:48:39.718000,420.697008194235,1004
2024-09-19 13:48:39.774000,420.6947798287258,6
2024-09-19 13:48:39.904000,420.6960125257366,1005
2024-09-19 13:48:39.929000,420.6853209856669,1000
2024-09-19 13:48:40.043000,420.6199760963552,95
2024-09-19 13:48:40.100000,420.6566952293789,1002
2024-09-19 13:48:40.260000,420.6329459118765,6
2024-09-19 13:48:40.338000,420.6408254011278,998
2024-09-19 13:48:40.545000,420.6337351479284,997
2024-09-19 13:48:40.556000,420.6978328133576,1003
2024-09-19 13:48:40.646000,420.67521197924776,10
2024-09-19 13:48:40.696000,420.686183660409,96
2024-09-19 13:48:40.716000,420.6334109832694,104
2024-09-19 13:48:40.847000,420.6737292270185,5
2024-09-19 13:48:41.067000,420.6491863367989,102
2024-09-19 13:48:41.177000,420.6287502498458,100
2024-09-19 13:48:41.254000,420.6528095997618,10
2024-09-19 13:48:41.269000,420.6689315517208,97
2024-09-19 13:48:41.344000,420.6289541363424,99
2024-09-19 13:48:41.350000,420.648192472226,998
2024-09-19 13:48:41.391000,420.65238067036336,101
2024-09-19 13:48:41.419000,420.6255551111474,9
2024-09-19 13:48:41.459000,420.6353650599766,103
2024-09-19 13:48:41.510000,420.6198934063215,999
2024-09-19 13:48:41.570000,420.63892188137606,997
2024-09-19 13:48:41.631000,420.6423148409237,12
2024-09-19 13:48:41.938000,420.6503936476191,11
2024-09-19 13:48:41.982000,420.62882103533775,995
2024-09-19 13:48:41.995000,420.6375652773583,6
2024-09-19 13:48:42.094000,420.6635412240735,10
2024-09-19 13:48:42.106000,420.62481712063936,104
2024-09-19 13:48:42.119000,420.72409254961485,1002
2024-09-19 13:48:42.209000,420.6433139470048,6
2024-09-19 13:48:42.252000,420.6475135438674,13
2024-09-19 13:48:42.352000,420.6638490556476,99
2024-09-19 13:48:42.555000,420.6556107446678,95
2024-09-19 13:48:42.650000,420.6684535774575,11
2024-09-19 13:48:42.935000,420.7151338296277,1005
2024-09-19 13:48:43.621000,420.70000485046927,1004
2024-09-19 13:48:43.629000,420.699717675976,104
2024-09-19 13:48:44.005000,420.6562040909495,104
2024-09-19 13:48:44.038000,420.6635979964881,104
2024-09-19 13:48:44.112000,420.71450307843696,12
2024-09-19 13:48:44.149000,420.6677989340667,98
2024-09-19 13:48:44.178000,420.6969816275696,9
2024-09-19 13:48:44.232000,420.6507579423815,14
2024-09-19 13:48:44.348000,420.6389497750408,11
2024-09-19 13:48:44.350000,420.7115112279161,1000
2024-09-19 13:48:44.401000,420.6988658551989,5
2024-09-19 13:48:44.458000,420.70792611538747,995
2024-09-19 13:48:44.620000,420.6780765286436,999
2024-09-19 13:48:44.639000,420.7173596209215,12
2024-09-19 13:48:44.700000,420.6656228716385,13
2024-09-19 13:48:44.727000,420.69039778374247,8
2024-09-19 13:48:44.757000,420.66300308174647,998
2024-09-19 13:48:44.761000,420.7090734459169,996
2024-09-19 13:48:44.810000,420.70594822181016,999
2024-09-19 13:48:44.831000,420.6388288726104,6
2024-09-19 13:48:44.837000,420.7191762790974,1005
2024-09-19 13:48:44.840000,420.6947184440552,99
2024-09-19 13:48:44.921000,420.68681763166506,1003
2024-09-19 13:48:44.970000,420.73115691588447,96
2024-09-19 13:48:45.204000,420.7140688567275,13
2024-09-19 13:48:45.214000,420.7040004239916,103
2024-09-19 13:48:45.396000,420.719206264656,1001
2024-09-19 13:48:45.426000,420.7062271858858,14
2024-09-19 13:48:45.505000,420.7092932216646,1002
2024-09-19 13:48:45.753000,420.709710981783,100
2024-09-19 13:48:45.919000,420.7226523205924,1003
2024-09-19 13:48:45.928000,420.727721774325,96
2024-09-19 13:48:45.947000,420.7132325915434,999
2024-09-19 13:48:46.003000,420.7448562117313,996
2024-09-19 13:48:46.055000,420.8026963342888,103
2024-09-19 13:48:46.119000,420.7723506593564,995
2024-09-19 13:48:46.233000,420.7814033545165,95
2024-09-19 13:48:46.251000,420.8102375527567,98
2024-09-19 13:48:46.261000,420.7627183905814,102
2024-09-19 13:48:46.286000,420.794697083309,13
2024-09-19 13:48:46.293000,420.7526193843488,14
2024-09-19 13:48:46.326000,420.8074742464298,1001
2024-09-19 13:48:46.364000,420.7779560688032,96
2024-09-19 13:48:46.420000,420.7764112391972,8
2024-09-19 13:48:46.488000,420.80222668517655,1002
2024-09-19 13:48:46.504000,420.7724147669563,103
2024-09-19 13:48:46.520000,420.7923498990341,15
2024-09-19 13:48:46.551000,420.7525478125448,1005
2024-09-19 13:48:46.604000,420.77413692505417,98
2024-09-19 13:48:46.611000,420.8410337316758,1000
2024-09-19 13:48:46.687000,420.78096867807926,1005
2024-09-19 13:48:46.692000,420.7829704476423,6
2024-09-19 13:48:46.706000,420.7634158550766,1005
2024-09-19 13:48:46.803000,420.7680152015658,1005
2024-09-19 13:48:46.828000,420.7932955267494,15
2024-09-19 13:48:46.844000,420.785475661861,1005
2024-09-19 13:48:46.916000,420.79189709895167,7
2024-09-19 13:48:46.958000,420.773794670679,1000
2024-09-19 13:48:46.967000,420.7889692857601,101
2024-09-19 13:48:46.977000,420.7609777587713,15
2024-09-19 13:48:46.992000,420.74618665974754,15
2024-09-19 13:48:47.026000,420.7700558489537,1005
2024-09-19 13:48:47.184000,420.7737661115162,5
2024-09-19 13:48:47.305000,420.7788533422133,103
2024-09-19 13:48:47.733000,420.7796464787465,12
2024-09-19 13:48:48.045000,420.75223114026295,7
2024-09-19 13:48:48.051000,420.7536311263624,1005
2024-09-19 13:48:48.067000,420.7572582835924,5
2024-09-19 13:48:48.099000,420.7466516100769,1001
2024-09-19 13:48:48.171000,420.76095234951646,5
2024-09-19 13:48:48.182000,420.7104325303156,95
2024-09-19 13:48:48.224000,420.7318506637537,15
2024-09-19 13:48:48.249000,420.73094435166377,100
2024-09-19 13:48:48.264000,420.7416506776092,1000
2024-09-19 13:48:48.329000,420.7288004021247,998
2024-09-19 13:48:48.426000,420.775386809461,999
2024-09-19 13:48:48.460000,420.7676948784844,1000
2024-09-19 13:48:48.580000,420.68985543981694,14
2024-09-19 13:48:48.589000,420.7407627710113,1001
2024-09-19 13:48:48.630000,420.73836597806815,9
2024-09-19 13:48:48.636000,420.7390399368386,96
2024-09-19 13:48:48.643000,420.7560127423416,5
2024-09-19 13:48:48.680000,420.7431419431038,12
2024-09-19 13:48:48.707000,420.7599372667627,99
2024-09-19 13:48:48.709000,420.7584139648901,103
2024-09-19 13:48:48.744000,420.7451531247859,8
2024-09-19 13:48:48.795000,420.6893012616891,8
2024-09-19 13:48:48.880000,420.7631375723482,999
2024-09-19 13:48:48.937000,420.7717511482203,9
2024-09-19 13:48:48.946000,420.7650663772912,99
2024-09-19 13:48:48.950000,420.7323613793447,15
2024-09-19 13:48:48.974000,420.7140475068909,12
2024-09-19 13:48:49.039000,420.6788682277451,13
2024-09-19 13:48:49.054000,420.7023726025496,98
2024-09-19 13:48:49.093000,420.6797535457763,12
2024-09-19 13:48:49.105000,420.6861559815334,998
2024-09-19 13:48:49.125000,420.6775410618795,14
2024-09-19 13:48:49.135000,420.6646958467289,997
2024-09-19 13:48:49.195000,420.6635130733125,97
2024-09-19 13:48:49.292000,420.6772062526738,103
2024-09-19 13:48:49.310000,420.7185041115146,97
2024-09-19 13:48:49.316000,420.6556907733577,6
2024-09-19 13:48:49.328000,420.684904597748,101
2024-09-19 13:48:49.371000,420.6565399689269,102
2024-09-19 13:48:49.371000,420.651785791179,1002
2024-09-19 13:48:49.425000,420.6745886970956,98
2024-09-19 13:48:49.432000,420.6826989402739,98
2024-09-19 13:48:49.437000,420.65978993900353,96
2024-09-19 13:48:49.576000,420.635641706742,12
2024-09-19 13:48:49.595000,420.70486023165495,105
2024-09-19 13:48:49.662000,420.6617615301553,13
2024-09-19 13:48:49.723000,420.6862184892586,96
2024-09-19 13:48:49.760000,420.6700352073274,997
2024-09-19 13:48:49.817000,420.7229215150984,1005
2024-09-19 13:48:49.827000,420.6791441316128,999
2024-09-19 13:48:49.862000,420.6702942409264,15
2024-09-19 13:48:49.954000,420.6830874636023,103
2024-09-19 13:48:49.956000,420.6704392196388,997
2024-09-19 13:48:49.974000,420.7004689628168,999
2024-09-19 13:48:49.983000,420.6767254745106,1001
2024-09-19 13:48:50.002000,420.6922928567804,102
2024-09-19 13:48:50.071000,420.72801555433045,1003
2024-09-19 13:48:50.123000,420.7322549106899,1001
2024-09-19 13:48:50.365000,420.6822265203112,10
2024-09-19 13:48:50.368000,420.72558845878825,105
2024-09-19 13:48:50.706000,420.72377154063366,6
2024-09-19 13:48:50.836000,420.7238982707006,10
2024-09-19 13:48:50.908000,420.7139972346857,95
2024-09-19 13:48:50.957000,420.7294220652428,998
2024-09-19 13:48:50.968000,420.6875238763914,8
2024-09-19 13:48:50.993000,420.72573129782575,995
2024-09-19 13:48:51.003000,420.7147068677268,95
2024-09-19 13:48:51.015000,420.67602280929856,11
2024-09-19 13:48:51.089000,420.6760540041968,997
2024-09-19 13:48:51.151000,420.6673357663288,8
2024-09-19 13:48:51.195000,420.6643861068303,14
2024-09-19 13:48:51.218000,420.66067849112073,98
2024-09-19 13:48:51.232000,420.7262740715757,13
2024-09-19 13:48:51.298000,420.6763173015622,101
2024-09-19 13:48:51.328000,420.7180778327921,1001
2024-09-19 13:48:51.409000,420.69923019715833,96
2024-09-19 13:48:51.437000,420.714803561766,101
2024-09-19 13:48:51.442000,420.7199992917005,1005
2024-09-19 13:48:51.463000,420.7143164819879,97
2024-09-19 13:48:51.491000,420.71343182593006,1003
2024-09-19 13:48:51.534000,420.7227214515924,100
2024-09-19 13:48:51.554000,420.7171907800055,6
2024-09-19 13:48:51.587000,420.72872838966833,9
2024-09-19 13:48:51.672000,420.65081237933424,5
2024-09-19 13:48:51.759000,420.69884151098665,1005
2024-09-19 13:48:51.817000,420.67946063019593,1005
2024-09-19 13:48:51.931000,420.7078153710752,998
2024-09-19 13:48:51.957000,420.6728546913248,996
2024-09-19 13:48:51.975000,420.7058366574575,99
2024-09-19 13:48:51.992000,420.6411686911092,996
2024-09-19 13:48:52.016000,420.706961195242,1001
2024-09-19 13:48:52.095000,420.6788850450357,98
2024-09-19 13:48:52.135000,420.66338489841473,13
2024-09-19 13:48:52.170000,420.7383162385996,1004
2024-09-19 13:48:52.210000,420.67643957671737,102
2024-09-19 13:48:52.227000,420.7770894355723,12
2024-09-19 13:48:52.245000,420.6950487634533,97
2024-09-19 13:48:52.267000,420.70258374619686,98
2024-09-19 13:48:52.290000,420.6644707566788,7
2024-09-19 13:48:52.306000,420.77794471136025,999
2024-09-19 13:48:52.330000,420.77009659466665,99
2024-09-19 13:48:52.339000,420.7380795295432,15
2024-09-19 13:48:52.349000,420.7514314353144,11
2024-09-19 13:48:52.496000,420.7760928126035,6
2024-09-19 13:48:52.520000,420.7909025092735,99
2024-09-19 13:48:52.524000,420.7795622417969,10
2024-09-19 13:48:52.716000,420.7751152322269,96
2024-09-19 13:48:52.829000,420.68431224097134,9
2024-09-19 13:48:52.836000,420.7970133784119,95
2024-09-19 13:48:52.873000,420.69354076434206,1000
2024-09-19 13:48:52.926000,420.7592172557074,9
2024-09-19 13:48:52.927000,420.65893655951646,1005
2024-09-19 13:48:52.981000,420.785387857636,99
2024-09-19 13:48:53.526000,420.7796542686265,1000
2024-09-19 13:48:53.575000,420.77518608323794,13
2024-09-19 13:48:53.840000,420.7760969714255,99
2024-09-19 13:48:53.869000,420.7725829192199,105
2024-09-19 13:48:54.001000,420.774409184516,999
2024-09-19 13:48:54.008000,420.80123753586696,13
2024-09-19 13:48:54.010000,420.76818125472494,1003
2024-09-19 13:48:54.129000,420.7966509210234,8
2024-09-19 13:48:54.319000,420.7610840561273,999
2024-09-19 13:48:54.333000,420.8087718925266,1000
2024-09-19 13:48:54.346000,420.7691967211935,15
2024-09-19 13:48:54.438000,420.79855331420447,95
2024-09-19 13:48:54.441000,420.8065585397334,998
2024-09-19 13:48:54.454000,420.7987348633439,12
2024-09-19 13:48:54.460000,420.7851018888133,996
2024-09-19 13:48:54.594000,420.7372017450588,11
2024-09-19 13:48:54.612000,420.819559680463,996
2024-09-19 13:48:54.644000,420.81446122813713,11
2024-09-19 13:48:54.696000,420.7636577861486,96
2024-09-19 13:48:54.762000,420.7986968277627,1004
2024-09-19 13:48:54.784000,420.7407132579242,101
2024-09-19 13:48:54.817000,420.74746310270433,98
2024-09-19 13:48:54.827000,420.781809172072,1001
2024-09-19 13:48:54.842000,420.777795726724,5
2024-09-19 13:48:54.845000,420.7805546516684,100
2024-09-19 13:48:54.871000,420.786340116338,999
2024-09-19 13:48:54.872000,420.7454481284535,995
2024-09-19 13:48:54.912000,420.7962646328866,1005
2024-09-19 13:48:54.936000,420.80640222846887,997
2024-09-19 13:48:54.940000,420.7896856694138,995
2024-09-19 13:48:54.962000,420.7619789486604,99
2024-09-19 13:48:55.057000,420.82762981561655,104
2024-09-19 13:48:55.132000,420.8746622935428,998
2024-09-19 13:48:55.154000,420.8295737218925,6
2024-09-19 13:48:55.157000,420.839933466202,1005
2024-09-19 13:48:55.219000,420.85675699696935,11
2024-09-19 13:48:55.238000,420.8603124896919,101
2024-09-19 13:48:55.304000,420.8497842858892,10
2024-09-19 13:48:55.313000,420.8553429099246,999
2024-09-19 13:48:55.313000,420.7996711180599,96
2024-09-19 13:48:55.367000,420.810429911053,103
2024-09-19 13:48:55.408000,420.8305845090602,8
2024-09-19 13:48:55.467000,420.8740541320756,1004
2024-09-19 13:48:55.494000,420.83378428154265,1003
2024-09-19 13:48:55.605000,420.8215767427396,1000
2024-09-19 13:48:55.775000,420.8592898850635,96
2024-09-19 13:48:55.803000,420.8542020609279,98
2024-09-19 13:48:55.858000,420.88127381747904,105
2024-09-19 13:48:55.863000,420.8214509814815,96
2024-09-19 13:48:55.961000,420.8214260297981,996
2024-09-19 13:48:56.659000,420.8229699904052,97
2024-09-19 13:48:56.818000,420.82828518933695,97
2024-09-19 13:48:57.022000,420.84843093181496,1002
2024-09-19 13:48:57.042000,420.788054039406,15
2024-09-19 13:48:57.137000,420.8175052383061,1004
2024-09-19 13:48:57.228000,420.812939835812,13
2024-09-19 13:48:57.253000,420.8256901180125,97
2024-09-19 13:48:57.282000,420.826210223881,12
2024-09-19 13:48:57.468000,420.8307282187302,996
2024-09-19 13:48:57.528000,420.8260702508129,11
2024-09-19 13:48:57.554000,420.7964058729646,999
2024-09-19 13:48:57.683000,420.7942121736117,8
2024-09-19 13:48:57.690000,420.8112907091379,96
2024-09-19 13:48:57.704000,420.8589380074226,996
2024-09-19 13:48:57.705000,420.8269392470958,1000
2024-09-19 13:48:57.782000,420.85180390955696,997
2024-09-19 13:48:57.798000,420.8198565623143,8
2024-09-19 13:48:57.805000,420.7672951045964,101
2024-09-19 13:48:57.806000,420.8511329813157,13
2024-09-19 13:48:57.814000,420.779196017542,12
2024-09-19 13:48:57.926000,420.8405771538714,997
2024-09-19 13:48:57.947000,420.78830389822775,104
2024-09-19 13:48:57.955000,420.8181498313826,995
2024-09-19 13:48:58.091000,420.7870226077048,95
2024-09-19 13:48:58.160000,420.80909513186447,997
2024-09-19 13:48:58.270000,420.7920003255238,13
2024-09-19 13:48:58.333000,420.7986614248472,13
2024-09-19 13:48:58.714000,420.82628444510783,101
2024-09-19 13:48:58.884000,420.778886396955,13
2024-09-19 13:48:58.914000,420.8295832090852,15
2024-09-19 13:48:59.039000,420.7793684857936,1003
2024-09-19 13:48:59.041000,420.8220601680528,101
2024-09-19 13:48:59.105000,420.78398782377496,15
2024-09-19 13:48:59.112000,420.7715597694336,1005
2024-09-19 13:48:59.156000,420.77863551196094,1004
2024-09-19 13:48:59.213000,420.8053081082929,15
2024-09-19 13:48:59.298000,420.8395985976186,1003
2024-09-19 13:48:59.366000,420.8057118457441,996
2024-09-19 13:48:59.387000,420.77553091919606,5
2024-09-19 13:48:59.409000,420.8299887689775,99
2024-09-19 13:48:59.461000,420.81399338783945,11
2024-09-19 13:48:59.497000,420.8033585697205,103
2024-09-19 13:48:59.516000,420.78506561207,100
2024-09-19 13:48:59.682000,420.813949286276,95
2024-09-19 13:48:59.699000,420.7640531623799,1005
2024-09-19 13:48:59.730000,420.8074127100835,100
2024-09-19 13:48:59.806000,420.819184453102,997
2024-09-19 13:48:59.833000,420.8070017654286,996
2024-09-19 13:48:59.835000,420.801182319476,15
2024-09-19 13:48:59.990000,420.86181416028114,9
