Timestamp,Price,Size
2024-09-17 10:42:00.057000,416.0826924794484,96
2024-09-17 10:42:00.167000,416.073153332424,95
2024-09-17 10:42:00.209000,416.1040598206096,104
2024-09-17 10:42:00.276000,416.0769201294515,99
2024-09-17 10:42:00.364000,416.1120060685119,100
2024-09-17 10:42:00.536000,416.0918690080983,15
2024-09-17 10:42:00.659000,416.10791842361255,95
2024-09-17 10:42:00.716000,416.1114006897866,1005
2024-09-17 10:42:00.776000,416.1032911045826,996
2024-09-17 10:42:02.050000,416.0894608910231,104
2024-09-17 10:42:02.240000,416.0800382271472,999
2024-09-17 10:42:02.301000,416.0897062842776,1004
2024-09-17 10:42:03,416.0729676754082,995
2024-09-17 10:42:03.135000,416.06439581662806,14
2024-09-17 10:42:04.028000,416.06885882813305,8
2024-09-17 10:42:04.033000,416.1351183238906,11
2024-09-17 10:42:04.155000,416.0902748580748,1005
2024-09-17 10:42:04.217000,416.1046363241373,5
2024-09-17 10:42:04.286000,416.10703671597554,13
2024-09-17 10:42:04.313000,416.1423507154535,6
2024-09-17 10:42:04.366000,416.1453598698978,13
2024-09-17 10:42:04.392000,416.1188651511381,14
2024-09-17 10:42:04.495000,416.1355496749423,995
2024-09-17 10:42:04.526000,416.13656855499977,95
2024-09-17 10:42:04.544000,416.1186874363916,12
2024-09-17 10:42:04.604000,416.08242901337263,1000
2024-09-17 10:42:04.635000,416.1480475872922,101
2024-09-17 10:42:04.701000,416.1447145337257,105
2024-09-17 10:42:04.891000,416.1129536322722,100
2024-09-17 10:42:04.989000,416.0504259186426,95
2024-09-17 10:42:05.002000,416.13136134963287,12
2024-09-17 10:42:05.024000,416.05278339948353,5
2024-09-17 10:42:05.074000,416.0933541475939,100
2024-09-17 10:42:05.159000,416.0537772751919,5
2024-09-17 10:42:05.188000,416.1480333831078,995
2024-09-17 10:42:05.207000,416.1096260198494,1003
2024-09-17 10:42:05.319000,416.05180062073015,5
2024-09-17 10:42:05.585000,416.04899562224017,96
2024-09-17 10:42:05.623000,416.1196571731733,997
2024-09-17 10:42:05.703000,416.1344739172027,98
2024-09-17 10:42:05.736000,416.0689669436744,97
2024-09-17 10:42:05.772000,416.0626090471176,996
2024-09-17 10:42:05.772000,416.05719047484735,8
2024-09-17 10:42:05.903000,416.1215212843944,103
2024-09-17 10:42:05.952000,416.1248674219725,98
2024-09-17 10:42:05.953000,416.0499515315618,103
2024-09-17 10:42:05.965000,416.04972374528825,103
2024-09-17 10:42:06.074000,416.0373764994769,13
2024-09-17 10:42:06.088000,416.0699671817464,9
2024-09-17 10:42:06.096000,416.0461329754722,1002
2024-09-17 10:42:06.204000,416.0188080327117,102
2024-09-17 10:42:06.250000,416.0397421917663,100
2024-09-17 10:42:06.274000,416.0037029033189,10
2024-09-17 10:42:06.398000,416.031148459336,999
2024-09-17 10:42:06.422000,415.9889042215749,98
2024-09-17 10:42:06.443000,416.0240290635357,11
2024-09-17 10:42:06.455000,415.9887610495597,11
2024-09-17 10:42:06.549000,415.9977836155782,1001
2024-09-17 10:42:06.601000,416.000750631622,97
2024-09-17 10:42:06.606000,416.053048377299,15
2024-09-17 10:42:06.626000,416.04211839339627,5
2024-09-17 10:42:06.628000,416.0663359472454,1001
2024-09-17 10:42:06.642000,416.02405595624015,105
2024-09-17 10:42:06.653000,416.06024275433856,1002
2024-09-17 10:42:06.692000,416.0244915295832,1000
2024-09-17 10:42:06.749000,415.9881004164124,11
2024-09-17 10:42:06.793000,415.993928136187,999
2024-09-17 10:42:06.807000,416.0491805346638,10
2024-09-17 10:42:06.872000,416.06667704746064,101
2024-09-17 10:42:07.104000,416.1223065186359,14
2024-09-17 10:42:07.107000,416.0730266195985,5
2024-09-17 10:42:07.235000,416.09971872543787,996
2024-09-17 10:42:07.280000,416.1033427469859,10
2024-09-17 10:42:07.281000,416.10061593759934,1000
2024-09-17 10:42:07.297000,416.07939565921146,996
2024-09-17 10:42:07.309000,416.08294212644034,6
2024-09-17 10:42:07.390000,416.069746459233,14
2024-09-17 10:42:07.395000,416.078944574162,102
2024-09-17 10:42:07.519000,416.08009468265567,103
2024-09-17 10:42:07.550000,416.068363772476,999
2024-09-17 10:42:07.682000,416.0933181006648,999
2024-09-17 10:42:07.708000,416.0783689536914,96
2024-09-17 10:42:07.725000,416.0659492358045,13
2024-09-17 10:42:07.762000,416.0618204904731,996
2024-09-17 10:42:07.794000,416.069176094444,99
2024-09-17 10:42:07.803000,416.0748522554112,996
2024-09-17 10:42:07.865000,416.0818847798747,995
2024-09-17 10:42:08.034000,416.1286338930103,7
2024-09-17 10:42:08.087000,416.1130095024489,96
2024-09-17 10:42:08.126000,416.1062711355319,99
2024-09-17 10:42:08.163000,416.0693859805368,95
2024-09-17 10:42:08.194000,416.0633820690002,103
2024-09-17 10:42:08.198000,416.0799827631435,999
2024-09-17 10:42:08.220000,416.1028001526115,998
2024-09-17 10:42:08.230000,416.098712885236,102
2024-09-17 10:42:08.233000,416.0664703541453,9
2024-09-17 10:42:08.272000,416.09970739175577,8
2024-09-17 10:42:08.276000,416.0886534880386,103
2024-09-17 10:42:08.322000,416.0548115772822,1001
2024-09-17 10:42:08.332000,416.1054558702291,996
2024-09-17 10:42:08.339000,416.064487670066,12
2024-09-17 10:42:08.362000,416.1204399553384,9
2024-09-17 10:42:08.533000,416.1075730838628,10
2024-09-17 10:42:08.564000,416.1117159371141,103
2024-09-17 10:42:08.614000,416.0741196190415,14
2024-09-17 10:42:08.619000,416.06761093333387,998
2024-09-17 10:42:08.642000,416.1089525629752,101
2024-09-17 10:42:08.661000,416.0554907430509,996
2024-09-17 10:42:08.735000,416.074758336794,1002
2024-09-17 10:42:08.736000,416.07857651637374,97
2024-09-17 10:42:08.762000,416.0881966867042,995
2024-09-17 10:42:08.765000,416.1072115365321,97
2024-09-17 10:42:08.996000,416.07179577503337,995
2024-09-17 10:42:09.011000,416.0652448914128,102
2024-09-17 10:42:09.088000,416.0149081655964,1001
2024-09-17 10:42:09.206000,416.0653971921683,5
2024-09-17 10:42:09.261000,416.0800033563655,95
2024-09-17 10:42:09.279000,416.0694300021091,996
2024-09-17 10:42:09.433000,416.05913524292606,1005
2024-09-17 10:42:09.439000,416.0310599403399,998
2024-09-17 10:42:09.467000,416.0626202207295,999
2024-09-17 10:42:09.469000,416.0415208182841,12
2024-09-17 10:42:09.487000,416.0678020492848,11
2024-09-17 10:42:09.489000,416.0407448270914,101
2024-09-17 10:42:09.513000,416.06668695687233,8
2024-09-17 10:42:09.594000,416.0640983456361,10
2024-09-17 10:42:09.599000,416.0336365545692,7
2024-09-17 10:42:09.634000,416.0784825090559,1001
2024-09-17 10:42:09.671000,416.0482693431104,997
2024-09-17 10:42:09.753000,416.0620358454257,12
2024-09-17 10:42:09.986000,416.02590056295975,998
2024-09-17 10:42:10.015000,416.0720156549622,1002
2024-09-17 10:42:10.066000,416.0094161938434,105
2024-09-17 10:42:10.135000,416.0200482920046,6
2024-09-17 10:42:10.170000,416.08593109175695,99
2024-09-17 10:42:10.204000,416.0820529535629,1001
2024-09-17 10:42:10.249000,416.08602716944864,1000
2024-09-17 10:42:10.281000,416.0996818853658,1005
2024-09-17 10:42:10.324000,416.0975736912577,9
2024-09-17 10:42:10.460000,416.0284417714583,1005
2024-09-17 10:42:10.509000,416.0144708198916,1002
2024-09-17 10:42:10.524000,416.03301598776136,1000
2024-09-17 10:42:10.530000,416.0460744520231,13
2024-09-17 10:42:10.593000,416.0766248337924,104
2024-09-17 10:42:10.639000,416.0540454502308,995
2024-09-17 10:42:10.648000,416.07319039030654,12
2024-09-17 10:42:10.753000,416.0474533260117,1005
2024-09-17 10:42:10.800000,416.0041485588554,103
2024-09-17 10:42:10.804000,416.0445661440208,996
2024-09-17 10:42:10.837000,416.0189999842854,8
2024-09-17 10:42:10.860000,416.0152401192592,13
2024-09-17 10:42:11.087000,416.15078090393695,97
2024-09-17 10:42:11.111000,416.1155152464087,102
2024-09-17 10:42:11.132000,416.2005618955649,98
2024-09-17 10:42:11.148000,416.21026739451406,998
2024-09-17 10:42:11.171000,416.18575912468737,1002
2024-09-17 10:42:11.183000,416.121716551519,1004
2024-09-17 10:42:11.185000,416.1921871541609,5
2024-09-17 10:42:11.278000,416.20256689506266,5
2024-09-17 10:42:11.304000,416.1773485067507,15
2024-09-17 10:42:11.384000,416.174026993443,5
2024-09-17 10:42:11.385000,416.1937830752527,6
2024-09-17 10:42:11.397000,416.1938531461652,12
2024-09-17 10:42:11.524000,416.2132067406352,14
2024-09-17 10:42:11.528000,416.1158342579555,99
2024-09-17 10:42:11.589000,416.2137283805224,15
2024-09-17 10:42:11.591000,416.1963364369391,11
2024-09-17 10:42:11.596000,416.2052569953239,995
2024-09-17 10:42:11.639000,416.1980165548842,95
2024-09-17 10:42:11.641000,416.2032413183474,103
2024-09-17 10:42:11.716000,416.2116398678602,105
2024-09-17 10:42:11.761000,416.1297389830763,105
2024-09-17 10:42:11.880000,416.1941690043378,102
2024-09-17 10:42:11.928000,416.20147522043936,1002
2024-09-17 10:42:12.022000,416.19557792864896,995
2024-09-17 10:42:12.036000,416.2031896567573,998
2024-09-17 10:42:12.082000,416.1877886784827,101
2024-09-17 10:42:12.160000,416.205483598635,9
2024-09-17 10:42:12.168000,416.2167507602175,97
2024-09-17 10:42:12.248000,416.18408034962704,996
2024-09-17 10:42:12.259000,416.19327512475246,14
2024-09-17 10:42:12.349000,416.1940738561933,101
2024-09-17 10:42:12.385000,416.2018664351277,8
2024-09-17 10:42:12.393000,416.2096234608061,97
2024-09-17 10:42:12.436000,416.1809293965785,1002
2024-09-17 10:42:12.595000,416.1996202410343,102
2024-09-17 10:42:12.597000,416.1828272279908,998
2024-09-17 10:42:12.645000,416.2102104855848,99
2024-09-17 10:42:12.807000,416.2140547993092,1001
2024-09-17 10:42:12.839000,416.2085403367035,100
2024-09-17 10:42:12.870000,416.2096703866669,105
2024-09-17 10:42:12.879000,416.18286312661,101
2024-09-17 10:42:12.924000,416.2041894918567,997
2024-09-17 10:42:12.953000,416.1982261324316,100
2024-09-17 10:42:12.957000,416.23387474449993,14
2024-09-17 10:42:13.036000,416.2032729329404,6
2024-09-17 10:42:13.044000,416.2533173928038,14
2024-09-17 10:42:13.170000,416.1997557177773,996
2024-09-17 10:42:13.246000,416.1944369280818,7
2024-09-17 10:42:13.264000,416.2040243415263,1003
2024-09-17 10:42:13.388000,416.23236490808057,999
2024-09-17 10:42:13.412000,416.2294546902343,1005
2024-09-17 10:42:13.604000,416.2119649295285,1003
2024-09-17 10:42:13.634000,416.2467069679081,5
2024-09-17 10:42:13.665000,416.1898612478228,996
2024-09-17 10:42:13.692000,416.2082737211178,10
2024-09-17 10:42:13.731000,416.170412347255,14
2024-09-17 10:42:13.736000,416.2074127111975,105
2024-09-17 10:42:13.742000,416.2124068368034,998
2024-09-17 10:42:13.853000,416.1886421787034,96
2024-09-17 10:42:13.922000,416.1792520020268,103
2024-09-17 10:42:13.978000,416.18692848789016,104
2024-09-17 10:42:14.023000,416.2649122642735,99
2024-09-17 10:42:14.102000,416.2652331345214,95
2024-09-17 10:42:14.146000,416.2576127820042,95
2024-09-17 10:42:14.249000,416.2759980211204,6
2024-09-17 10:42:14.361000,416.2658534064636,1004
2024-09-17 10:42:14.363000,416.2463189340557,8
2024-09-17 10:42:14.393000,416.259990021356,98
2024-09-17 10:42:14.423000,416.2738248972392,105
2024-09-17 10:42:14.466000,416.2800439677845,10
2024-09-17 10:42:14.474000,416.276902752986,103
2024-09-17 10:42:14.531000,416.2747110938748,1003
2024-09-17 10:42:14.646000,416.2619457227163,8
2024-09-17 10:42:14.659000,416.26961608822046,97
2024-09-17 10:42:14.699000,416.27304366501033,995
2024-09-17 10:42:14.818000,416.26696628469057,102
2024-09-17 10:42:15.642000,416.26391019175327,999
2024-09-17 10:42:16.158000,416.2770963510596,99
2024-09-17 10:42:16.194000,416.2661751723635,1001
2024-09-17 10:42:16.223000,416.31767851863503,1001
2024-09-17 10:42:16.240000,416.2948051675989,998
2024-09-17 10:42:16.274000,416.2680717033462,105
2024-09-17 10:42:16.311000,416.2665636920144,1005
2024-09-17 10:42:16.398000,416.2955033371177,101
2024-09-17 10:42:16.577000,416.3037797023061,13
2024-09-17 10:42:16.601000,416.2860815097636,996
2024-09-17 10:42:16.650000,416.275745551842,101
2024-09-17 10:42:16.768000,416.27543351288114,6
2024-09-17 10:42:16.815000,416.277782315368,100
2024-09-17 10:42:16.965000,416.2808769957276,8
2024-09-17 10:42:16.967000,416.2782853518968,1001
2024-09-17 10:42:17.055000,416.2883520299368,1000
2024-09-17 10:42:17.171000,416.3102452306309,9
2024-09-17 10:42:17.258000,416.2887334558509,96
2024-09-17 10:42:17.485000,416.28889855521953,998
2024-09-17 10:42:17.492000,416.30170091393137,1005
2024-09-17 10:42:17.507000,416.3015045439213,99
2024-09-17 10:42:17.544000,416.3140468198753,14
2024-09-17 10:42:17.633000,416.3345850639844,96
2024-09-17 10:42:17.720000,416.31553791311177,1001
2024-09-17 10:42:17.770000,416.3116663747635,15
2024-09-17 10:42:17.861000,416.2938109253468,7
2024-09-17 10:42:17.936000,416.2635941371298,10
2024-09-17 10:42:18.003000,416.30905908396414,10
2024-09-17 10:42:18.130000,416.2976704241973,102
2024-09-17 10:42:18.235000,416.3088515654306,98
2024-09-17 10:42:18.262000,416.30232291944486,1004
2024-09-17 10:42:18.320000,416.3112372564928,1001
2024-09-17 10:42:18.327000,416.3063670659117,9
2024-09-17 10:42:18.537000,416.3108256491242,98
2024-09-17 10:42:18.563000,416.3219460139436,10
2024-09-17 10:42:18.646000,416.31664902968834,1003
2024-09-17 10:42:18.803000,416.3216642821374,13
2024-09-17 10:42:18.900000,416.3212556029613,1003
2024-09-17 10:42:18.907000,416.31961045613286,6
2024-09-17 10:42:19.202000,416.3272690818925,5
2024-09-17 10:42:19.211000,416.30944545865873,1004
2024-09-17 10:42:19.340000,416.2995355229652,14
2024-09-17 10:42:19.530000,416.3022552732381,101
2024-09-17 10:42:19.545000,416.31344238604026,103
2024-09-17 10:42:19.623000,416.3032791692085,9
2024-09-17 10:42:19.770000,416.30285204913287,101
2024-09-17 10:42:19.784000,416.29000573812016,11
2024-09-17 10:42:19.869000,416.30431891165193,998
2024-09-17 10:42:19.870000,416.3153458078081,998
2024-09-17 10:42:19.907000,416.3327191079562,13
2024-09-17 10:42:19.909000,416.3113360988824,1002
2024-09-17 10:42:19.910000,416.3196223738437,104
2024-09-17 10:42:19.951000,416.3011078007861,1001
2024-09-17 10:42:19.976000,416.310720914313,1001
2024-09-17 10:42:20.014000,416.3072847911248,99
2024-09-17 10:42:20.136000,416.30691295400186,7
2024-09-17 10:42:20.250000,416.29975925151234,6
2024-09-17 10:42:20.501000,416.317198050394,15
2024-09-17 10:42:20.542000,416.3160675178277,998
2024-09-17 10:42:20.585000,416.3007897568047,7
2024-09-17 10:42:20.669000,416.2978681083353,997
2024-09-17 10:42:21.033000,416.3509349383784,13
2024-09-17 10:42:21.112000,416.3448767811032,15
2024-09-17 10:42:21.116000,416.331419939843,101
2024-09-17 10:42:21.161000,416.350936054234,101
2024-09-17 10:42:21.284000,416.3211859869222,1000
2024-09-17 10:42:21.764000,416.3821329702954,6
2024-09-17 10:42:21.815000,416.3455595107037,95
2024-09-17 10:42:21.837000,416.3046208150311,99
2024-09-17 10:42:21.926000,416.2956450637633,998
2024-09-17 10:42:21.977000,416.3832475062351,1001
2024-09-17 10:42:22.158000,416.3740265256049,5
2024-09-17 10:42:22.167000,416.36459503831696,10
2024-09-17 10:42:22.301000,416.3706175081263,15
2024-09-17 10:42:22.776000,416.3441740419351,995
2024-09-17 10:42:22.790000,416.3731305314778,997
2024-09-17 10:42:22.797000,416.3574788299703,999
2024-09-17 10:42:22.811000,416.36298134896856,9
2024-09-17 10:42:23.004000,416.3159335086662,1004
2024-09-17 10:42:23.112000,416.2757929510518,9
2024-09-17 10:42:23.135000,416.27998550678,96
2024-09-17 10:42:23.186000,416.3109048533044,999
2024-09-17 10:42:23.202000,416.2883657111496,1004
2024-09-17 10:42:23.230000,416.287340889633,1002
2024-09-17 10:42:23.399000,416.3054346541781,9
2024-09-17 10:42:23.477000,416.2807515730699,102
2024-09-17 10:42:23.517000,416.3376185520264,1002
2024-09-17 10:42:23.651000,416.3236620052376,9
2024-09-17 10:42:23.720000,416.3380146254098,996
2024-09-17 10:42:23.754000,416.2956568287374,12
2024-09-17 10:42:23.768000,416.2818877023243,95
2024-09-17 10:42:23.775000,416.2814748518401,1000
2024-09-17 10:42:23.777000,416.2869284205873,999
2024-09-17 10:42:23.813000,416.27898908959537,998
2024-09-17 10:42:23.827000,416.2905073287338,999
2024-09-17 10:42:23.847000,416.3096320463278,1005
2024-09-17 10:42:23.948000,416.3138358032109,6
2024-09-17 10:42:23.961000,416.3023348395202,1001
2024-09-17 10:42:23.995000,416.2892108480073,102
2024-09-17 10:42:24.163000,416.2960976174052,103
2024-09-17 10:42:24.175000,416.2871575996876,15
2024-09-17 10:42:24.222000,416.28610890646456,996
2024-09-17 10:42:24.344000,416.2695735246196,1001
2024-09-17 10:42:24.438000,416.2982366590911,1000
2024-09-17 10:42:24.485000,416.2872192203433,15
2024-09-17 10:42:24.645000,416.3089035986486,105
2024-09-17 10:42:24.745000,416.27246830484734,1004
2024-09-17 10:42:24.755000,416.3075565538197,14
2024-09-17 10:42:25.063000,416.2597981349447,1000
2024-09-17 10:42:25.086000,416.2974890330992,99
2024-09-17 10:42:25.120000,416.2097541263661,100
2024-09-17 10:42:25.138000,416.1894633395657,1004
2024-09-17 10:42:25.179000,416.3051057950344,10
2024-09-17 10:42:25.317000,416.1874558710421,1002
2024-09-17 10:42:25.330000,416.2365072633661,97
2024-09-17 10:42:25.406000,416.2503867354513,9
2024-09-17 10:42:25.429000,416.27671504193546,5
2024-09-17 10:42:25.468000,416.2283622552656,12
2024-09-17 10:42:25.492000,416.29542633340327,7
2024-09-17 10:42:25.549000,416.20588768414046,100
2024-09-17 10:42:25.551000,416.26054478339125,15
2024-09-17 10:42:25.590000,416.25076442005854,104
2024-09-17 10:42:25.617000,416.24420853938886,105
2024-09-17 10:42:25.628000,416.1973972577536,103
2024-09-17 10:42:25.667000,416.1841348824765,1002
2024-09-17 10:42:25.727000,416.2290528026357,998
2024-09-17 10:42:25.733000,416.19476703668,15
2024-09-17 10:42:25.933000,416.17535008304657,98
2024-09-17 10:42:25.943000,416.2490274498687,996
2024-09-17 10:42:25.957000,416.2865118229471,7
2024-09-17 10:42:27.027000,416.1860654208068,1004
2024-09-17 10:42:27.032000,416.2682623519246,15
2024-09-17 10:42:27.059000,416.25643929731456,98
2024-09-17 10:42:27.095000,416.2056111016779,13
2024-09-17 10:42:27.100000,416.2258771086752,8
2024-09-17 10:42:27.131000,416.2218806326995,11
2024-09-17 10:42:27.212000,416.1905069879257,1005
2024-09-17 10:42:27.223000,416.2622937044316,7
2024-09-17 10:42:27.423000,416.2059122606053,998
2024-09-17 10:42:27.446000,416.1779334937353,1000
2024-09-17 10:42:27.472000,416.1788063410374,10
2024-09-17 10:42:27.478000,416.1886866041126,105
2024-09-17 10:42:27.490000,416.1788714475013,13
2024-09-17 10:42:27.503000,416.1693828430663,100
2024-09-17 10:42:27.569000,416.231606766098,96
2024-09-17 10:42:27.577000,416.1874961965128,997
2024-09-17 10:42:27.606000,416.1915333904729,103
2024-09-17 10:42:27.624000,416.14999551844704,12
2024-09-17 10:42:27.637000,416.24411015851615,999
2024-09-17 10:42:27.655000,416.2146065483986,998
2024-09-17 10:42:27.667000,416.24376959814,104
2024-09-17 10:42:27.699000,416.1692811083799,1000
2024-09-17 10:42:27.727000,416.16991732728,998
2024-09-17 10:42:27.738000,416.2425649179563,14
2024-09-17 10:42:27.805000,416.1876545340781,103
2024-09-17 10:42:27.819000,416.2411634765388,99
2024-09-17 10:42:27.840000,416.23847989178046,104
2024-09-17 10:42:27.909000,416.2394986477706,11
2024-09-17 10:42:27.948000,416.1805803647651,9
2024-09-17 10:42:28.073000,416.2422940527002,998
2024-09-17 10:42:28.172000,416.2258999862728,999
2024-09-17 10:42:28.229000,416.2433313128346,1002
2024-09-17 10:42:28.250000,416.2173914806497,101
2024-09-17 10:42:28.272000,416.2457233827064,1000
2024-09-17 10:42:28.273000,416.2332186096544,995
2024-09-17 10:42:28.504000,416.2469028106006,1001
2024-09-17 10:42:28.734000,416.2397711301948,1004
2024-09-17 10:42:28.760000,416.2310029308275,12
2024-09-17 10:42:28.839000,416.23213129365865,996
2024-09-17 10:42:28.935000,416.2598303313336,103
2024-09-17 10:42:29.082000,416.2383402119909,98
2024-09-17 10:42:29.146000,416.2146310940543,1001
2024-09-17 10:42:29.200000,416.2339282334536,8
2024-09-17 10:42:29.474000,416.2280091436485,1000
2024-09-17 10:42:29.576000,416.2074142035218,9
2024-09-17 10:42:29.580000,416.22905407457375,9
2024-09-17 10:42:29.845000,416.2228535657094,1004
2024-09-17 10:42:30.072000,416.2653900922652,7
2024-09-17 10:42:30.547000,416.2480391170178,8
2024-09-17 10:42:30.857000,416.2668478164479,995
2024-09-17 10:42:30.969000,416.2657567474114,11
2024-09-17 10:42:31.330000,416.2821169152433,1004
2024-09-17 10:42:31.452000,416.2861822990588,105
2024-09-17 10:42:31.516000,416.25317803482665,103
2024-09-17 10:42:31.522000,416.28075080885696,5
2024-09-17 10:42:31.688000,416.2639000582373,95
2024-09-17 10:42:31.751000,416.2623082295798,11
2024-09-17 10:42:31.790000,416.2965015366247,10
2024-09-17 10:42:31.984000,416.2778198964853,12
2024-09-17 10:42:32.028000,416.2948559052361,8
2024-09-17 10:42:32.092000,416.3010668605365,1004
2024-09-17 10:42:32.163000,416.24529652185663,98
2024-09-17 10:42:32.168000,416.2462021546829,97
2024-09-17 10:42:32.251000,416.29310787682994,5
2024-09-17 10:42:32.331000,416.3109396736128,1005
2024-09-17 10:42:32.367000,416.3155630228308,12
2024-09-17 10:42:32.469000,416.2967217534961,15
2024-09-17 10:42:32.505000,416.3001931203156,995
2024-09-17 10:42:32.565000,416.3406341135122,999
2024-09-17 10:42:32.578000,416.3354582641019,15
2024-09-17 10:42:32.807000,416.2809041611459,999
2024-09-17 10:42:32.840000,416.2921653098673,99
2024-09-17 10:42:32.961000,416.27157112121967,95
2024-09-17 10:42:33.137000,416.290850911895,100
2024-09-17 10:42:33.169000,416.3396250564886,14
2024-09-17 10:42:33.216000,416.2927164590419,996
2024-09-17 10:42:33.354000,416.2529059688561,1003
2024-09-17 10:42:33.356000,416.31941123496415,8
2024-09-17 10:42:33.357000,416.3334608561888,99
2024-09-17 10:42:33.371000,416.3291123341403,9
2024-09-17 10:42:33.452000,416.3371233013127,1000
2024-09-17 10:42:33.453000,416.33916901340734,1003
2024-09-17 10:42:33.459000,416.3065952100621,996
2024-09-17 10:42:33.592000,416.27018734703,99
2024-09-17 10:42:33.639000,416.33867891524153,996
2024-09-17 10:42:33.674000,416.3261360275381,15
2024-09-17 10:42:33.697000,416.3254109412621,996
2024-09-17 10:42:33.708000,416.3283889784169,13
2024-09-17 10:42:33.713000,416.3277259798498,102
2024-09-17 10:42:33.764000,416.339677038596,8
2024-09-17 10:42:34.051000,416.30577222404384,95
2024-09-17 10:42:34.123000,416.28975855645496,104
2024-09-17 10:42:34.162000,416.32307645396384,105
2024-09-17 10:42:34.192000,416.2748255356376,102
2024-09-17 10:42:34.226000,416.31032757600894,6
2024-09-17 10:42:34.270000,416.2866365158179,1000
2024-09-17 10:42:34.278000,416.295058206081,96
2024-09-17 10:42:34.337000,416.3060017437493,995
2024-09-17 10:42:34.355000,416.2650367680989,10
2024-09-17 10:42:34.372000,416.2805491578769,1001
2024-09-17 10:42:34.390000,416.2992542633311,101
2024-09-17 10:42:34.467000,416.3261047314095,96
2024-09-17 10:42:34.481000,416.30224871139217,101
2024-09-17 10:42:34.489000,416.3069254787211,997
2024-09-17 10:42:34.526000,416.2892874620894,7
2024-09-17 10:42:34.538000,416.3085601711613,997
2024-09-17 10:42:34.554000,416.26649842129456,96
2024-09-17 10:42:34.623000,416.3096505228713,1000
2024-09-17 10:42:34.625000,416.3140600854651,95
2024-09-17 10:42:34.636000,416.2771371321515,5
2024-09-17 10:42:34.663000,416.2845573447538,96
2024-09-17 10:42:34.697000,416.262954196522,997
2024-09-17 10:42:34.764000,416.2902098647592,997
2024-09-17 10:42:34.781000,416.30840589479857,1003
2024-09-17 10:42:34.847000,416.2974572871659,95
2024-09-17 10:42:34.884000,416.3141458565967,13
2024-09-17 10:42:34.942000,416.3305939216588,10
2024-09-17 10:42:34.959000,416.28717521336966,997
2024-09-17 10:42:35.031000,416.3446630042125,99
2024-09-17 10:42:35.048000,416.3080858175457,96
2024-09-17 10:42:35.055000,416.32550242260703,13
2024-09-17 10:42:35.237000,416.3006481388575,6
2024-09-17 10:42:35.270000,416.3291344851274,6
2024-09-17 10:42:35.525000,416.32420087983553,997
2024-09-17 10:42:35.630000,416.3294901419399,998
2024-09-17 10:42:36.047000,416.34400033338034,12
2024-09-17 10:42:36.076000,416.302460114114,999
2024-09-17 10:42:36.078000,416.29070619884857,101
2024-09-17 10:42:36.086000,416.311859258463,14
2024-09-17 10:42:36.097000,416.3090722261605,5
2024-09-17 10:42:36.198000,416.3161250761306,98
2024-09-17 10:42:36.264000,416.369330151218,99
2024-09-17 10:42:36.270000,416.2920956283101,105
2024-09-17 10:42:36.338000,416.3600859715812,8
2024-09-17 10:42:36.345000,416.3428667722048,999
2024-09-17 10:42:36.388000,416.327353577634,11
2024-09-17 10:42:36.402000,416.3860346462056,7
2024-09-17 10:42:36.444000,416.3406478955966,104
2024-09-17 10:42:36.773000,416.3718258203682,1005
2024-09-17 10:42:36.776000,416.35429161585057,1001
2024-09-17 10:42:36.781000,416.34373579141993,1001
2024-09-17 10:42:36.794000,416.3728058666865,95
2024-09-17 10:42:36.869000,416.31963432992194,1003
2024-09-17 10:42:36.933000,416.2981757725508,997
2024-09-17 10:42:36.989000,416.3760979994757,11
2024-09-17 10:42:37.064000,416.29723771690425,9
2024-09-17 10:42:37.162000,416.265908073114,1005
2024-09-17 10:42:37.184000,416.2631068399011,5
2024-09-17 10:42:37.469000,416.261941401497,95
2024-09-17 10:42:37.581000,416.2509077124608,8
2024-09-17 10:42:37.701000,416.2854768359738,98
2024-09-17 10:42:37.779000,416.2340895592386,1002
2024-09-17 10:42:37.864000,416.2566975500759,98
2024-09-17 10:42:38.066000,416.1444844538144,11
2024-09-17 10:42:38.086000,416.2344879922524,995
2024-09-17 10:42:38.123000,416.2854408631177,11
2024-09-17 10:42:38.161000,416.2595419372847,102
2024-09-17 10:42:38.202000,416.2932710331386,13
2024-09-17 10:42:38.204000,416.2217310135264,96
2024-09-17 10:42:38.233000,416.1901872402569,104
2024-09-17 10:42:38.261000,416.3030035100246,5
2024-09-17 10:42:38.275000,416.20636400848247,1004
2024-09-17 10:42:38.344000,416.2152127859367,1000
2024-09-17 10:42:38.360000,416.2798521067477,100
2024-09-17 10:42:38.468000,416.2377735481946,104
2024-09-17 10:42:38.478000,416.2805507321448,1004
2024-09-17 10:42:38.487000,416.2486032929869,995
2024-09-17 10:42:38.517000,416.16773482845656,102
2024-09-17 10:42:38.527000,416.2023176743653,99
2024-09-17 10:42:38.539000,416.165075783042,999
2024-09-17 10:42:38.656000,416.2030971154882,1000
2024-09-17 10:42:38.659000,416.1797084526157,103
2024-09-17 10:42:38.696000,416.19662980035537,8
2024-09-17 10:42:38.710000,416.2006372683096,1005
2024-09-17 10:42:38.769000,416.28563642051273,97
2024-09-17 10:42:38.773000,416.2576412006158,1000
2024-09-17 10:42:38.787000,416.1876873457177,101
2024-09-17 10:42:38.798000,416.2940491671234,101
2024-09-17 10:42:38.845000,416.21333750869167,5
2024-09-17 10:42:38.880000,416.3094297152544,104
2024-09-17 10:42:38.958000,416.2229080237969,12
2024-09-17 10:42:38.979000,416.1951398990581,95
2024-09-17 10:42:39.159000,416.3257919598208,1002
2024-09-17 10:42:39.184000,416.33421264468257,104
2024-09-17 10:42:39.237000,416.2829658658074,10
2024-09-17 10:42:39.280000,416.3266885152527,9
2024-09-17 10:42:39.306000,416.31947798389416,98
2024-09-17 10:42:39.343000,416.29007629253897,1005
2024-09-17 10:42:39.499000,416.2902766480663,101
2024-09-17 10:42:39.540000,416.2968628488377,996
2024-09-17 10:42:39.576000,416.3243649578303,101
2024-09-17 10:42:39.598000,416.3136105834424,1005
2024-09-17 10:42:39.677000,416.29128818194494,1001
2024-09-17 10:42:39.679000,416.2896517178019,1005
2024-09-17 10:42:39.683000,416.2970263774034,1002
2024-09-17 10:42:39.730000,416.2974483661079,96
2024-09-17 10:42:39.780000,416.3273142896435,999
2024-09-17 10:42:39.811000,416.29912258768377,105
2024-09-17 10:42:39.861000,416.2916683340927,1003
2024-09-17 10:42:39.866000,416.2942974867181,15
2024-09-17 10:42:39.969000,416.28547668086014,100
2024-09-17 10:42:40.037000,416.35189211922017,105
2024-09-17 10:42:40.160000,416.343320409296,7
2024-09-17 10:42:40.317000,416.3441803315776,102
2024-09-17 10:42:40.464000,416.3499546363163,14
2024-09-17 10:42:40.503000,416.35932878967054,95
2024-09-17 10:42:40.504000,416.358008146551,10
2024-09-17 10:42:40.600000,416.34726963143567,7
2024-09-17 10:42:40.702000,416.3734443152778,1004
2024-09-17 10:42:40.722000,416.3745394851149,997
2024-09-17 10:42:40.768000,416.38737874951966,97
2024-09-17 10:42:40.773000,416.3419595811416,105
2024-09-17 10:42:40.780000,416.3611165002312,95
2024-09-17 10:42:40.799000,416.3614549552568,12
2024-09-17 10:42:40.833000,416.3460983736112,8
2024-09-17 10:42:40.904000,416.34062909327673,8
2024-09-17 10:42:40.907000,416.3343442346391,103
2024-09-17 10:42:40.954000,416.3698664793698,999
2024-09-17 10:42:40.977000,416.35442756922725,104
2024-09-17 10:42:41.031000,416.3611038929743,995
2024-09-17 10:42:41.748000,416.3638124615604,997
2024-09-17 10:42:41.767000,416.348051277282,13
2024-09-17 10:42:42.090000,416.45437701146,13
2024-09-17 10:42:42.100000,416.40580889465616,9
2024-09-17 10:42:42.314000,416.3625982739708,1000
2024-09-17 10:42:42.334000,416.4303986981549,7
2024-09-17 10:42:42.396000,416.446618118567,96
2024-09-17 10:42:42.427000,416.4073423503818,96
2024-09-17 10:42:42.500000,416.4254764255872,1003
2024-09-17 10:42:42.501000,416.4393857650143,11
2024-09-17 10:42:42.534000,416.42692717345534,6
2024-09-17 10:42:42.548000,416.3863518906033,1005
2024-09-17 10:42:42.573000,416.41191376934063,14
2024-09-17 10:42:42.582000,416.4083099132956,15
2024-09-17 10:42:42.681000,416.4557539189345,105
2024-09-17 10:42:42.703000,416.36681926196087,103
2024-09-17 10:42:42.784000,416.4213118448277,998
2024-09-17 10:42:42.856000,416.42225344076974,7
2024-09-17 10:42:42.921000,416.4003306433296,1000
2024-09-17 10:42:43.048000,416.3586140786393,101
2024-09-17 10:42:43.067000,416.4058413236863,12
2024-09-17 10:42:43.077000,416.3785559177573,97
2024-09-17 10:42:43.077000,416.4096315085712,97
2024-09-17 10:42:43.187000,416.3824797184664,102
2024-09-17 10:42:43.195000,416.4069681639709,102
2024-09-17 10:42:43.213000,416.3823893669388,7
2024-09-17 10:42:43.248000,416.4140919269342,101
2024-09-17 10:42:43.274000,416.3696457842145,98
2024-09-17 10:42:43.317000,416.3938297083111,999
2024-09-17 10:42:43.332000,416.41223776832607,1003
2024-09-17 10:42:43.420000,416.4012387020121,100
2024-09-17 10:42:43.490000,416.4322767066985,101
2024-09-17 10:42:43.514000,416.38545422710206,5
2024-09-17 10:42:43.572000,416.3984280407726,997
2024-09-17 10:42:43.599000,416.3756483708012,11
2024-09-17 10:42:43.616000,416.3882178404313,1000
2024-09-17 10:42:43.646000,416.4176700656756,1004
2024-09-17 10:42:43.862000,416.3922258838229,13
2024-09-17 10:42:43.890000,416.3990259483224,15
2024-09-17 10:42:43.896000,416.4139513303603,98
2024-09-17 10:42:43.907000,416.3994364601739,105
2024-09-17 10:42:43.938000,416.4146180951677,99
2024-09-17 10:42:43.986000,416.386170437442,999
2024-09-17 10:42:43.992000,416.4146845888424,1004
2024-09-17 10:42:44.061000,416.3939505693545,97
2024-09-17 10:42:44.288000,416.39233979526654,5
2024-09-17 10:42:44.402000,416.38660656718855,1003
2024-09-17 10:42:44.475000,416.3985733845727,999
2024-09-17 10:42:44.491000,416.3883887811565,104
2024-09-17 10:42:44.609000,416.4081993902656,100
2024-09-17 10:42:44.641000,416.4040127055256,105
2024-09-17 10:42:44.720000,416.38723053814033,13
2024-09-17 10:42:45.033000,416.3803033319445,95
2024-09-17 10:42:45.099000,416.4023063764355,9
2024-09-17 10:42:45.136000,416.3981118689392,97
2024-09-17 10:42:45.146000,416.4678208720956,105
2024-09-17 10:42:45.151000,416.4001451241913,1003
2024-09-17 10:42:45.196000,416.4253354256184,98
2024-09-17 10:42:45.197000,416.4658717785048,8
2024-09-17 10:42:45.234000,416.434649471432,999
2024-09-17 10:42:45.268000,416.4370208052871,12
2024-09-17 10:42:45.324000,416.3756666954478,9
2024-09-17 10:42:45.377000,416.3847886806345,996
2024-09-17 10:42:45.383000,416.4621437780451,95
2024-09-17 10:42:45.383000,416.4171398915125,7
2024-09-17 10:42:45.439000,416.41928028523154,999
2024-09-17 10:42:45.486000,416.42218490050107,15
2024-09-17 10:42:45.492000,416.4065661456684,15
2024-09-17 10:42:45.505000,416.3735048028994,998
2024-09-17 10:42:45.561000,416.4014999789146,996
2024-09-17 10:42:45.569000,416.3891789778388,1000
2024-09-17 10:42:45.571000,416.42151428352486,95
2024-09-17 10:42:45.716000,416.43495708972057,1000
2024-09-17 10:42:45.874000,416.3755623649397,95
2024-09-17 10:42:45.929000,416.3673464128687,97
2024-09-17 10:42:46.002000,416.4273983834102,12
2024-09-17 10:42:46.018000,416.4597018760069,1001
2024-09-17 10:42:46.084000,416.4307992421877,103
2024-09-17 10:42:46.128000,416.4581580330976,104
2024-09-17 10:42:46.168000,416.43894094755217,13
2024-09-17 10:42:46.268000,416.4660352369022,100
2024-09-17 10:42:46.346000,416.4110909392483,997
2024-09-17 10:42:46.523000,416.4486487606228,103
2024-09-17 10:42:46.737000,416.4767531348264,95
2024-09-17 10:42:46.758000,416.4382145221805,1000
2024-09-17 10:42:46.764000,416.4466850841092,102
2024-09-17 10:42:46.962000,416.4615022765411,995
2024-09-17 10:42:47.017000,416.4968657136655,5
2024-09-17 10:42:47.177000,416.4792746241916,1001
2024-09-17 10:42:47.194000,416.52117902532353,9
2024-09-17 10:42:47.225000,416.5008044017709,96
2024-09-17 10:42:47.261000,416.5237100319722,11
2024-09-17 10:42:47.277000,416.4778518518384,999
2024-09-17 10:42:47.367000,416.5013552343282,95
2024-09-17 10:42:47.402000,416.4762742981074,101
2024-09-17 10:42:47.442000,416.47295198693377,999
2024-09-17 10:42:47.573000,416.493072024893,1003
2024-09-17 10:42:47.587000,416.5093283663823,996
2024-09-17 10:42:47.593000,416.4911221847301,95
2024-09-17 10:42:47.640000,416.479257467728,1005
2024-09-17 10:42:47.660000,416.4676703564817,103
2024-09-17 10:42:47.688000,416.5164753864602,999
2024-09-17 10:42:47.756000,416.4919025900383,7
2024-09-17 10:42:47.763000,416.4886672709345,14
2024-09-17 10:42:47.770000,416.50749865052296,996
2024-09-17 10:42:47.778000,416.5125167926644,997
2024-09-17 10:42:47.791000,416.5025519499032,996
2024-09-17 10:42:47.804000,416.4893996599825,1002
2024-09-17 10:42:47.875000,416.5275660330496,995
2024-09-17 10:42:47.918000,416.5006544264445,1004
2024-09-17 10:42:47.919000,416.5126496302256,999
2024-09-17 10:42:47.997000,416.5048000883,15
2024-09-17 10:42:48.084000,416.56637096773727,1001
2024-09-17 10:42:48.114000,416.56095116689687,1000
2024-09-17 10:42:48.133000,416.5765928659738,15
2024-09-17 10:42:48.141000,416.5750160943212,1001
2024-09-17 10:42:48.178000,416.5301469217271,14
2024-09-17 10:42:48.295000,416.5301198451911,7
2024-09-17 10:42:48.315000,416.5259673093702,9
2024-09-17 10:42:48.463000,416.5712904956373,101
2024-09-17 10:42:48.500000,416.5667494898692,97
2024-09-17 10:42:48.528000,416.56990938324327,104
2024-09-17 10:42:48.552000,416.5536661605597,98
2024-09-17 10:42:48.601000,416.58457340735697,998
2024-09-17 10:42:48.607000,416.56223521019655,11
2024-09-17 10:42:48.611000,416.5582892703588,98
2024-09-17 10:42:48.616000,416.5687133692359,97
2024-09-17 10:42:48.644000,416.5576855317305,12
2024-09-17 10:42:48.729000,416.5673233279914,97
2024-09-17 10:42:48.764000,416.5572131728126,100
2024-09-17 10:42:48.993000,416.5735352436809,999
2024-09-17 10:42:49.128000,416.51526281956274,997
2024-09-17 10:42:49.161000,416.5300219189542,99
2024-09-17 10:42:49.166000,416.58155914779024,101
2024-09-17 10:42:49.217000,416.5726173810464,99
2024-09-17 10:42:49.310000,416.5724355239865,8
2024-09-17 10:42:49.325000,416.5461326959356,5
2024-09-17 10:42:49.387000,416.4721235621712,14
2024-09-17 10:42:49.417000,416.5836812975495,15
2024-09-17 10:42:49.559000,416.58309287107,97
2024-09-17 10:42:49.633000,416.49680151401645,1005
2024-09-17 10:42:49.833000,416.48331066446286,98
2024-09-17 10:42:49.883000,416.487183196169,1001
2024-09-17 10:42:49.964000,416.5812309545395,8
2024-09-17 10:42:50.001000,416.4459010340446,96
2024-09-17 10:42:50.049000,416.5012437480264,998
2024-09-17 10:42:50.056000,416.4626505066605,103
2024-09-17 10:42:50.154000,416.5030608439882,96
2024-09-17 10:42:50.176000,416.445374095469,102
2024-09-17 10:42:50.247000,416.4239757420438,10
2024-09-17 10:42:50.291000,416.5032542830361,1000
2024-09-17 10:42:50.296000,416.4539798284826,1000
2024-09-17 10:42:50.301000,416.4320067034325,996
2024-09-17 10:42:50.424000,416.4595056454296,101
2024-09-17 10:42:50.523000,416.4451517468141,97
2024-09-17 10:42:50.580000,416.48532800409737,998
2024-09-17 10:42:50.656000,416.4650436729266,100
2024-09-17 10:42:50.718000,416.4425021760211,9
2024-09-17 10:42:50.808000,416.4704688408711,11
2024-09-17 10:42:50.839000,416.45701566341694,11
2024-09-17 10:42:50.886000,416.4673026120232,6
2024-09-17 10:42:50.977000,416.4697637087796,998
2024-09-17 10:42:50.982000,416.478509267269,99
2024-09-17 10:42:51.497000,416.4899191427831,96
2024-09-17 10:42:52.011000,416.3936245810789,995
2024-09-17 10:42:52.019000,416.38450393383386,97
2024-09-17 10:42:52.020000,416.4064728272632,7
2024-09-17 10:42:52.025000,416.4084677823328,11
2024-09-17 10:42:52.061000,416.3912341008282,13
2024-09-17 10:42:52.071000,416.435880078934,1001
2024-09-17 10:42:52.125000,416.39332166361953,1005
2024-09-17 10:42:52.180000,416.4164408958778,1004
2024-09-17 10:42:52.187000,416.3945722231626,1001
2024-09-17 10:42:52.196000,416.40260395663,104
2024-09-17 10:42:52.295000,416.485750967011,1004
2024-09-17 10:42:52.303000,416.40800361725655,995
2024-09-17 10:42:52.318000,416.45004628497566,11
2024-09-17 10:42:52.331000,416.4610428365557,12
2024-09-17 10:42:52.416000,416.4836615271009,101
2024-09-17 10:42:52.431000,416.4324789804565,101
2024-09-17 10:42:52.474000,416.41546570312073,104
2024-09-17 10:42:52.514000,416.4128599207743,96
2024-09-17 10:42:52.712000,416.41338933014765,6
2024-09-17 10:42:52.730000,416.39189688804015,102
2024-09-17 10:42:52.733000,416.3972316084588,995
2024-09-17 10:42:52.769000,416.4121882458915,1004
2024-09-17 10:42:52.809000,416.4737751788243,102
2024-09-17 10:42:52.873000,416.4175693206973,104
2024-09-17 10:42:52.907000,416.4227481575668,6
2024-09-17 10:42:52.924000,416.4815345683577,102
2024-09-17 10:42:52.930000,416.3950697138632,11
2024-09-17 10:42:52.992000,416.4978031986914,995
2024-09-17 10:42:53.265000,416.44730275312577,1002
2024-09-17 10:42:53.358000,416.4065675086466,1001
2024-09-17 10:42:54.015000,416.438954734151,8
2024-09-17 10:42:54.277000,416.4503671749616,995
2024-09-17 10:42:54.490000,416.4299463481393,95
2024-09-17 10:42:54.787000,416.4497895263458,12
2024-09-17 10:42:54.941000,416.4639158746902,11
2024-09-17 10:42:54.948000,416.44292777415217,997
2024-09-17 10:42:55.036000,416.4870653535764,99
2024-09-17 10:42:55.049000,416.4975768543155,12
2024-09-17 10:42:55.134000,416.4939443691935,103
2024-09-17 10:42:55.144000,416.4872796548801,98
2024-09-17 10:42:55.227000,416.497128804304,101
2024-09-17 10:42:55.252000,416.49655093463,7
2024-09-17 10:42:55.272000,416.5137175587989,105
2024-09-17 10:42:55.348000,416.4950982142215,97
2024-09-17 10:42:55.379000,416.4866921840882,10
2024-09-17 10:42:55.394000,416.5099427615178,5
2024-09-17 10:42:55.451000,416.4792791866855,9
2024-09-17 10:42:55.641000,416.4747658043792,103
2024-09-17 10:42:55.656000,416.48215386865945,1004
2024-09-17 10:42:55.716000,416.51112461266825,1005
2024-09-17 10:42:55.879000,416.4736692898757,99
2024-09-17 10:42:55.913000,416.4713746294341,1005
2024-09-17 10:42:55.944000,416.4907356994768,102
2024-09-17 10:42:55.983000,416.5079336695748,996
2024-09-17 10:42:56.025000,416.45295073366833,999
2024-09-17 10:42:56.051000,416.51130115741336,1003
2024-09-17 10:42:56.067000,416.5028032804118,997
2024-09-17 10:42:56.122000,416.47699691981137,998
2024-09-17 10:42:56.147000,416.4836942699806,1003
2024-09-17 10:42:56.147000,416.4568098725618,102
2024-09-17 10:42:56.179000,416.4784029066723,104
2024-09-17 10:42:56.198000,416.4831199883745,1005
2024-09-17 10:42:56.199000,416.4883700434305,1004
2024-09-17 10:42:56.296000,416.47380984927634,15
2024-09-17 10:42:56.324000,416.4928458849454,99
2024-09-17 10:42:56.341000,416.4738484530546,1002
2024-09-17 10:42:56.346000,416.45246953037486,999
2024-09-17 10:42:56.425000,416.4930095093968,1004
2024-09-17 10:42:56.449000,416.4662084370239,100
2024-09-17 10:42:56.453000,416.4718128534507,996
2024-09-17 10:42:56.530000,416.4995314446749,95
2024-09-17 10:42:56.576000,416.461458223191,95
2024-09-17 10:42:56.616000,416.474217985477,1001
2024-09-17 10:42:56.623000,416.4769995041799,99
2024-09-17 10:42:56.623000,416.455074720092,103
2024-09-17 10:42:56.699000,416.5071767602199,1004
2024-09-17 10:42:56.703000,416.4952890805959,95
2024-09-17 10:42:56.704000,416.4811673190159,1000
2024-09-17 10:42:56.741000,416.4497837208349,105
2024-09-17 10:42:56.912000,416.45126246932,1000
2024-09-17 10:42:56.913000,416.45027487618415,15
2024-09-17 10:42:57.006000,416.4976809340649,998
2024-09-17 10:42:57.057000,416.4446857906355,98
2024-09-17 10:42:57.121000,416.47680714383904,1001
2024-09-17 10:42:57.215000,416.4866683383679,6
2024-09-17 10:42:57.218000,416.48673674066094,95
2024-09-17 10:42:57.224000,416.4553219878063,103
2024-09-17 10:42:57.224000,416.4894857048123,1003
2024-09-17 10:42:57.268000,416.5151804747893,6
2024-09-17 10:42:57.304000,416.5132896937906,1001
2024-09-17 10:42:57.420000,416.4878194468266,101
2024-09-17 10:42:57.423000,416.4978587682239,99
2024-09-17 10:42:57.448000,416.4771426976724,12
2024-09-17 10:42:57.457000,416.5090205786095,13
2024-09-17 10:42:57.523000,416.488542851672,103
2024-09-17 10:42:57.572000,416.5060815792015,105
2024-09-17 10:42:57.610000,416.5061425073772,99
2024-09-17 10:42:57.622000,416.50592631840215,1002
2024-09-17 10:42:57.652000,416.5009593412565,101
2024-09-17 10:42:57.673000,416.51403550718777,6
2024-09-17 10:42:57.718000,416.47245390777454,1005
2024-09-17 10:42:57.839000,416.4470938110372,97
2024-09-17 10:42:57.842000,416.4917693139976,103
2024-09-17 10:42:57.843000,416.44405906171176,11
2024-09-17 10:42:57.872000,416.4996970708975,6
2024-09-17 10:42:57.882000,416.511133285708,13
2024-09-17 10:42:57.882000,416.495156208172,103
2024-09-17 10:42:57.883000,416.50302552060623,12
2024-09-17 10:42:58.013000,416.4725701101677,96
2024-09-17 10:42:58.183000,416.4914929052626,105
2024-09-17 10:42:58.263000,416.4940526684716,1004
2024-09-17 10:42:58.403000,416.4989446836804,6
2024-09-17 10:42:58.468000,416.49796917807527,1002
2024-09-17 10:42:58.511000,416.4865123874575,996
2024-09-17 10:42:58.649000,416.50985704289246,98
2024-09-17 10:42:58.670000,416.5131348099338,11
2024-09-17 10:42:58.723000,416.50511568862754,996
2024-09-17 10:42:58.739000,416.5011154032371,13
2024-09-17 10:42:58.757000,416.4917410397573,1002
2024-09-17 10:42:58.789000,416.4746741804159,103
2024-09-17 10:42:58.945000,416.4986617301621,13
2024-09-17 10:42:58.960000,416.5297834842437,998
2024-09-17 10:42:58.968000,416.5141250597193,104
2024-09-17 10:42:59.070000,416.46379962617937,13
2024-09-17 10:42:59.091000,416.4987547055479,99
2024-09-17 10:42:59.116000,416.4450231915802,105
2024-09-17 10:42:59.168000,416.4736656730964,1000
2024-09-17 10:42:59.190000,416.4795037688525,95
2024-09-17 10:42:59.317000,416.5076184208884,1003
2024-09-17 10:42:59.525000,416.50233330571785,1004
2024-09-17 10:42:59.537000,416.4942171794405,1003
2024-09-17 10:42:59.550000,416.481607280085,8
2024-09-17 10:42:59.614000,416.458704866228,11
2024-09-17 10:42:59.634000,416.4777715128001,98
2024-09-17 10:42:59.662000,416.4997092441689,7
2024-09-17 10:42:59.691000,416.4965898484985,11
2024-09-17 10:42:59.959000,416.47167059182806,15
