Timestamp,Price,Size
2024-09-20 15:40:00.162000,429.4026998084563,996
2024-09-20 15:40:00.195000,429.4048967998119,100
2024-09-20 15:40:00.212000,429.3958221141292,103
2024-09-20 15:40:00.217000,429.4008798930683,1002
2024-09-20 15:40:00.332000,429.41763669228845,99
2024-09-20 15:40:00.692000,429.4159282998034,7
2024-09-20 15:40:00.794000,429.3918491480337,98
2024-09-20 15:40:00.832000,429.4121090261971,8
2024-09-20 15:40:00.883000,429.4081309597252,1000
2024-09-20 15:40:00.895000,429.4162071672174,1003
2024-09-20 15:40:02.062000,429.3605546391416,11
2024-09-20 15:40:02.259000,429.4027552416154,6
2024-09-20 15:40:02.277000,429.3261865032409,101
2024-09-20 15:40:02.302000,429.3803796463116,999
2024-09-20 15:40:02.412000,429.4082138178551,8
2024-09-20 15:40:02.440000,429.402744103414,1005
2024-09-20 15:40:02.583000,429.3355466138873,9
2024-09-20 15:40:02.685000,429.32651010054536,10
2024-09-20 15:40:02.768000,429.4015579177687,996
2024-09-20 15:40:02.979000,429.4006646536153,1003
2024-09-20 15:40:03.036000,423.1112809552329,96
2024-09-20 15:40:03.075000,429.2893312939405,12
2024-09-20 15:40:03.081000,429.301506661104,9
2024-09-20 15:40:03.107000,429.2981027686046,1002
2024-09-20 15:40:03.153000,429.218118998637,999
2024-09-20 15:40:03.243000,429.2403692549103,97
2024-09-20 15:40:03.254000,429.29308252265815,98
2024-09-20 15:40:03.270000,429.2109361400397,999
2024-09-20 15:40:03.271000,429.205640037938,15
2024-09-20 15:40:03.332000,429.28806414875294,12
2024-09-20 15:40:03.359000,429.2098398412194,6
2024-09-20 15:40:03.403000,429.2955539885217,14
2024-09-20 15:40:03.649000,429.2992419072466,995
2024-09-20 15:40:03.756000,429.28748381830985,996
2024-09-20 15:40:03.766000,423.1323634927656,8
2024-09-20 15:40:03.802000,429.2670350030614,15
2024-09-20 15:40:03.885000,429.2704593270765,96
2024-09-20 15:40:03.900000,429.2624479566098,10
2024-09-20 15:40:03.904000,429.2955001977072,12
2024-09-20 15:40:03.917000,429.1906926692996,6
2024-09-20 15:40:04.055000,429.1780415968772,995
2024-09-20 15:40:04.170000,429.1591022603768,100
2024-09-20 15:40:04.216000,429.1646949318656,98
2024-09-20 15:40:04.225000,429.1529113140989,15
2024-09-20 15:40:04.290000,429.14199460401306,7
2024-09-20 15:40:04.302000,429.1632086725053,1000
2024-09-20 15:40:04.344000,429.166483098624,105
2024-09-20 15:40:04.354000,429.1651228633508,5
2024-09-20 15:40:04.413000,429.15217573151983,98
2024-09-20 15:40:04.481000,429.1647586544336,7
2024-09-20 15:40:04.503000,429.1748038252231,13
2024-09-20 15:40:04.537000,429.1617157784144,96
2024-09-20 15:40:04.618000,429.1860115324676,98
2024-09-20 15:40:04.729000,429.1656764213319,7
2024-09-20 15:40:04.758000,429.2033905287888,999
2024-09-20 15:40:04.773000,429.1789693824077,1002
2024-09-20 15:40:04.777000,429.1696101602793,103
2024-09-20 15:40:04.827000,429.192685560861,10
2024-09-20 15:40:04.837000,429.1624808331786,8
2024-09-20 15:40:04.882000,429.1503310289037,95
2024-09-20 15:40:04.929000,429.16037400716704,10
2024-09-20 15:40:05.010000,429.2044748966957,95
2024-09-20 15:40:05.046000,429.1616221546038,1005
2024-09-20 15:40:05.088000,429.20573638508273,1005
2024-09-20 15:40:05.099000,429.2017349026237,8
2024-09-20 15:40:05.122000,429.19340613367433,1001
2024-09-20 15:40:05.155000,429.20163671104666,12
2024-09-20 15:40:05.258000,429.241226166845,15
2024-09-20 15:40:05.258000,429.208761077455,97
2024-09-20 15:40:05.266000,429.19935537181897,103
2024-09-20 15:40:05.327000,429.2340350173896,105
2024-09-20 15:40:05.333000,429.21240431644287,12
2024-09-20 15:40:05.429000,429.2042977585201,7
2024-09-20 15:40:05.452000,429.2062781468872,9
2024-09-20 15:40:05.464000,429.2076080680312,95
2024-09-20 15:40:05.480000,429.1754868455019,9
2024-09-20 15:40:05.488000,429.2129806208077,13
2024-09-20 15:40:05.496000,429.1833043670379,105
2024-09-20 15:40:05.499000,429.2277980581456,14
2024-09-20 15:40:05.502000,429.19673344837287,1000
2024-09-20 15:40:05.506000,429.2140563636167,9
2024-09-20 15:40:05.614000,429.21127638093645,105
2024-09-20 15:40:05.723000,429.2263346040559,11
2024-09-20 15:40:05.736000,429.2213041440113,105
2024-09-20 15:40:05.852000,429.21909644408777,1003
2024-09-20 15:40:05.860000,429.21921407379,996
2024-09-20 15:40:05.875000,429.232924742945,997
2024-09-20 15:40:05.878000,429.2008474816327,1002
2024-09-20 15:40:05.887000,429.20281773822114,13
2024-09-20 15:40:05.988000,429.1967744849167,13
2024-09-20 15:40:06.687000,429.2251669963775,13
2024-09-20 15:40:07.008000,429.25269376730273,7
2024-09-20 15:40:07.067000,429.2075927245764,101
2024-09-20 15:40:07.081000,429.2567397122505,1004
2024-09-20 15:40:07.091000,429.2652606484464,6
2024-09-20 15:40:07.193000,429.2694026765034,1003
2024-09-20 15:40:07.237000,429.2508196322248,15
2024-09-20 15:40:07.330000,429.21216505263993,995
2024-09-20 15:40:07.372000,429.24604349620114,102
2024-09-20 15:40:07.484000,429.28291309158817,5
2024-09-20 15:40:07.560000,429.2286899252823,97
2024-09-20 15:40:07.661000,429.2655203840047,103
2024-09-20 15:40:07.776000,429.24079628172086,11
2024-09-20 15:40:07.892000,429.22849348486847,1005
2024-09-20 15:40:08.080000,429.2119208276418,1003
2024-09-20 15:40:08.093000,429.224967901899,15
2024-09-20 15:40:08.723000,429.2091514903238,102
2024-09-20 15:40:09,429.1512509698744,997
2024-09-20 15:40:09.095000,429.1892163657712,12
2024-09-20 15:40:09.117000,429.18594848806686,12
2024-09-20 15:40:09.119000,429.1685809598964,103
2024-09-20 15:40:09.132000,429.1436366502828,98
2024-09-20 15:40:09.213000,429.1810901010825,1000
2024-09-20 15:40:09.213000,429.2136235488724,1000
2024-09-20 15:40:09.249000,429.1888757035301,102
2024-09-20 15:40:09.386000,429.1648933290719,1000
2024-09-20 15:40:09.536000,429.1356135144701,999
2024-09-20 15:40:09.618000,429.2050592008158,103
2024-09-20 15:40:09.659000,429.18545178646406,11
2024-09-20 15:40:09.718000,429.16316033260216,104
2024-09-20 15:40:09.889000,429.16107064529245,10
2024-09-20 15:40:09.892000,429.1588217209781,1005
2024-09-20 15:40:09.915000,429.1738050384138,11
2024-09-20 15:40:09.930000,429.1698230313054,13
2024-09-20 15:40:09.936000,429.1751482667845,998
2024-09-20 15:40:09.999000,429.1672768635289,96
2024-09-20 15:40:10.011000,429.09541854024144,11
2024-09-20 15:40:10.049000,429.0814226242948,97
2024-09-20 15:40:10.129000,429.123805686648,1005
2024-09-20 15:40:10.169000,429.1412952849713,105
2024-09-20 15:40:10.238000,429.1148541382775,97
2024-09-20 15:40:10.274000,429.0746142776457,7
2024-09-20 15:40:10.305000,429.1401685739664,999
2024-09-20 15:40:10.306000,429.09980896186295,6
2024-09-20 15:40:10.365000,429.1278577213079,1002
2024-09-20 15:40:10.370000,429.0908153546821,999
2024-09-20 15:40:10.418000,429.1530588334493,1000
2024-09-20 15:40:10.510000,429.1159172756402,997
2024-09-20 15:40:10.551000,429.0836782676943,6
2024-09-20 15:40:10.594000,429.1510833552412,10
2024-09-20 15:40:10.612000,429.1116533060037,1002
2024-09-20 15:40:10.660000,429.0920894885193,97
2024-09-20 15:40:10.702000,429.1068544813671,995
2024-09-20 15:40:10.712000,429.0949074971634,100
2024-09-20 15:40:10.730000,429.1018486437251,8
2024-09-20 15:40:10.780000,429.1150566595901,105
2024-09-20 15:40:10.825000,429.09404457592376,97
2024-09-20 15:40:11.002000,429.030662074824,11
2024-09-20 15:40:11.005000,429.0098084959695,1004
2024-09-20 15:40:11.042000,429.0107538557701,102
2024-09-20 15:40:11.098000,429.0926708277792,6
2024-09-20 15:40:11.098000,429.0369716309109,9
2024-09-20 15:40:11.175000,428.98910537490974,11
2024-09-20 15:40:11.256000,428.98611159864,15
2024-09-20 15:40:11.270000,429.0434639531856,995
2024-09-20 15:40:11.322000,429.0540641321654,12
2024-09-20 15:40:11.374000,429.0589161136419,999
2024-09-20 15:40:11.413000,429.0935299381977,13
2024-09-20 15:40:11.421000,429.10048900940666,997
2024-09-20 15:40:11.489000,429.037157525617,103
2024-09-20 15:40:11.495000,429.059836315163,100
2024-09-20 15:40:11.502000,429.03486299693947,5
2024-09-20 15:40:11.511000,429.0626085618717,96
2024-09-20 15:40:11.527000,429.0831915880394,1002
2024-09-20 15:40:11.536000,429.05618232833984,99
2024-09-20 15:40:11.593000,429.1014817466754,101
2024-09-20 15:40:11.611000,428.9847744966192,100
2024-09-20 15:40:11.694000,429.0040221910413,104
2024-09-20 15:40:11.715000,429.0485051215639,998
2024-09-20 15:40:11.807000,429.0421915687193,100
2024-09-20 15:40:11.916000,428.9803409686505,10
2024-09-20 15:40:11.959000,429.0442656569675,97
2024-09-20 15:40:11.959000,429.04047175958766,11
2024-09-20 15:40:11.976000,429.0117040756669,1005
2024-09-20 15:40:11.984000,428.984843930462,1002
2024-09-20 15:40:12.121000,429.0077186745429,97
2024-09-20 15:40:12.243000,429.0138905078361,996
2024-09-20 15:40:12.297000,429.0105642673021,1004
2024-09-20 15:40:12.314000,429.027343979435,5
2024-09-20 15:40:12.318000,428.9979421320736,96
2024-09-20 15:40:12.556000,429.0007106901916,12
2024-09-20 15:40:12.609000,429.0316420901357,1003
2024-09-20 15:40:12.668000,429.0233151001301,998
2024-09-20 15:40:12.779000,429.0147031530783,6
2024-09-20 15:40:12.944000,429.0165244418115,99
2024-09-20 15:40:12.985000,429.0310805620619,7
2024-09-20 15:40:12.997000,429.0234295290984,12
2024-09-20 15:40:12.997000,429.0022955289052,999
2024-09-20 15:40:13.223000,429.0225576526936,8
2024-09-20 15:40:14.001000,429.0198080046706,101
2024-09-20 15:40:14.025000,429.0133687822208,103
2024-09-20 15:40:14.148000,429.0309797750124,1002
2024-09-20 15:40:14.212000,429.0265106268501,102
2024-09-20 15:40:14.227000,429.02985305858056,99
2024-09-20 15:40:14.231000,428.9954533570831,1002
2024-09-20 15:40:14.388000,429.0264126738586,15
2024-09-20 15:40:14.395000,429.0065946150257,97
2024-09-20 15:40:14.435000,429.0053258612719,1005
2024-09-20 15:40:14.540000,429.036775570922,5
2024-09-20 15:40:14.552000,429.0050736579925,999
2024-09-20 15:40:14.574000,429.0209876216946,102
2024-09-20 15:40:14.603000,429.0054190892684,1000
2024-09-20 15:40:14.617000,429.0133460566308,1004
2024-09-20 15:40:14.633000,429.0257988401011,998
2024-09-20 15:40:14.663000,429.0091532913119,997
2024-09-20 15:40:14.722000,429.0168559195589,97
2024-09-20 15:40:14.793000,428.9991042661197,6
2024-09-20 15:40:14.831000,429.0384029660426,1001
2024-09-20 15:40:14.927000,429.0450381576496,7
2024-09-20 15:40:14.950000,429.0299588041148,102
2024-09-20 15:40:14.978000,429.023749156218,98
2024-09-20 15:40:14.998000,429.0351753754049,101
2024-09-20 15:40:15.012000,429.0591342259592,1004
2024-09-20 15:40:15.046000,429.090702097726,997
2024-09-20 15:40:15.307000,429.11607315374215,105
2024-09-20 15:40:15.312000,429.06129976805903,13
2024-09-20 15:40:15.366000,429.0697599541496,100
2024-09-20 15:40:15.371000,429.0523672838845,96
2024-09-20 15:40:15.400000,429.0637039955444,997
2024-09-20 15:40:15.572000,429.0264327703994,15
2024-09-20 15:40:15.585000,429.0795967855588,998
2024-09-20 15:40:15.626000,429.031923350833,101
2024-09-20 15:40:15.634000,429.06380498584144,103
2024-09-20 15:40:15.723000,429.0975871257692,6
2024-09-20 15:40:15.733000,429.0280509464667,1001
2024-09-20 15:40:15.753000,429.0271535107109,14
2024-09-20 15:40:15.757000,429.060831049953,1003
2024-09-20 15:40:15.797000,429.0760301599867,95
2024-09-20 15:40:15.867000,429.0643664410584,999
2024-09-20 15:40:15.975000,429.0193265988853,999
2024-09-20 15:40:15.997000,429.0586367111952,105
2024-09-20 15:40:16.025000,429.01301082850085,96
2024-09-20 15:40:16.048000,429.0006042205322,99
2024-09-20 15:40:16.097000,429.0988236807962,11
2024-09-20 15:40:16.207000,429.04965904019735,1001
2024-09-20 15:40:16.221000,429.0674835606857,1000
2024-09-20 15:40:16.228000,429.0467871954221,995
2024-09-20 15:40:16.257000,429.0174218141258,96
2024-09-20 15:40:16.290000,429.0408250135441,6
2024-09-20 15:40:16.296000,429.0045758526505,996
2024-09-20 15:40:16.336000,429.05385311494734,99
2024-09-20 15:40:16.343000,429.0348440685908,10
2024-09-20 15:40:16.345000,428.9996616520231,99
2024-09-20 15:40:16.349000,429.0590089544032,97
2024-09-20 15:40:16.371000,429.0545398716186,12
2024-09-20 15:40:16.429000,429.0590437550572,997
2024-09-20 15:40:16.436000,429.0505016382752,5
2024-09-20 15:40:16.471000,429.0008900775927,999
2024-09-20 15:40:16.505000,429.0378602396403,1003
2024-09-20 15:40:16.515000,429.0680392943877,100
2024-09-20 15:40:16.547000,429.07485437009393,1000
2024-09-20 15:40:16.571000,429.0241588190157,9
2024-09-20 15:40:16.586000,429.0247584859312,1001
2024-09-20 15:40:16.588000,429.0615328615336,995
2024-09-20 15:40:16.744000,429.0452048800617,102
2024-09-20 15:40:16.755000,429.0443527829409,12
2024-09-20 15:40:16.810000,429.0013282730664,1004
2024-09-20 15:40:16.877000,429.0074890473203,5
2024-09-20 15:40:16.908000,429.0614218809051,97
2024-09-20 15:40:17.011000,429.0045480192085,101
2024-09-20 15:40:17.033000,429.0213538751051,100
2024-09-20 15:40:17.036000,429.0177768523668,99
2024-09-20 15:40:17.050000,429.0476483111176,95
2024-09-20 15:40:17.074000,429.0275024175549,7
2024-09-20 15:40:17.119000,429.0427754382801,8
2024-09-20 15:40:17.124000,429.0417682240795,9
2024-09-20 15:40:17.137000,429.0401412065109,97
2024-09-20 15:40:17.144000,429.0579788403061,7
2024-09-20 15:40:17.145000,429.0593134334859,101
2024-09-20 15:40:17.286000,429.0426852737508,997
2024-09-20 15:40:17.298000,429.0459828430687,7
2024-09-20 15:40:17.321000,429.0130629504959,9
2024-09-20 15:40:17.328000,429.0144627082919,103
2024-09-20 15:40:17.347000,429.0138041294584,1003
2024-09-20 15:40:17.361000,429.0347695416763,15
2024-09-20 15:40:17.394000,429.0111212770636,7
2024-09-20 15:40:17.414000,429.0196748086564,103
2024-09-20 15:40:17.523000,428.9878413217364,15
2024-09-20 15:40:17.567000,429.0691643173204,998
2024-09-20 15:40:17.576000,429.052217281232,99
2024-09-20 15:40:17.654000,429.0645717093876,15
2024-09-20 15:40:17.667000,429.0341616697541,103
2024-09-20 15:40:17.753000,429.0565012969417,13
2024-09-20 15:40:17.795000,429.0090547538581,5
2024-09-20 15:40:17.898000,429.0349542939806,1003
2024-09-20 15:40:17.900000,429.04375703863167,1001
2024-09-20 15:40:17.919000,428.995770094087,14
2024-09-20 15:40:17.924000,429.0188050611085,97
2024-09-20 15:40:18.037000,429.1026778785872,103
2024-09-20 15:40:18.231000,429.0753651863759,8
2024-09-20 15:40:18.300000,429.0603734562958,6
2024-09-20 15:40:18.359000,429.0769445731277,95
2024-09-20 15:40:18.377000,429.0780560204329,1004
2024-09-20 15:40:18.399000,429.0470041894002,999
2024-09-20 15:40:18.413000,429.0589786764176,996
2024-09-20 15:40:18.546000,429.0880295677245,998
2024-09-20 15:40:18.636000,429.0845473935219,10
2024-09-20 15:40:18.689000,429.0690621428769,105
2024-09-20 15:40:18.739000,429.0787192228301,1000
2024-09-20 15:40:18.752000,429.0881975431077,998
2024-09-20 15:40:18.803000,429.0685426716134,1005
2024-09-20 15:40:18.816000,429.0936614953945,10
2024-09-20 15:40:18.897000,429.053410020205,8
2024-09-20 15:40:19.050000,429.0584105381548,998
2024-09-20 15:40:19.106000,429.10010745995737,1004
2024-09-20 15:40:19.148000,429.058036200717,101
2024-09-20 15:40:19.155000,429.1081039418677,1005
2024-09-20 15:40:19.202000,429.0904687275802,998
2024-09-20 15:40:19.204000,429.089008144726,12
2024-09-20 15:40:19.235000,429.0632936127748,1002
2024-09-20 15:40:19.284000,429.0719992183426,105
2024-09-20 15:40:19.313000,429.0641757885561,997
2024-09-20 15:40:19.327000,429.11501971636415,998
2024-09-20 15:40:19.348000,429.1166457107496,1003
2024-09-20 15:40:19.355000,429.0944848975757,10
2024-09-20 15:40:19.397000,429.06277339273504,1003
2024-09-20 15:40:19.398000,429.1092106154053,105
2024-09-20 15:40:19.483000,429.103230522489,996
2024-09-20 15:40:19.537000,429.07172980509023,98
2024-09-20 15:40:19.587000,429.0576008195812,6
2024-09-20 15:40:19.671000,429.047882393519,995
2024-09-20 15:40:19.707000,429.0979694699604,95
2024-09-20 15:40:19.786000,429.0582617771661,997
2024-09-20 15:40:19.938000,429.0519564550238,7
2024-09-20 15:40:19.978000,422.9401702161707,99
2024-09-20 15:40:20.096000,429.0681480458547,8
2024-09-20 15:40:20.245000,429.08512058783015,101
2024-09-20 15:40:20.493000,429.0625536363955,1001
2024-09-20 15:40:21.450000,429.1126915697322,8
2024-09-20 15:40:22.020000,429.1135907233078,98
2024-09-20 15:40:22.081000,429.1081694378887,1005
2024-09-20 15:40:22.257000,429.09059358134033,7
2024-09-20 15:40:22.297000,429.1430736568558,100
2024-09-20 15:40:22.342000,429.1357244362512,102
2024-09-20 15:40:22.377000,429.0903260386392,102
2024-09-20 15:40:22.404000,429.1357260824761,7
2024-09-20 15:40:22.405000,429.1169292208523,5
2024-09-20 15:40:22.419000,429.1218257589527,997
2024-09-20 15:40:22.554000,429.1324283845557,103
2024-09-20 15:40:22.717000,429.1447748699911,12
2024-09-20 15:40:22.857000,429.12320612297526,105
2024-09-20 15:40:22.960000,429.0933493515511,1005
2024-09-20 15:40:23.017000,429.1707830945958,995
2024-09-20 15:40:23.030000,429.1501508417798,996
2024-09-20 15:40:23.092000,429.1650342909674,1001
2024-09-20 15:40:23.130000,429.1824385973352,105
2024-09-20 15:40:23.166000,429.16447737201327,1001
2024-09-20 15:40:23.250000,429.16623449153946,10
2024-09-20 15:40:23.361000,429.12447890355423,10
2024-09-20 15:40:23.435000,429.1324628848025,1004
2024-09-20 15:40:23.451000,429.1359048701535,103
2024-09-20 15:40:23.547000,429.1491231184328,10
2024-09-20 15:40:23.604000,429.1687022716181,95
2024-09-20 15:40:23.691000,429.1366336008896,9
2024-09-20 15:40:23.705000,429.1507309446816,996
2024-09-20 15:40:23.814000,429.1547592465879,15
2024-09-20 15:40:23.836000,429.15638269888063,1001
2024-09-20 15:40:23.852000,429.139876081106,1003
2024-09-20 15:40:23.892000,429.1480118534009,1001
2024-09-20 15:40:23.924000,429.1770550785413,100
2024-09-20 15:40:24.162000,429.18359563579446,1003
2024-09-20 15:40:24.170000,429.1843204467753,9
2024-09-20 15:40:24.189000,429.1681780483984,1005
2024-09-20 15:40:24.198000,429.1470277176982,100
2024-09-20 15:40:24.246000,429.1447787660048,99
2024-09-20 15:40:24.267000,429.16628676347096,103
2024-09-20 15:40:24.282000,429.1798152028076,10
2024-09-20 15:40:24.303000,429.1755038322356,8
2024-09-20 15:40:24.315000,429.179373805466,100
2024-09-20 15:40:24.438000,429.16824585784974,1002
2024-09-20 15:40:24.468000,429.1534005087205,1000
2024-09-20 15:40:24.477000,429.1694333492122,9
2024-09-20 15:40:24.535000,429.1479160514203,1005
2024-09-20 15:40:24.538000,429.1765688134884,1003
2024-09-20 15:40:24.671000,429.1786105655599,100
2024-09-20 15:40:24.744000,429.14655495799394,96
2024-09-20 15:40:24.802000,429.1576410531568,95
2024-09-20 15:40:24.935000,429.1533690162124,104
2024-09-20 15:40:25.040000,429.1846208725506,15
2024-09-20 15:40:25.069000,429.21657058086646,98
2024-09-20 15:40:25.070000,429.2009216657091,9
2024-09-20 15:40:25.177000,429.2277376396807,14
2024-09-20 15:40:25.341000,429.17305632748366,103
2024-09-20 15:40:25.500000,429.2153821789225,105
2024-09-20 15:40:25.551000,429.1684658093718,97
2024-09-20 15:40:25.685000,429.2138750297705,995
2024-09-20 15:40:25.702000,429.2084088894139,101
2024-09-20 15:40:25.712000,429.2141773763616,96
2024-09-20 15:40:25.717000,429.2052169572616,99
2024-09-20 15:40:25.772000,429.1767404638137,996
2024-09-20 15:40:25.821000,429.1795530772586,1001
2024-09-20 15:40:25.864000,429.1750277524481,998
2024-09-20 15:40:25.998000,429.1873125520375,104
2024-09-20 15:40:26.187000,429.2551544823319,1003
2024-09-20 15:40:26.219000,429.2908348333668,995
2024-09-20 15:40:26.250000,429.23680018186246,5
2024-09-20 15:40:26.416000,429.2875079363029,102
2024-09-20 15:40:26.568000,429.2583397212204,1000
2024-09-20 15:40:26.583000,429.2464955205742,15
2024-09-20 15:40:26.639000,429.2335110455555,1001
2024-09-20 15:40:26.730000,429.2499540788632,1002
2024-09-20 15:40:26.818000,429.22398429167714,96
2024-09-20 15:40:26.843000,429.2129008549655,7
2024-09-20 15:40:26.866000,429.26767724828426,14
2024-09-20 15:40:27.215000,429.2897824310887,996
2024-09-20 15:40:27.903000,429.2967640821494,1001
2024-09-20 15:40:28.047000,429.3089104256454,13
2024-09-20 15:40:28.055000,429.3316243849832,6
2024-09-20 15:40:28.145000,429.322475548541,9
2024-09-20 15:40:28.174000,429.31034607209887,995
2024-09-20 15:40:28.212000,429.357065082897,14
2024-09-20 15:40:28.238000,429.29949835787806,104
2024-09-20 15:40:28.291000,429.3036802786108,1005
2024-09-20 15:40:28.350000,429.35710358931175,103
2024-09-20 15:40:28.421000,429.2960501060984,996
2024-09-20 15:40:28.536000,429.3002313345309,95
2024-09-20 15:40:28.630000,429.3295795667281,96
2024-09-20 15:40:28.706000,429.3026718748301,996
2024-09-20 15:40:28.867000,429.3331618981936,95
2024-09-20 15:40:28.880000,429.3654042894989,10
2024-09-20 15:40:28.882000,429.3427660305224,8
2024-09-20 15:40:28.961000,429.3175298777601,99
2024-09-20 15:40:28.980000,429.3878857144092,1002
2024-09-20 15:40:28.994000,429.3375901845896,1002
2024-09-20 15:40:29.068000,429.39300525596025,99
2024-09-20 15:40:29.111000,429.3517281301524,99
2024-09-20 15:40:29.112000,429.3760833863124,995
2024-09-20 15:40:29.242000,429.3680002964123,14
2024-09-20 15:40:29.271000,429.3629135667639,5
2024-09-20 15:40:29.273000,429.3683783894173,998
2024-09-20 15:40:29.404000,429.4013357724925,10
2024-09-20 15:40:29.422000,429.35051505411593,1005
2024-09-20 15:40:29.547000,429.3794417487427,6
2024-09-20 15:40:29.553000,429.3655676599312,999
2024-09-20 15:40:29.637000,429.3674812744975,1000
2024-09-20 15:40:29.693000,429.3655840435053,95
2024-09-20 15:40:29.731000,423.0620202465012,95
2024-09-20 15:40:29.897000,429.3730608268522,97
2024-09-20 15:40:29.995000,429.3579615053948,105
2024-09-20 15:40:30.010000,429.3961463438168,1001
2024-09-20 15:40:30.041000,429.34516247844255,14
2024-09-20 15:40:30.143000,429.3883277326703,1004
2024-09-20 15:40:30.145000,429.3640892622109,10
2024-09-20 15:40:30.148000,429.336772580619,998
2024-09-20 15:40:30.175000,429.4118429755852,97
2024-09-20 15:40:30.176000,429.405923295694,996
2024-09-20 15:40:30.249000,429.4189317685891,100
2024-09-20 15:40:30.257000,429.3478992716167,105
2024-09-20 15:40:30.258000,429.38259773601226,1000
2024-09-20 15:40:30.279000,429.4263214533312,9
2024-09-20 15:40:30.296000,429.359110111369,99
2024-09-20 15:40:30.321000,429.368458426521,105
2024-09-20 15:40:30.333000,429.3690246405092,95
2024-09-20 15:40:30.361000,429.4116316982032,97
2024-09-20 15:40:30.376000,429.393257086968,1001
2024-09-20 15:40:30.387000,429.3776043871149,1004
2024-09-20 15:40:30.387000,429.4023366599963,13
2024-09-20 15:40:30.390000,423.0917597521004,1004
2024-09-20 15:40:30.427000,429.3842080128359,11
2024-09-20 15:40:30.552000,429.33120428097607,96
2024-09-20 15:40:30.558000,429.3851435625788,5
2024-09-20 15:40:30.576000,429.342204747836,98
2024-09-20 15:40:30.638000,429.3402436147375,97
2024-09-20 15:40:30.641000,429.4074884673032,6
2024-09-20 15:40:30.656000,429.3476891826261,100
2024-09-20 15:40:30.720000,429.391876192678,102
2024-09-20 15:40:30.785000,429.3360523114914,100
2024-09-20 15:40:30.831000,429.3932738032537,98
2024-09-20 15:40:30.926000,429.3932268027337,998
2024-09-20 15:40:30.940000,429.4001846518416,105
2024-09-20 15:40:31.342000,429.3487606504886,11
2024-09-20 15:40:31.390000,429.3320186669752,14
2024-09-20 15:40:31.539000,429.3531674997806,7
2024-09-20 15:40:31.889000,429.3843055441634,13
2024-09-20 15:40:31.962000,429.3447838536404,10
2024-09-20 15:40:31.969000,429.3622962533946,103
2024-09-20 15:40:32.189000,429.3242204791176,1003
2024-09-20 15:40:32.216000,429.3204678118464,97
2024-09-20 15:40:32.325000,429.3202853814117,1000
2024-09-20 15:40:32.332000,429.3215571604763,996
2024-09-20 15:40:32.537000,429.3317187792162,1000
2024-09-20 15:40:32.641000,429.3279775534466,1003
2024-09-20 15:40:32.761000,429.3152601611089,14
2024-09-20 15:40:32.840000,429.3165911217882,104
2024-09-20 15:40:33.012000,429.4338910531893,6
2024-09-20 15:40:33.045000,429.3747472507319,9
2024-09-20 15:40:33.086000,429.4116733023719,105
2024-09-20 15:40:33.160000,429.46295782953626,98
2024-09-20 15:40:33.184000,429.4924955655544,997
2024-09-20 15:40:33.219000,429.50005026487577,1002
2024-09-20 15:40:33.286000,429.4451014451156,102
2024-09-20 15:40:33.318000,429.45458564209264,12
2024-09-20 15:40:33.400000,429.3782454153943,14
2024-09-20 15:40:33.462000,429.491675670348,7
2024-09-20 15:40:33.530000,429.5157998486863,11
2024-09-20 15:40:33.566000,429.3392590965556,105
2024-09-20 15:40:33.590000,429.3885003939404,15
2024-09-20 15:40:33.694000,429.3700652407933,105
2024-09-20 15:40:33.708000,429.463058147077,996
2024-09-20 15:40:33.723000,429.4708007606318,95
2024-09-20 15:40:33.758000,429.5017316337403,13
2024-09-20 15:40:33.807000,429.4853690299079,1005
2024-09-20 15:40:33.891000,429.4893354778716,102
2024-09-20 15:40:33.904000,429.3876385623918,9
2024-09-20 15:40:33.943000,429.5239956207712,5
2024-09-20 15:40:33.965000,429.3773040160643,5
2024-09-20 15:40:33.966000,429.3919596398719,95
2024-09-20 15:40:33.977000,429.3781874907958,9
2024-09-20 15:40:34.012000,429.49936781217394,1005
2024-09-20 15:40:34.155000,429.4954852393463,7
2024-09-20 15:40:34.201000,429.50674218491713,105
2024-09-20 15:40:34.202000,429.5275942608228,1004
2024-09-20 15:40:34.203000,429.49656943654975,104
2024-09-20 15:40:34.224000,429.5025281626874,1002
2024-09-20 15:40:34.236000,429.4640215780733,11
2024-09-20 15:40:34.374000,429.4904516812192,996
2024-09-20 15:40:34.376000,429.5252730567207,1003
2024-09-20 15:40:34.382000,429.5098245071004,6
2024-09-20 15:40:34.459000,429.5062674108897,10
2024-09-20 15:40:34.509000,429.4966806956812,1002
2024-09-20 15:40:34.568000,429.4591127552689,6
2024-09-20 15:40:34.575000,429.53550821266026,8
2024-09-20 15:40:34.585000,429.47532917047306,95
2024-09-20 15:40:34.642000,429.5452363905894,14
2024-09-20 15:40:34.687000,429.49096303905,1003
2024-09-20 15:40:34.708000,429.4959437499129,999
2024-09-20 15:40:34.742000,429.5142068632522,103
2024-09-20 15:40:34.766000,429.5379255767316,999
2024-09-20 15:40:34.770000,429.5276963546788,11
2024-09-20 15:40:34.812000,429.51819930904,99
2024-09-20 15:40:34.842000,429.4972357173552,9
2024-09-20 15:40:34.849000,429.46071649759153,999
2024-09-20 15:40:34.860000,429.47448552146847,11
2024-09-20 15:40:34.902000,429.51055750522,1001
2024-09-20 15:40:34.973000,429.4610461240783,1004
2024-09-20 15:40:35.030000,429.55078639628863,1001
2024-09-20 15:40:35.143000,429.56711155845386,105
2024-09-20 15:40:35.183000,429.5316778147786,1001
2024-09-20 15:40:35.213000,429.56933297103785,5
2024-09-20 15:40:35.320000,429.5394492853839,103
2024-09-20 15:40:35.325000,429.5216009260364,1004
2024-09-20 15:40:35.369000,429.55140598725023,1004
2024-09-20 15:40:35.516000,429.5449557356552,996
2024-09-20 15:40:35.589000,429.5580451274032,15
2024-09-20 15:40:35.595000,429.5536979259546,96
2024-09-20 15:40:35.705000,429.5176583142468,8
2024-09-20 15:40:35.866000,429.5345141024436,95
2024-09-20 15:40:35.939000,429.5442109244232,1005
2024-09-20 15:40:35.992000,429.550155579483,995
2024-09-20 15:40:36.057000,429.5568755058927,1005
2024-09-20 15:40:36.123000,429.54534459033954,100
2024-09-20 15:40:36.233000,429.59458050508096,1001
2024-09-20 15:40:36.254000,429.5630975276727,1003
2024-09-20 15:40:36.255000,429.556246621074,1002
2024-09-20 15:40:36.370000,429.5547665021606,997
2024-09-20 15:40:36.388000,429.5660295150889,104
2024-09-20 15:40:36.413000,429.55662609962513,99
2024-09-20 15:40:36.501000,429.59636127797904,9
2024-09-20 15:40:36.561000,429.5441895639225,105
2024-09-20 15:40:36.613000,429.587727589253,999
2024-09-20 15:40:36.647000,429.5540075050959,100
2024-09-20 15:40:36.652000,429.56077455158015,1003
2024-09-20 15:40:36.702000,429.54136970734805,11
2024-09-20 15:40:36.865000,429.5408645785136,11
2024-09-20 15:40:36.869000,429.5656548030452,6
2024-09-20 15:40:36.882000,429.6071516520901,10
2024-09-20 15:40:36.897000,429.58403572282526,1003
2024-09-20 15:40:36.903000,429.5594015659028,105
2024-09-20 15:40:37.014000,429.5756980693705,98
2024-09-20 15:40:37.022000,423.1525205069505,15
2024-09-20 15:40:37.056000,429.5522248503835,97
2024-09-20 15:40:37.142000,429.5877550538831,10
2024-09-20 15:40:37.221000,429.5542898583239,99
2024-09-20 15:40:37.296000,429.55069970952974,1000
2024-09-20 15:40:37.403000,429.5835087520286,5
2024-09-20 15:40:37.524000,429.5849423310087,7
2024-09-20 15:40:37.537000,429.56470636417487,999
2024-09-20 15:40:37.576000,429.5763807432124,13
2024-09-20 15:40:37.591000,429.5487911037934,105
2024-09-20 15:40:37.832000,429.5614646004652,10
2024-09-20 15:40:37.870000,429.5622091257063,1000
2024-09-20 15:40:38.179000,429.595769800156,997
2024-09-20 15:40:38.321000,429.6046567603755,12
2024-09-20 15:40:38.752000,429.60785365204674,1001
2024-09-20 15:40:38.845000,429.60165292115306,8
2024-09-20 15:40:38.874000,429.5789393518584,105
2024-09-20 15:40:38.920000,429.6105671491009,1005
2024-09-20 15:40:39.047000,429.6194202496359,11
2024-09-20 15:40:39.189000,429.647651775548,12
2024-09-20 15:40:39.210000,429.654854033797,98
2024-09-20 15:40:39.250000,429.64519122091895,103
2024-09-20 15:40:39.255000,429.6169197177685,99
2024-09-20 15:40:39.285000,429.642154545624,1005
2024-09-20 15:40:39.371000,429.60662372818166,11
2024-09-20 15:40:39.385000,429.6152395730059,10
2024-09-20 15:40:39.437000,429.6462203540305,1004
2024-09-20 15:40:39.450000,429.6124192485404,99
2024-09-20 15:40:39.591000,429.631931865199,1000
2024-09-20 15:40:39.692000,429.6346081417841,104
2024-09-20 15:40:39.756000,429.65393518042754,1005
2024-09-20 15:40:39.806000,429.6372462673478,98
2024-09-20 15:40:39.818000,429.643290683936,998
2024-09-20 15:40:39.820000,429.6199383737186,999
2024-09-20 15:40:39.840000,429.6094798085142,1000
2024-09-20 15:40:39.901000,429.64943090166537,6
2024-09-20 15:40:39.923000,429.6068903000944,100
2024-09-20 15:40:39.961000,429.626906998949,1005
2024-09-20 15:40:39.984000,429.6538003291441,101
2024-09-20 15:40:39.990000,429.60297387750825,101
2024-09-20 15:40:40.028000,429.6468345971632,105
2024-09-20 15:40:40.043000,429.606288410479,1002
2024-09-20 15:40:40.084000,429.7029286803819,998
2024-09-20 15:40:40.102000,429.6946988311627,95
2024-09-20 15:40:40.122000,429.6367875457396,998
2024-09-20 15:40:40.147000,429.6903802567081,98
2024-09-20 15:40:40.174000,429.6691580480403,9
2024-09-20 15:40:40.201000,429.69049068326814,9
2024-09-20 15:40:40.259000,429.6776908767936,10
2024-09-20 15:40:40.294000,429.6333401501848,100
2024-09-20 15:40:40.307000,429.6903801784666,1005
2024-09-20 15:40:40.316000,429.6949262947911,999
2024-09-20 15:40:40.402000,429.626296165086,1000
2024-09-20 15:40:40.452000,429.6554105277611,996
2024-09-20 15:40:40.460000,429.63548609038986,104
2024-09-20 15:40:40.540000,429.6324923314858,1004
2024-09-20 15:40:40.575000,429.63491035459504,15
2024-09-20 15:40:40.698000,429.6464775223551,1000
2024-09-20 15:40:40.727000,429.6694836821012,999
2024-09-20 15:40:40.805000,429.6817827195459,13
2024-09-20 15:40:40.871000,429.6706749824498,102
2024-09-20 15:40:41.056000,429.635277632448,95
2024-09-20 15:40:41.098000,429.61967402173735,95
2024-09-20 15:40:41.139000,429.6214808685846,98
2024-09-20 15:40:41.175000,429.6576320059501,8
2024-09-20 15:40:41.273000,429.6027119075426,999
2024-09-20 15:40:41.382000,429.644843604337,1000
2024-09-20 15:40:41.437000,429.61261128369216,104
2024-09-20 15:40:41.496000,429.6321125317766,1001
2024-09-20 15:40:41.545000,429.6542819613472,14
2024-09-20 15:40:41.568000,429.6038056480911,99
2024-09-20 15:40:41.671000,429.63924028601497,996
2024-09-20 15:40:41.703000,429.62007156415234,998
2024-09-20 15:40:41.885000,429.5997156173736,104
2024-09-20 15:40:41.969000,429.6534027171237,997
2024-09-20 15:40:42.055000,429.6366878040959,998
2024-09-20 15:40:42.280000,429.6529328797119,7
2024-09-20 15:40:42.354000,429.6622226963616,6
2024-09-20 15:40:42.400000,429.66464661085104,96
2024-09-20 15:40:42.421000,429.6796159837522,995
2024-09-20 15:40:42.502000,429.6152042318764,13
2024-09-20 15:40:42.785000,429.62677255366464,13
2024-09-20 15:40:42.920000,429.649354991856,7
2024-09-20 15:40:43.117000,429.65829472734094,103
2024-09-20 15:40:43.135000,429.654584338824,995
2024-09-20 15:40:43.168000,429.673604746656,99
2024-09-20 15:40:43.203000,429.6640193051441,101
2024-09-20 15:40:43.247000,429.6394811188149,1003
2024-09-20 15:40:43.256000,429.6370849086663,13
2024-09-20 15:40:43.284000,429.6660408432532,10
2024-09-20 15:40:43.295000,429.6762905966674,996
2024-09-20 15:40:43.297000,429.66787057028046,995
2024-09-20 15:40:43.310000,429.671189354549,11
2024-09-20 15:40:43.376000,429.6683644098973,15
2024-09-20 15:40:43.573000,429.63616478854254,995
2024-09-20 15:40:43.603000,429.6661310453218,13
2024-09-20 15:40:43.603000,429.6654726646335,98
2024-09-20 15:40:43.615000,429.6650313180307,995
2024-09-20 15:40:43.636000,429.6585734860176,102
2024-09-20 15:40:43.652000,429.65298158022046,15
2024-09-20 15:40:43.679000,429.6568333894194,1001
2024-09-20 15:40:43.722000,429.6638801070819,997
2024-09-20 15:40:43.796000,429.67823416908186,13
2024-09-20 15:40:43.871000,429.66210808930487,6
2024-09-20 15:40:43.891000,429.6906019446223,1005
2024-09-20 15:40:43.931000,429.6654333650454,5
2024-09-20 15:40:43.952000,429.6431360505213,102
2024-09-20 15:40:44.066000,429.55765484380527,10
2024-09-20 15:40:44.073000,429.6517020621627,996
2024-09-20 15:40:44.109000,429.5744764517408,995
2024-09-20 15:40:44.140000,429.5557196982348,102
2024-09-20 15:40:44.342000,429.5524405271656,10
2024-09-20 15:40:44.391000,429.5971091274509,14
2024-09-20 15:40:44.421000,429.5644308636336,1003
2024-09-20 15:40:44.444000,429.53606481198,100
2024-09-20 15:40:44.454000,429.6161765522956,102
2024-09-20 15:40:44.459000,429.5650492847336,1001
2024-09-20 15:40:44.556000,429.5192120719185,104
2024-09-20 15:40:44.606000,429.562728504666,15
2024-09-20 15:40:44.663000,429.5866205772412,10
2024-09-20 15:40:44.735000,429.5487258568981,1003
2024-09-20 15:40:44.798000,429.5655294575806,5
2024-09-20 15:40:44.819000,429.5340682248825,102
2024-09-20 15:40:44.889000,429.58956530029695,1002
2024-09-20 15:40:44.930000,429.58819874999983,12
2024-09-20 15:40:44.966000,429.56293525912446,999
2024-09-20 15:40:44.987000,429.5604961502866,1004
2024-09-20 15:40:44.993000,429.5680238475907,9
2024-09-20 15:40:44.997000,429.5828181193826,14
2024-09-20 15:40:45.804000,429.5135701249645,8
2024-09-20 15:40:45.940000,423.0503506733881,99
2024-09-20 15:40:46.028000,429.4759008695953,99
2024-09-20 15:40:46.103000,429.44883552676487,95
2024-09-20 15:40:46.109000,429.4815874104471,11
2024-09-20 15:40:46.126000,429.4588956814574,996
2024-09-20 15:40:46.139000,429.46157305592914,15
2024-09-20 15:40:46.217000,429.4617999399609,1001
2024-09-20 15:40:46.351000,429.4873028376657,5
2024-09-20 15:40:46.599000,429.4796741904962,15
2024-09-20 15:40:46.644000,429.4578521182556,96
2024-09-20 15:40:46.652000,429.4523683575253,105
2024-09-20 15:40:46.680000,429.4629149499523,8
2024-09-20 15:40:46.719000,429.482653767318,1002
2024-09-20 15:40:46.737000,429.49303200072046,105
2024-09-20 15:40:46.806000,429.4713413697862,6
2024-09-20 15:40:46.815000,429.45947551265,100
2024-09-20 15:40:46.842000,429.4385380045377,5
2024-09-20 15:40:46.893000,429.4739052548365,105
2024-09-20 15:40:46.962000,429.4423279372026,105
2024-09-20 15:40:47.184000,429.4637498406455,10
2024-09-20 15:40:47.340000,429.4645341064176,105
2024-09-20 15:40:47.728000,429.4490799119682,996
2024-09-20 15:40:47.740000,429.470267433202,1002
2024-09-20 15:40:47.786000,429.4556469435563,102
2024-09-20 15:40:48.010000,429.48759484739867,6
2024-09-20 15:40:48.031000,429.47539248659024,9
2024-09-20 15:40:48.090000,429.46420077004313,6
2024-09-20 15:40:48.165000,429.4852254647037,97
2024-09-20 15:40:48.183000,429.4999363867085,997
2024-09-20 15:40:48.206000,429.4816728347158,105
2024-09-20 15:40:48.325000,429.49199732209166,99
2024-09-20 15:40:48.423000,429.4758393120428,1000
2024-09-20 15:40:48.434000,429.4600842414632,996
2024-09-20 15:40:48.447000,429.4921700875007,1003
2024-09-20 15:40:48.613000,429.5115904606436,1003
2024-09-20 15:40:48.696000,429.4955720109999,1002
2024-09-20 15:40:48.786000,429.4499759735737,1002
2024-09-20 15:40:48.843000,429.47981162221294,1002
2024-09-20 15:40:48.867000,429.48760784005225,105
2024-09-20 15:40:48.876000,429.5011878129794,103
2024-09-20 15:40:48.946000,429.5007977800973,1004
2024-09-20 15:40:48.950000,429.4671946895987,98
2024-09-20 15:40:48.972000,429.4546721315235,13
2024-09-20 15:40:49.036000,429.5005128280444,15
2024-09-20 15:40:49.089000,429.47046430859353,103
2024-09-20 15:40:49.098000,429.4426381240223,1001
2024-09-20 15:40:49.210000,429.4427521442957,1004
2024-09-20 15:40:49.272000,429.4581811275938,15
2024-09-20 15:40:49.319000,429.47436724246353,6
2024-09-20 15:40:49.325000,429.5086151117714,7
2024-09-20 15:40:49.346000,429.4587136189954,1004
2024-09-20 15:40:49.396000,429.4505116024996,1004
2024-09-20 15:40:49.507000,429.468488159878,97
2024-09-20 15:40:49.605000,429.5041726558563,1004
2024-09-20 15:40:49.676000,429.4685248206972,101
2024-09-20 15:40:49.782000,429.45020195394005,8
2024-09-20 15:40:49.833000,429.47245189758456,1003
2024-09-20 15:40:49.840000,429.4667040475266,101
2024-09-20 15:40:49.846000,429.49826702040656,1002
2024-09-20 15:40:49.873000,429.4775213832072,10
2024-09-20 15:40:50.288000,429.5103408450789,1004
2024-09-20 15:40:50.351000,423.0927410369157,1005
2024-09-20 15:40:51.004000,429.4599199608284,10
2024-09-20 15:40:51.038000,429.523397141076,105
2024-09-20 15:40:51.066000,429.5006509750268,14
2024-09-20 15:40:51.134000,429.5254687371073,6
2024-09-20 15:40:51.178000,429.50050537528784,999
2024-09-20 15:40:51.181000,429.454739173028,96
2024-09-20 15:40:51.287000,423.1877906681966,102
2024-09-20 15:40:51.361000,429.474639167489,102
2024-09-20 15:40:51.424000,429.4516182616533,104
2024-09-20 15:40:51.426000,429.4698182354881,100
2024-09-20 15:40:51.561000,429.4985935265224,13
2024-09-20 15:40:51.623000,429.49506764804966,1002
2024-09-20 15:40:51.768000,429.53200333129536,99
2024-09-20 15:40:51.804000,429.4818118766648,9
2024-09-20 15:40:51.805000,429.52150364147946,100
2024-09-20 15:40:51.808000,429.45190347812667,1003
2024-09-20 15:40:51.855000,429.4846554412189,96
2024-09-20 15:40:51.860000,429.4787220635543,998
2024-09-20 15:40:51.888000,429.4950109219659,99
2024-09-20 15:40:51.894000,429.48239665080416,104
2024-09-20 15:40:51.934000,429.5124117859206,8
2024-09-20 15:40:52.035000,429.40826710599697,105
2024-09-20 15:40:52.097000,429.4430552703448,1003
2024-09-20 15:40:52.126000,429.436176232512,99
2024-09-20 15:40:52.317000,423.2749330536651,105
2024-09-20 15:40:52.335000,429.4494666155412,1003
2024-09-20 15:40:52.428000,429.4577610506482,1002
2024-09-20 15:40:52.447000,429.46063945006017,12
2024-09-20 15:40:52.523000,429.4397002684485,97
2024-09-20 15:40:52.593000,429.4211831549675,103
2024-09-20 15:40:52.594000,429.4204311123264,1004
2024-09-20 15:40:52.694000,429.4066695488792,103
2024-09-20 15:40:52.696000,429.45891186066166,10
2024-09-20 15:40:52.697000,429.4121749589163,1005
2024-09-20 15:40:52.697000,429.42743679222616,9
2024-09-20 15:40:52.769000,429.4395137055108,997
2024-09-20 15:40:52.782000,429.4610515177949,5
2024-09-20 15:40:52.931000,429.4321934039058,95
2024-09-20 15:40:52.974000,429.40276682456255,100
2024-09-20 15:40:52.977000,429.4265977581485,97
2024-09-20 15:40:54.044000,429.4827189056584,996
2024-09-20 15:40:54.138000,429.49938366156897,12
2024-09-20 15:40:54.223000,429.4784436042372,99
2024-09-20 15:40:54.230000,429.4858627594207,1003
2024-09-20 15:40:54.267000,429.4694730290611,995
2024-09-20 15:40:54.276000,429.4775470043187,999
2024-09-20 15:40:54.347000,429.4927491377471,8
2024-09-20 15:40:54.512000,429.4867972577442,97
2024-09-20 15:40:54.526000,429.4816646091761,1003
2024-09-20 15:40:54.576000,429.4873772045254,14
2024-09-20 15:40:54.795000,429.50305744693566,100
2024-09-20 15:40:54.857000,429.4886516881231,13
2024-09-20 15:40:54.871000,429.5035345267751,1004
2024-09-20 15:40:54.936000,429.4622075567536,14
2024-09-20 15:40:55.265000,429.552375209301,5
2024-09-20 15:40:55.310000,429.5402573318508,1001
2024-09-20 15:40:55.338000,429.4946249998259,102
2024-09-20 15:40:55.349000,429.53259514118986,104
2024-09-20 15:40:55.478000,429.54605827680274,7
2024-09-20 15:40:55.491000,429.5122008542817,99
2024-09-20 15:40:55.530000,429.5413400071145,1001
2024-09-20 15:40:55.622000,429.5513839769417,101
2024-09-20 15:40:55.994000,429.5457334841804,1004
2024-09-20 15:40:56.007000,429.5701568727517,8
2024-09-20 15:40:56.051000,429.54726900358287,10
2024-09-20 15:40:56.074000,429.580902499527,14
2024-09-20 15:40:56.075000,429.5901591029579,5
2024-09-20 15:40:56.087000,429.61744604146793,15
2024-09-20 15:40:56.090000,429.5869104515973,98
2024-09-20 15:40:56.092000,429.60030345699874,15
2024-09-20 15:40:56.110000,429.6107181921804,103
2024-09-20 15:40:56.127000,429.565191561373,6
2024-09-20 15:40:56.167000,429.5931022459444,103
2024-09-20 15:40:56.198000,429.6183682441613,99
2024-09-20 15:40:56.350000,429.6059207109727,7
2024-09-20 15:40:56.382000,429.548993808135,100
2024-09-20 15:40:56.392000,429.57546623376896,15
2024-09-20 15:40:56.431000,429.57064544181833,999
2024-09-20 15:40:56.461000,429.5941008189019,105
2024-09-20 15:40:56.504000,429.5302168876796,101
2024-09-20 15:40:56.583000,429.5898037759278,995
2024-09-20 15:40:56.690000,429.5771081796274,13
2024-09-20 15:40:56.700000,429.5741494802548,104
2024-09-20 15:40:56.714000,429.5441455328969,101
2024-09-20 15:40:56.797000,429.6132204042127,1005
2024-09-20 15:40:56.823000,429.5367749677107,996
2024-09-20 15:40:56.843000,429.561491733379,1003
2024-09-20 15:40:56.937000,429.53957258772607,101
2024-09-20 15:40:56.978000,429.5896589601053,9
2024-09-20 15:40:57.028000,429.5657637865848,103
2024-09-20 15:40:57.184000,429.5402783117309,1004
2024-09-20 15:40:58.059000,429.5710166853925,95
2024-09-20 15:40:58.086000,429.53413872884266,100
2024-09-20 15:40:58.103000,429.5734467095251,10
2024-09-20 15:40:58.146000,429.51575310267935,99
2024-09-20 15:40:58.217000,429.5619490610658,1000
2024-09-20 15:40:58.252000,429.54603119207394,104
2024-09-20 15:40:58.297000,429.5671713772036,998
2024-09-20 15:40:58.339000,429.51967982629,5
2024-09-20 15:40:58.352000,429.5645815475241,1005
2024-09-20 15:40:58.380000,429.5755080682864,1000
2024-09-20 15:40:58.420000,429.5581401421365,100
2024-09-20 15:40:58.472000,429.5371245177036,996
2024-09-20 15:40:58.484000,429.52766881031954,1003
2024-09-20 15:40:58.490000,429.5289994981805,101
2024-09-20 15:40:58.554000,429.5352967776697,997
2024-09-20 15:40:58.568000,429.54811465077984,9
2024-09-20 15:40:58.571000,429.53880291172806,998
2024-09-20 15:40:58.662000,429.5697349926822,104
2024-09-20 15:40:58.677000,429.5749453475957,1001
2024-09-20 15:40:58.760000,429.54195787948174,101
2024-09-20 15:40:58.796000,429.54784510652735,104
2024-09-20 15:40:58.832000,429.5681669992336,102
2024-09-20 15:40:58.844000,429.5776112471886,99
2024-09-20 15:40:58.854000,429.5295394388351,15
2024-09-20 15:40:59.019000,429.5620004092594,15
2024-09-20 15:40:59.048000,429.47704481258415,99
2024-09-20 15:40:59.074000,429.55717421973975,105
2024-09-20 15:40:59.076000,429.537877234877,1000
2024-09-20 15:40:59.119000,429.5101614402677,98
2024-09-20 15:40:59.140000,429.570773768111,105
2024-09-20 15:40:59.184000,429.4994174294027,1004
2024-09-20 15:40:59.211000,429.49527937180864,1001
2024-09-20 15:40:59.214000,429.4812224105063,98
2024-09-20 15:40:59.228000,429.4893337980602,101
2024-09-20 15:40:59.253000,429.4727840196365,13
2024-09-20 15:40:59.310000,429.5142405986925,7
2024-09-20 15:40:59.312000,429.4886585892882,1001
2024-09-20 15:40:59.352000,429.56138687522525,9
2024-09-20 15:40:59.353000,429.5557443498063,95
2024-09-20 15:40:59.370000,429.55742345944674,103
2024-09-20 15:40:59.392000,429.48210257596895,1001
2024-09-20 15:40:59.438000,429.5529201025987,1000
2024-09-20 15:40:59.458000,429.4890145221795,14
2024-09-20 15:40:59.476000,429.4879237469684,6
2024-09-20 15:40:59.530000,429.5462499878368,12
2024-09-20 15:40:59.545000,429.5209315632069,13
2024-09-20 15:40:59.586000,429.47752041132895,99
2024-09-20 15:40:59.591000,429.4682944632672,10
2024-09-20 15:40:59.596000,429.4898089919434,997
2024-09-20 15:40:59.739000,429.4782087262335,1004
2024-09-20 15:40:59.749000,429.4809365666748,9
2024-09-20 15:40:59.904000,429.5419003064195,998
2024-09-20 15:40:59.906000,429.4898456475751,105
2024-09-20 15:40:59.932000,429.5487368630768,96
