Timestamp,Price,Size
2024-09-20 10:49:00.209000,424.495898558163,96
2024-09-20 10:49:00.235000,424.4726299717406,15
2024-09-20 10:49:00.528000,424.50250259207553,997
2024-09-20 10:49:00.676000,424.5186522403839,95
2024-09-20 10:49:00.693000,424.47841093891367,100
2024-09-20 10:49:00.857000,424.491304796782,8
2024-09-20 10:49:01.654000,424.55231705129535,1002
2024-09-20 10:49:01.686000,424.56060290813866,99
2024-09-20 10:49:01.737000,424.4947527059625,8
2024-09-20 10:49:01.859000,424.517049363559,99
2024-09-20 10:49:01.914000,424.5004910280726,6
2024-09-20 10:49:01.986000,424.5317173197981,997
2024-09-20 10:49:02.099000,424.50888653025714,96
2024-09-20 10:49:02.242000,424.5463846304731,997
2024-09-20 10:49:02.286000,424.5295248461469,997
2024-09-20 10:49:02.287000,424.5082776415756,103
2024-09-20 10:49:02.327000,424.5625696960884,100
2024-09-20 10:49:02.334000,424.56071232435846,11
2024-09-20 10:49:02.353000,424.5053389422754,15
2024-09-20 10:49:02.385000,424.5291860781547,10
2024-09-20 10:49:02.598000,424.5187555953742,9
2024-09-20 10:49:02.676000,424.5582392557828,12
2024-09-20 10:49:02.721000,424.503193729224,9
2024-09-20 10:49:02.727000,424.5551129873284,1005
2024-09-20 10:49:02.785000,424.5334388988612,12
2024-09-20 10:49:02.789000,424.5493255101524,95
2024-09-20 10:49:02.858000,424.5393376135488,102
2024-09-20 10:49:02.975000,424.5602035160233,1003
2024-09-20 10:49:03.284000,424.5247553480643,6
2024-09-20 10:49:03.314000,424.5558188230962,99
2024-09-20 10:49:03.676000,424.5443549627668,995
2024-09-20 10:49:03.842000,424.532895034788,1000
2024-09-20 10:49:03.953000,424.5475532347056,999
2024-09-20 10:49:04.229000,424.51946443817786,1005
2024-09-20 10:49:04.340000,424.5256615484756,9
2024-09-20 10:49:04.507000,424.4986492136751,101
2024-09-20 10:49:04.584000,424.51499693717983,999
2024-09-20 10:49:04.768000,424.5040187027756,95
2024-09-20 10:49:04.797000,424.528100711899,98
2024-09-20 10:49:05.054000,424.5028532176098,9
2024-09-20 10:49:05.087000,424.5033169958885,1001
2024-09-20 10:49:05.192000,424.5001955503066,15
2024-09-20 10:49:05.419000,424.4964987809117,1001
2024-09-20 10:49:05.484000,424.51571782308815,99
2024-09-20 10:49:05.740000,424.5042546601719,1002
2024-09-20 10:49:05.761000,424.5116687112839,9
2024-09-20 10:49:06.208000,424.4985629317016,15
2024-09-20 10:49:06.276000,424.5533625135378,1003
2024-09-20 10:49:06.291000,424.5615457394788,999
2024-09-20 10:49:06.372000,424.5159145609669,995
2024-09-20 10:49:06.403000,424.5243345719346,13
2024-09-20 10:49:06.460000,424.4686409715436,5
2024-09-20 10:49:06.537000,424.4798012971551,105
2024-09-20 10:49:06.604000,424.53840742628944,104
2024-09-20 10:49:06.663000,424.5500795459222,105
2024-09-20 10:49:06.733000,424.4938247523132,15
2024-09-20 10:49:06.779000,424.46886480410126,995
2024-09-20 10:49:06.791000,424.5771971064493,1002
2024-09-20 10:49:06.834000,424.4737801505945,9
2024-09-20 10:49:06.837000,424.5291179424527,8
2024-09-20 10:49:07.010000,424.6043772414717,104
2024-09-20 10:49:07.094000,424.59909319298976,96
2024-09-20 10:49:07.165000,424.5926650950926,1005
2024-09-20 10:49:07.204000,424.6191150080066,1002
2024-09-20 10:49:07.233000,424.5956019955709,995
2024-09-20 10:49:07.267000,424.6265111819948,98
2024-09-20 10:49:07.373000,424.5795673516759,14
2024-09-20 10:49:07.374000,424.6008424441636,103
2024-09-20 10:49:07.379000,424.6128791070256,97
2024-09-20 10:49:07.404000,424.576899876876,103
2024-09-20 10:49:07.413000,424.6436590967364,8
2024-09-20 10:49:07.562000,424.59010390381735,14
2024-09-20 10:49:07.568000,424.59379258935166,6
2024-09-20 10:49:07.581000,424.57512051382855,105
2024-09-20 10:49:07.588000,424.6262745942849,103
2024-09-20 10:49:07.641000,424.6203698648632,102
2024-09-20 10:49:07.642000,424.5877630366402,6
2024-09-20 10:49:07.666000,424.63916428400825,99
2024-09-20 10:49:07.682000,424.5924689170692,15
2024-09-20 10:49:07.762000,424.6169700314448,996
2024-09-20 10:49:07.769000,424.5799641473701,9
2024-09-20 10:49:07.796000,424.6224802789158,6
2024-09-20 10:49:07.800000,424.6522724274524,1000
2024-09-20 10:49:07.860000,424.6143122119246,98
2024-09-20 10:49:07.909000,424.64792012047815,104
2024-09-20 10:49:07.914000,424.6350671746926,995
2024-09-20 10:49:07.975000,424.64656595461696,1003
2024-09-20 10:49:07.995000,424.5899771907189,98
2024-09-20 10:49:07.999000,424.5962790698828,11
2024-09-20 10:49:08.086000,424.6815893340884,101
2024-09-20 10:49:08.146000,424.6780480844639,999
2024-09-20 10:49:08.157000,424.6591246707815,99
2024-09-20 10:49:08.244000,424.6705446704371,996
2024-09-20 10:49:08.276000,424.682463704141,102
2024-09-20 10:49:08.292000,424.67827266391015,101
2024-09-20 10:49:08.322000,424.6867431055109,995
2024-09-20 10:49:08.377000,424.6804728952584,10
2024-09-20 10:49:08.417000,424.6691275285809,1000
2024-09-20 10:49:08.521000,424.6872302123158,15
2024-09-20 10:49:08.629000,424.66882031244575,15
2024-09-20 10:49:08.637000,424.6489524229644,998
2024-09-20 10:49:08.676000,424.6533471074387,100
2024-09-20 10:49:08.688000,424.6650427500709,96
2024-09-20 10:49:08.698000,424.6758454668213,1004
2024-09-20 10:49:08.826000,424.6658406357301,95
2024-09-20 10:49:08.955000,424.6858435286055,6
2024-09-20 10:49:08.983000,424.6623506606473,104
2024-09-20 10:49:09.102000,424.66020059899,9
2024-09-20 10:49:09.392000,424.66865845215057,100
2024-09-20 10:49:09.856000,424.66323182173824,999
2024-09-20 10:49:10.280000,424.6653410561439,1003
2024-09-20 10:49:10.380000,424.6562677692208,8
2024-09-20 10:49:10.498000,424.6590636186789,95
2024-09-20 10:49:10.570000,424.6594085025733,1003
2024-09-20 10:49:10.715000,424.6685855325391,102
2024-09-20 10:49:10.904000,424.6614516437264,100
2024-09-20 10:49:11.077000,424.6309346876757,1002
2024-09-20 10:49:11.147000,424.6117543236602,997
2024-09-20 10:49:11.207000,424.6638987344365,102
2024-09-20 10:49:11.219000,424.63387051906784,1004
2024-09-20 10:49:11.312000,424.6376427109728,102
2024-09-20 10:49:11.404000,424.6516589894932,997
2024-09-20 10:49:11.418000,424.6325891693117,95
2024-09-20 10:49:11.442000,424.6234457910043,101
2024-09-20 10:49:11.461000,424.6171569778376,1001
2024-09-20 10:49:11.463000,424.6110519015192,998
2024-09-20 10:49:11.531000,424.6339646106095,101
2024-09-20 10:49:11.612000,424.6247562467587,999
2024-09-20 10:49:11.662000,424.6774617207661,1003
2024-09-20 10:49:11.702000,424.6310789084951,15
2024-09-20 10:49:11.746000,424.609194821888,996
2024-09-20 10:49:11.758000,424.62794402857145,1004
2024-09-20 10:49:11.806000,424.668798160842,995
2024-09-20 10:49:11.934000,424.6619924302007,15
2024-09-20 10:49:11.991000,424.6211010871146,1001
2024-09-20 10:49:12.028000,424.5853719820325,97
2024-09-20 10:49:12.033000,424.6585606114936,8
2024-09-20 10:49:12.038000,424.66129048302696,997
2024-09-20 10:49:12.075000,424.62110444717655,101
2024-09-20 10:49:12.138000,424.647384133347,8
2024-09-20 10:49:12.378000,424.6450708663258,99
2024-09-20 10:49:12.400000,424.6592894101602,98
2024-09-20 10:49:12.428000,424.614911093549,103
2024-09-20 10:49:12.459000,424.61995101529527,96
2024-09-20 10:49:12.499000,424.6597409236919,995
2024-09-20 10:49:12.510000,424.587993748614,10
2024-09-20 10:49:12.516000,424.634828010773,995
2024-09-20 10:49:12.543000,424.582009600294,105
2024-09-20 10:49:12.662000,424.6288909226143,15
2024-09-20 10:49:12.665000,424.6554398127561,999
2024-09-20 10:49:12.666000,424.6039265281444,14
2024-09-20 10:49:12.700000,424.6646145191429,7
2024-09-20 10:49:12.836000,424.6271388625692,10
2024-09-20 10:49:12.845000,424.6544003784808,103
2024-09-20 10:49:12.854000,424.638455868991,1001
2024-09-20 10:49:12.904000,424.6147150369443,97
2024-09-20 10:49:12.992000,424.6498624892122,101
2024-09-20 10:49:13.014000,424.6491745988688,1003
2024-09-20 10:49:13.042000,424.6791355334457,15
2024-09-20 10:49:13.190000,424.67178092278175,1005
2024-09-20 10:49:13.202000,424.6430494020432,5
2024-09-20 10:49:13.270000,424.6761263592015,99
2024-09-20 10:49:13.371000,424.6986403307045,7
2024-09-20 10:49:13.377000,424.6371889265412,101
2024-09-20 10:49:13.387000,424.6880444833242,105
2024-09-20 10:49:13.400000,424.66469216417846,7
2024-09-20 10:49:13.439000,424.7246699161629,104
2024-09-20 10:49:13.540000,424.64941888650327,997
2024-09-20 10:49:13.611000,424.66188398588633,95
2024-09-20 10:49:13.675000,424.7125575069363,1004
2024-09-20 10:49:13.700000,424.6926751799067,1005
2024-09-20 10:49:13.713000,424.67342333421817,8
2024-09-20 10:49:13.766000,424.72573146612734,9
2024-09-20 10:49:13.938000,424.6734181563056,10
2024-09-20 10:49:13.968000,424.6897051399579,1000
2024-09-20 10:49:13.997000,424.67090148593473,12
2024-09-20 10:49:14.523000,424.72712393107247,104
2024-09-20 10:49:14.687000,424.7048335570734,1003
2024-09-20 10:49:14.885000,424.74149108100505,7
2024-09-20 10:49:15.027000,424.7509856286761,8
2024-09-20 10:49:15.066000,424.7367207992469,8
2024-09-20 10:49:15.606000,424.7105139718513,15
2024-09-20 10:49:15.634000,424.6973710305858,995
2024-09-20 10:49:15.646000,424.7155507114669,6
2024-09-20 10:49:15.679000,424.7555990520042,103
2024-09-20 10:49:15.750000,424.7236535542018,1004
2024-09-20 10:49:15.798000,424.74976650849743,11
2024-09-20 10:49:15.807000,424.7306453941169,8
2024-09-20 10:49:15.851000,424.73682374598127,1003
2024-09-20 10:49:15.947000,424.73496309783087,95
2024-09-20 10:49:15.960000,424.7536443236592,1001
2024-09-20 10:49:15.961000,424.7353323098815,1001
2024-09-20 10:49:15.994000,424.7451313051781,102
2024-09-20 10:49:16.780000,424.7012513431527,1004
2024-09-20 10:49:17.033000,424.6902261175289,1001
2024-09-20 10:49:17.035000,424.6821123066424,995
2024-09-20 10:49:17.101000,424.6819850455584,14
2024-09-20 10:49:17.186000,424.7560576877492,8
2024-09-20 10:49:17.359000,424.735454725817,101
2024-09-20 10:49:17.376000,424.7644593272813,98
2024-09-20 10:49:17.382000,424.76399296472977,1003
2024-09-20 10:49:17.509000,424.737660153254,97
2024-09-20 10:49:17.706000,424.7233910788201,9
2024-09-20 10:49:17.799000,424.6781452876775,15
2024-09-20 10:49:17.879000,424.6877997496531,95
2024-09-20 10:49:18.239000,424.79815689650417,6
2024-09-20 10:49:18.527000,424.8008999931031,103
2024-09-20 10:49:18.602000,424.7772807666918,105
2024-09-20 10:49:18.638000,424.7904821690414,15
2024-09-20 10:49:18.725000,424.7827290166291,5
2024-09-20 10:49:19.074000,424.7908083837766,1002
2024-09-20 10:49:19.378000,424.7540315937424,1002
2024-09-20 10:49:19.456000,424.7713036588512,997
2024-09-20 10:49:19.582000,424.7430692694976,6
2024-09-20 10:49:19.887000,424.7662263574006,96
2024-09-20 10:49:20.047000,424.7209171929297,5
2024-09-20 10:49:20.167000,424.6988125738465,7
2024-09-20 10:49:20.253000,424.7559000563283,98
2024-09-20 10:49:20.393000,424.72764306896994,996
2024-09-20 10:49:20.585000,424.7556932325976,999
2024-09-20 10:49:20.611000,424.7236719231965,9
2024-09-20 10:49:20.623000,424.7517222579284,995
2024-09-20 10:49:20.687000,424.7126854178653,9
2024-09-20 10:49:20.746000,424.73585591853407,1001
2024-09-20 10:49:20.829000,424.7307239409117,96
2024-09-20 10:49:20.846000,424.7032372226076,995
2024-09-20 10:49:20.953000,424.7386903175079,10
2024-09-20 10:49:20.991000,424.7343548938787,15
2024-09-20 10:49:21.222000,424.7460600562348,10
2024-09-20 10:49:21.547000,424.7143270746327,998
2024-09-20 10:49:21.878000,424.75559562908006,995
2024-09-20 10:49:21.891000,424.7221697081224,1004
2024-09-20 10:49:23.092000,424.68497607650966,10
2024-09-20 10:49:23.171000,424.6743646559558,98
2024-09-20 10:49:23.439000,424.6779053079784,12
2024-09-20 10:49:23.624000,424.6788237357339,1004
2024-09-20 10:49:23.992000,424.6849515975831,100
2024-09-20 10:49:24.057000,424.5959259801085,101
2024-09-20 10:49:24.165000,424.6969406019737,6
2024-09-20 10:49:24.222000,424.6443828318304,101
2024-09-20 10:49:24.318000,424.66110351338807,105
2024-09-20 10:49:24.353000,424.6618659802096,998
2024-09-20 10:49:24.408000,424.68710354601023,1000
2024-09-20 10:49:24.432000,424.60591057343873,103
2024-09-20 10:49:24.492000,424.6900359635976,14
2024-09-20 10:49:24.555000,424.61244559671314,1001
2024-09-20 10:49:24.598000,424.625930080444,996
2024-09-20 10:49:24.623000,424.6472801484512,98
2024-09-20 10:49:24.760000,424.6241581924656,15
2024-09-20 10:49:24.794000,424.66652444842174,104
2024-09-20 10:49:24.889000,424.67284063689294,13
2024-09-20 10:49:24.940000,424.60703599975307,15
2024-09-20 10:49:24.995000,424.6071787811328,12
2024-09-20 10:49:25.003000,424.6172823631348,15
2024-09-20 10:49:25.033000,424.56317228460944,996
2024-09-20 10:49:25.060000,424.5631431862911,15
2024-09-20 10:49:25.081000,424.5927195663812,1001
2024-09-20 10:49:25.097000,424.5648448221661,996
2024-09-20 10:49:25.168000,424.5966741509945,101
2024-09-20 10:49:25.187000,424.5802825587337,15
2024-09-20 10:49:25.315000,424.6100451536486,102
2024-09-20 10:49:25.324000,424.6392927074256,103
2024-09-20 10:49:25.431000,424.6122310552793,10
2024-09-20 10:49:25.452000,424.5828488244797,97
2024-09-20 10:49:25.472000,424.6130278420921,13
2024-09-20 10:49:25.506000,424.55284512863386,99
2024-09-20 10:49:25.604000,424.572677813733,98
2024-09-20 10:49:25.655000,424.6314247322925,1002
2024-09-20 10:49:25.657000,424.6311625988516,998
2024-09-20 10:49:25.741000,424.5999326931771,98
2024-09-20 10:49:25.784000,424.59934459612754,5
2024-09-20 10:49:25.793000,424.5952138629895,103
2024-09-20 10:49:25.796000,424.5919268029342,14
2024-09-20 10:49:25.805000,424.5735495968133,95
2024-09-20 10:49:25.826000,424.55197744900926,14
2024-09-20 10:49:25.841000,424.5874686192402,10
2024-09-20 10:49:25.871000,424.58634252007033,12
2024-09-20 10:49:25.955000,424.589154399428,101
2024-09-20 10:49:26.001000,424.5183608269797,14
2024-09-20 10:49:26.005000,424.51101989477496,1002
2024-09-20 10:49:26.048000,424.5313635440519,12
2024-09-20 10:49:26.076000,424.4706202594308,6
2024-09-20 10:49:26.159000,424.5027416976543,9
2024-09-20 10:49:26.242000,424.5408575207764,98
2024-09-20 10:49:26.350000,424.5218038291286,1004
2024-09-20 10:49:26.355000,424.5070511767543,13
2024-09-20 10:49:26.358000,424.563486636644,96
2024-09-20 10:49:26.420000,424.546050680592,999
2024-09-20 10:49:26.426000,424.5595453351327,7
2024-09-20 10:49:26.455000,424.4791499386049,10
2024-09-20 10:49:26.671000,424.563154544395,1003
2024-09-20 10:49:26.680000,424.4575627612451,6
2024-09-20 10:49:26.798000,424.5157694270741,14
2024-09-20 10:49:26.867000,424.54727183320193,13
2024-09-20 10:49:26.949000,424.5500063790524,1001
2024-09-20 10:49:26.957000,424.52885740087146,998
2024-09-20 10:49:26.996000,424.4673258016798,103
2024-09-20 10:49:27.064000,424.5275013062273,101
2024-09-20 10:49:27.156000,424.5586326135643,14
2024-09-20 10:49:27.197000,424.56626117579447,99
2024-09-20 10:49:27.239000,424.55686153954,995
2024-09-20 10:49:27.293000,424.5658643739684,9
2024-09-20 10:49:27.443000,424.5430776710596,95
2024-09-20 10:49:27.443000,424.5718944067935,10
2024-09-20 10:49:27.445000,424.5652499929829,13
2024-09-20 10:49:27.510000,424.5282029972269,104
2024-09-20 10:49:27.638000,424.5878017838923,101
2024-09-20 10:49:27.733000,424.5501283523592,7
2024-09-20 10:49:27.810000,424.5727370696997,101
2024-09-20 10:49:27.901000,424.54491172066383,1003
2024-09-20 10:49:27.996000,424.54284747583154,7
2024-09-20 10:49:28.143000,424.5412834894868,96
2024-09-20 10:49:28.173000,424.5234396517634,100
2024-09-20 10:49:28.249000,424.5864400405514,5
2024-09-20 10:49:28.282000,424.5185892576511,1003
2024-09-20 10:49:28.307000,424.5708532925399,1000
2024-09-20 10:49:28.358000,424.52833763840965,101
2024-09-20 10:49:28.414000,424.5249378436861,998
2024-09-20 10:49:28.424000,424.55798861302935,102
2024-09-20 10:49:28.457000,424.5107027275286,97
2024-09-20 10:49:28.515000,424.53966935798906,101
2024-09-20 10:49:28.581000,424.5113855375981,999
2024-09-20 10:49:28.587000,424.5461141553756,14
2024-09-20 10:49:28.633000,424.53951212540704,1002
2024-09-20 10:49:28.638000,424.5296159650118,1004
2024-09-20 10:49:28.680000,424.5366907112486,1000
2024-09-20 10:49:28.699000,424.5348580005537,12
2024-09-20 10:49:28.790000,424.5681348131662,11
2024-09-20 10:49:28.812000,424.5679041006471,5
2024-09-20 10:49:28.855000,424.566627220221,9
2024-09-20 10:49:28.917000,424.55565239071854,999
2024-09-20 10:49:28.959000,424.5296662245148,997
2024-09-20 10:49:29.017000,424.5936149297874,1002
2024-09-20 10:49:29.021000,424.5337696516835,7
2024-09-20 10:49:29.031000,424.556675933936,6
2024-09-20 10:49:29.065000,424.5917325150247,997
2024-09-20 10:49:29.088000,424.5875556410724,10
2024-09-20 10:49:29.130000,424.5113630723207,101
2024-09-20 10:49:29.253000,424.5538896503822,14
2024-09-20 10:49:29.269000,424.54163008787935,7
2024-09-20 10:49:29.286000,424.5524844791827,6
2024-09-20 10:49:29.306000,424.55210201288446,5
2024-09-20 10:49:29.317000,424.5538688512166,95
2024-09-20 10:49:29.352000,424.5540770217756,101
2024-09-20 10:49:29.373000,424.5632270227271,13
2024-09-20 10:49:29.448000,424.58045618264896,9
2024-09-20 10:49:29.533000,424.5472595117082,102
2024-09-20 10:49:29.546000,424.5497077699862,1001
2024-09-20 10:49:29.556000,424.5194167836749,1002
2024-09-20 10:49:29.720000,424.5108535897796,12
2024-09-20 10:49:29.749000,424.5436479843546,996
2024-09-20 10:49:29.751000,424.5605032452093,102
2024-09-20 10:49:29.795000,424.5587423443105,101
2024-09-20 10:49:29.920000,424.5500315332578,99
2024-09-20 10:49:29.935000,424.53253771919134,103
2024-09-20 10:49:29.947000,424.5444375417604,1000
2024-09-20 10:49:29.988000,424.53315932541807,1000
2024-09-20 10:49:31.069000,424.5890816292113,95
2024-09-20 10:49:31.082000,424.5965294281762,15
2024-09-20 10:49:31.124000,424.617031826954,104
2024-09-20 10:49:31.157000,424.6244145989114,103
2024-09-20 10:49:31.177000,424.5898653615348,998
2024-09-20 10:49:31.179000,424.622498274415,15
2024-09-20 10:49:31.189000,424.5888290396743,101
2024-09-20 10:49:31.257000,424.5813310665581,13
2024-09-20 10:49:31.475000,424.6090719803738,7
2024-09-20 10:49:31.569000,424.6139005789469,102
2024-09-20 10:49:31.580000,424.5922961660854,1004
2024-09-20 10:49:31.609000,424.5951487574845,1005
2024-09-20 10:49:31.670000,424.5981489102581,100
2024-09-20 10:49:31.680000,424.587720207184,6
2024-09-20 10:49:31.795000,424.6122481466408,997
2024-09-20 10:49:31.797000,424.5975291592953,102
2024-09-20 10:49:31.859000,424.6099402334477,98
2024-09-20 10:49:31.860000,424.6153525595112,6
2024-09-20 10:49:31.900000,424.6038926217159,7
2024-09-20 10:49:31.939000,424.6013644700888,999
2024-09-20 10:49:32.037000,424.6569072241967,11
2024-09-20 10:49:32.040000,424.62233394559127,14
2024-09-20 10:49:32.050000,424.6092624396885,97
2024-09-20 10:49:32.097000,424.6319531268903,998
2024-09-20 10:49:32.309000,424.6369799652092,1005
2024-09-20 10:49:32.311000,424.6224568265848,8
2024-09-20 10:49:32.351000,424.60481506689337,14
2024-09-20 10:49:32.388000,424.6417775479386,1004
2024-09-20 10:49:32.430000,424.6530003234208,104
2024-09-20 10:49:32.450000,424.68813114755017,6
2024-09-20 10:49:32.494000,424.6873722844337,99
2024-09-20 10:49:32.547000,424.6347599745591,1002
2024-09-20 10:49:32.610000,424.6314255551298,96
2024-09-20 10:49:32.673000,424.6816592816027,995
2024-09-20 10:49:32.722000,424.6806044786059,12
2024-09-20 10:49:32.767000,424.66810070378295,996
2024-09-20 10:49:32.831000,424.6788519171294,98
2024-09-20 10:49:32.875000,424.60586848600616,9
2024-09-20 10:49:32.911000,424.6878217715541,95
2024-09-20 10:49:32.929000,424.6089616171606,6
2024-09-20 10:49:32.940000,424.6607660546465,997
2024-09-20 10:49:32.947000,424.68085097651465,8
2024-09-20 10:49:32.948000,424.6706481265834,9
2024-09-20 10:49:33.105000,424.6663020681215,1005
2024-09-20 10:49:33.211000,424.6794955140288,104
2024-09-20 10:49:33.213000,424.6983721873417,12
2024-09-20 10:49:33.221000,424.6510844875944,997
2024-09-20 10:49:33.247000,424.66876304456144,8
2024-09-20 10:49:33.256000,424.6883786714608,13
2024-09-20 10:49:33.317000,424.6830820489732,105
2024-09-20 10:49:33.356000,424.6391087191559,15
2024-09-20 10:49:33.388000,424.677250960893,7
2024-09-20 10:49:33.491000,424.6727883101643,98
2024-09-20 10:49:33.567000,424.69424571194224,10
2024-09-20 10:49:33.600000,424.68359681618347,102
2024-09-20 10:49:33.764000,424.67724398064325,5
2024-09-20 10:49:33.945000,424.68375347794,11
2024-09-20 10:49:33.949000,424.6463005751169,1002
2024-09-20 10:49:33.987000,424.6869938580052,105
2024-09-20 10:49:34.030000,424.7319700136504,5
2024-09-20 10:49:34.062000,424.6815534933127,11
2024-09-20 10:49:34.089000,424.7066772645822,995
2024-09-20 10:49:34.124000,424.7252426599123,105
2024-09-20 10:49:34.191000,424.7308540215781,995
2024-09-20 10:49:34.214000,424.7426843134807,7
2024-09-20 10:49:34.268000,424.72002676040313,14
2024-09-20 10:49:34.282000,424.7803213592364,105
2024-09-20 10:49:34.333000,424.7114205921203,11
2024-09-20 10:49:34.334000,424.7349692124624,999
2024-09-20 10:49:34.399000,424.6989242174003,1003
2024-09-20 10:49:34.465000,424.7666119766429,8
2024-09-20 10:49:34.558000,424.7088750055243,100
2024-09-20 10:49:34.561000,424.7549303673922,999
2024-09-20 10:49:34.572000,424.68954444256406,99
2024-09-20 10:49:34.579000,424.7365066573421,96
2024-09-20 10:49:34.589000,424.7150059082934,6
2024-09-20 10:49:34.634000,424.70525234723016,98
2024-09-20 10:49:34.738000,424.6683350532645,15
2024-09-20 10:49:34.740000,424.6955178159621,14
2024-09-20 10:49:34.770000,424.6852033245594,15
2024-09-20 10:49:34.778000,424.7346632982655,98
2024-09-20 10:49:34.807000,424.72508071705033,5
2024-09-20 10:49:34.825000,424.7363409846444,6
2024-09-20 10:49:34.904000,424.7224366227876,98
2024-09-20 10:49:34.940000,424.7395122578199,999
2024-09-20 10:49:34.996000,424.7558035492414,13
2024-09-20 10:49:35.083000,424.74908381083736,96
2024-09-20 10:49:35.169000,424.82226964282586,14
2024-09-20 10:49:35.192000,424.7954848691261,996
2024-09-20 10:49:35.225000,424.8318739960928,5
2024-09-20 10:49:35.289000,424.76977585191736,14
2024-09-20 10:49:35.362000,424.7489495015143,997
2024-09-20 10:49:35.481000,424.8037995044995,1001
2024-09-20 10:49:35.512000,424.7642023114236,1000
2024-09-20 10:49:35.571000,424.7562783932717,8
2024-09-20 10:49:35.577000,424.77965355840536,98
2024-09-20 10:49:35.620000,424.78376682614936,14
2024-09-20 10:49:35.642000,424.7475408176736,1003
2024-09-20 10:49:35.655000,424.7467810669435,103
2024-09-20 10:49:35.681000,424.788635602485,7
2024-09-20 10:49:35.829000,424.751907649297,1001
2024-09-20 10:49:35.913000,424.8188663679717,1005
2024-09-20 10:49:36.026000,424.8504983609107,6
2024-09-20 10:49:36.058000,424.8299401244636,997
2024-09-20 10:49:36.134000,424.84608015102754,105
2024-09-20 10:49:36.143000,424.8351264372785,7
2024-09-20 10:49:36.176000,424.8460991876828,15
2024-09-20 10:49:36.228000,424.8357283805586,1005
2024-09-20 10:49:36.259000,424.8303107269421,13
2024-09-20 10:49:36.270000,424.8532521690837,995
2024-09-20 10:49:36.297000,424.8563404823074,8
2024-09-20 10:49:36.304000,424.8356672660659,102
2024-09-20 10:49:36.316000,424.8466042263837,100
2024-09-20 10:49:36.371000,424.84235445067486,96
2024-09-20 10:49:36.438000,424.87035181809904,11
2024-09-20 10:49:36.454000,424.875974015081,100
2024-09-20 10:49:36.504000,424.82765495242097,5
2024-09-20 10:49:36.639000,424.8463384543424,14
2024-09-20 10:49:36.650000,424.83983426986174,1001
2024-09-20 10:49:36.700000,424.8258637107752,999
2024-09-20 10:49:36.799000,424.8514285049764,100
2024-09-20 10:49:36.804000,424.85173871463616,14
2024-09-20 10:49:36.823000,424.84831376132746,995
2024-09-20 10:49:36.844000,424.8579373063507,1005
2024-09-20 10:49:36.847000,424.8323754658923,98
2024-09-20 10:49:36.894000,424.846024907779,98
2024-09-20 10:49:36.956000,424.83908253633865,11
2024-09-20 10:49:37.585000,424.8838807045028,9
2024-09-20 10:49:38.042000,424.86562231135935,996
2024-09-20 10:49:38.132000,424.8942748435916,104
2024-09-20 10:49:38.161000,424.91653977357134,996
2024-09-20 10:49:38.165000,424.9115503459101,998
2024-09-20 10:49:38.208000,424.90363514517617,105
2024-09-20 10:49:38.418000,424.9250699873045,105
2024-09-20 10:49:38.436000,424.9309912595,6
2024-09-20 10:49:38.537000,424.9314669953358,98
2024-09-20 10:49:38.629000,424.91577040584247,9
2024-09-20 10:49:38.638000,424.9158762779196,96
2024-09-20 10:49:38.697000,424.9208998425106,100
2024-09-20 10:49:38.745000,424.92147225125024,1005
2024-09-20 10:49:38.876000,424.9128333849378,103
2024-09-20 10:49:38.880000,424.9086265532681,100
2024-09-20 10:49:38.880000,424.921085583502,12
2024-09-20 10:49:38.887000,424.8963590861969,997
2024-09-20 10:49:38.931000,424.8764506184571,101
2024-09-20 10:49:38.961000,424.8817352165663,11
2024-09-20 10:49:39.080000,424.9344287544494,1002
2024-09-20 10:49:39.117000,424.9165892347429,102
2024-09-20 10:49:39.170000,424.9131775424949,11
2024-09-20 10:49:39.172000,424.9210655294048,96
2024-09-20 10:49:39.218000,424.9174531708478,7
2024-09-20 10:49:39.352000,424.9247325105487,1005
2024-09-20 10:49:39.376000,424.94587806128686,1005
2024-09-20 10:49:39.390000,424.92247486997337,999
2024-09-20 10:49:39.495000,424.91616786615873,96
2024-09-20 10:49:39.578000,424.9398355089528,102
2024-09-20 10:49:39.615000,424.9271838665681,10
2024-09-20 10:49:39.654000,424.9512306166266,102
2024-09-20 10:49:39.664000,424.934178369118,1003
2024-09-20 10:49:39.752000,424.951330208244,9
2024-09-20 10:49:39.861000,424.9099051754416,998
2024-09-20 10:49:39.891000,424.9166947902282,101
2024-09-20 10:49:40.006000,424.9233383257101,14
2024-09-20 10:49:40.108000,424.92244919626097,15
2024-09-20 10:49:40.117000,424.9219654112623,5
2024-09-20 10:49:40.201000,424.88621441202497,13
2024-09-20 10:49:40.220000,424.9387788777673,11
2024-09-20 10:49:40.236000,424.9401441827725,1002
2024-09-20 10:49:40.251000,424.9025776997775,997
2024-09-20 10:49:40.362000,424.92135113182815,997
2024-09-20 10:49:40.382000,424.8937538920967,10
2024-09-20 10:49:40.508000,424.9098734305477,101
2024-09-20 10:49:40.585000,424.9103777596764,9
2024-09-20 10:49:40.605000,424.898372284932,12
2024-09-20 10:49:40.663000,424.8956788716994,95
2024-09-20 10:49:40.665000,424.92175575244886,7
2024-09-20 10:49:40.696000,424.8789823039295,998
2024-09-20 10:49:40.897000,424.87139234542815,8
2024-09-20 10:49:41.070000,424.99849777242696,1004
2024-09-20 10:49:41.111000,424.9989411640695,11
2024-09-20 10:49:41.132000,424.9677780090215,97
2024-09-20 10:49:41.171000,424.9863953339188,100
2024-09-20 10:49:41.173000,425.0155651163809,102
2024-09-20 10:49:41.273000,424.9997500675056,97
2024-09-20 10:49:41.387000,424.9726359851803,1005
2024-09-20 10:49:41.406000,425.006679156487,13
2024-09-20 10:49:41.542000,424.9950393565706,14
2024-09-20 10:49:41.562000,424.99988297625134,13
2024-09-20 10:49:41.580000,425.0018824228883,10
2024-09-20 10:49:41.600000,424.97845219235,101
2024-09-20 10:49:41.669000,425.0121806205789,14
2024-09-20 10:49:41.686000,424.9848136405899,98
2024-09-20 10:49:41.754000,424.99931487185313,101
2024-09-20 10:49:41.790000,425.005327059326,1004
2024-09-20 10:49:41.833000,425.00438860905024,996
2024-09-20 10:49:41.929000,424.9979007461764,6
2024-09-20 10:49:41.930000,424.9939720015928,102
2024-09-20 10:49:41.950000,424.9978175479626,6
2024-09-20 10:49:41.952000,424.9981939683884,1005
2024-09-20 10:49:42.012000,425.0608282476335,105
2024-09-20 10:49:42.056000,425.1246545701956,102
2024-09-20 10:49:42.057000,425.0542752995507,12
2024-09-20 10:49:42.152000,425.13847823915614,8
2024-09-20 10:49:42.196000,425.12395285983456,105
2024-09-20 10:49:42.214000,425.0490309679216,12
2024-09-20 10:49:42.321000,425.0548381948637,1000
2024-09-20 10:49:42.321000,425.0475175478692,98
2024-09-20 10:49:42.341000,425.0157974099232,1003
2024-09-20 10:49:42.354000,425.1346118304816,99
2024-09-20 10:49:42.426000,425.0596938438293,1000
2024-09-20 10:49:42.436000,425.0479262777888,99
2024-09-20 10:49:42.445000,425.1321843112633,5
2024-09-20 10:49:42.449000,425.1298137833715,15
2024-09-20 10:49:42.478000,425.067064073973,12
2024-09-20 10:49:42.603000,425.0514039869231,99
2024-09-20 10:49:42.632000,425.1357952852433,12
2024-09-20 10:49:42.655000,425.1067872484744,100
2024-09-20 10:49:42.717000,425.1238713660024,997
2024-09-20 10:49:42.784000,425.1165187575049,8
2024-09-20 10:49:42.864000,425.1368585247909,11
2024-09-20 10:49:42.897000,425.0450620057972,6
2024-09-20 10:49:43.311000,425.1434460817656,9
2024-09-20 10:49:43.447000,425.1461039918565,1001
2024-09-20 10:49:43.661000,425.1401407515575,98
2024-09-20 10:49:44.014000,425.0979589450301,101
2024-09-20 10:49:44.087000,425.09100115795815,96
2024-09-20 10:49:44.087000,425.1053467129247,997
2024-09-20 10:49:44.165000,425.0786110412937,13
2024-09-20 10:49:44.168000,425.0584003763658,999
2024-09-20 10:49:44.182000,425.0528726310228,5
2024-09-20 10:49:44.218000,425.045763266144,1002
2024-09-20 10:49:44.244000,425.0749461705367,10
2024-09-20 10:49:44.309000,425.08051957773927,98
2024-09-20 10:49:44.313000,425.1005795931496,102
2024-09-20 10:49:44.510000,425.06708939873374,7
2024-09-20 10:49:44.528000,425.07465906186513,12
2024-09-20 10:49:44.573000,425.0995099865524,10
2024-09-20 10:49:44.589000,425.0699000329397,10
2024-09-20 10:49:44.594000,425.04525511233527,98
2024-09-20 10:49:44.613000,425.0734218709227,103
2024-09-20 10:49:44.629000,425.1077573794449,996
2024-09-20 10:49:44.690000,425.0455579971235,95
2024-09-20 10:49:44.692000,425.0556535993423,99
2024-09-20 10:49:44.810000,425.1108696068336,1001
2024-09-20 10:49:44.817000,425.08424960304086,7
2024-09-20 10:49:44.857000,425.1328008819443,1002
2024-09-20 10:49:44.888000,425.0615139381128,99
2024-09-20 10:49:44.894000,425.0854905996466,96
2024-09-20 10:49:44.903000,425.08337911219536,1003
2024-09-20 10:49:44.907000,425.07038581166,15
2024-09-20 10:49:44.918000,425.06933134291984,12
2024-09-20 10:49:44.962000,425.061118444445,996
2024-09-20 10:49:44.992000,425.056487901446,1000
2024-09-20 10:49:45.023000,425.0304294206695,1004
2024-09-20 10:49:45.068000,425.0633492673532,14
2024-09-20 10:49:45.151000,425.0946542384208,1003
2024-09-20 10:49:45.211000,425.0433858163614,995
2024-09-20 10:49:45.256000,425.0585946203144,1000
2024-09-20 10:49:45.272000,425.11703928526777,105
2024-09-20 10:49:45.315000,425.0235062074429,1005
2024-09-20 10:49:45.317000,425.0889513719037,1004
2024-09-20 10:49:45.317000,425.1092279760773,8
2024-09-20 10:49:45.337000,425.1088349613603,104
2024-09-20 10:49:45.343000,425.03570409166775,1005
2024-09-20 10:49:45.343000,425.0370400962745,995
2024-09-20 10:49:45.382000,425.10051876776834,99
2024-09-20 10:49:45.413000,425.0937145006275,97
2024-09-20 10:49:45.416000,425.0503991518902,1002
2024-09-20 10:49:45.502000,425.0829577027952,96
2024-09-20 10:49:45.503000,425.0711535999474,104
2024-09-20 10:49:45.505000,425.0682489686283,997
2024-09-20 10:49:45.515000,425.0487967745676,100
2024-09-20 10:49:45.555000,425.0440435219873,100
2024-09-20 10:49:45.617000,425.0511183486073,96
2024-09-20 10:49:45.780000,425.0802848104303,10
2024-09-20 10:49:45.850000,425.0639845649485,100
2024-09-20 10:49:45.869000,425.0917589932855,6
2024-09-20 10:49:45.874000,425.0267613214237,96
2024-09-20 10:49:45.906000,425.0709098207223,5
2024-09-20 10:49:45.933000,425.0473915723743,10
2024-09-20 10:49:45.957000,425.08737123748335,11
2024-09-20 10:49:45.980000,425.0404693203493,96
2024-09-20 10:49:46.070000,425.11051313642434,1001
2024-09-20 10:49:46.186000,425.12164124727576,6
2024-09-20 10:49:46.188000,425.07798051049554,1004
2024-09-20 10:49:46.223000,425.0962700209602,9
2024-09-20 10:49:46.231000,425.0974935147967,1004
2024-09-20 10:49:46.242000,425.1206790062216,97
2024-09-20 10:49:46.262000,425.0833706340828,97
2024-09-20 10:49:46.599000,425.09140558138455,14
2024-09-20 10:49:46.760000,425.1216889602141,103
2024-09-20 10:49:46.767000,425.0709806790671,104
2024-09-20 10:49:46.789000,425.11923724731855,1000
2024-09-20 10:49:46.824000,425.0946563627237,997
2024-09-20 10:49:46.857000,425.0719008623728,998
2024-09-20 10:49:46.910000,425.0601596922801,1002
2024-09-20 10:49:46.913000,425.0720311894332,8
2024-09-20 10:49:46.926000,425.0806927676681,1002
2024-09-20 10:49:47.263000,425.0622085784192,11
2024-09-20 10:49:47.494000,425.0624467083313,999
2024-09-20 10:49:47.544000,425.0797914219621,8
2024-09-20 10:49:47.668000,425.0694484155476,995
2024-09-20 10:49:48.006000,425.088833776846,996
2024-09-20 10:49:48.038000,425.0829414708689,104
2024-09-20 10:49:48.090000,425.0859938573436,1003
2024-09-20 10:49:48.161000,425.0731545764702,15
2024-09-20 10:49:48.161000,425.0465967362151,1000
2024-09-20 10:49:48.188000,425.0789326049535,998
2024-09-20 10:49:48.341000,425.0986026537397,7
2024-09-20 10:49:48.364000,425.0683660691057,105
2024-09-20 10:49:48.401000,425.07990094879926,998
2024-09-20 10:49:48.451000,425.0803449469812,105
2024-09-20 10:49:48.459000,425.0701095943446,10
2024-09-20 10:49:48.471000,425.0284233773765,97
2024-09-20 10:49:48.487000,425.0730769190366,102
2024-09-20 10:49:48.523000,425.0736760633167,997
2024-09-20 10:49:48.530000,425.0562432561176,1000
2024-09-20 10:49:48.599000,425.08555251668207,103
2024-09-20 10:49:48.624000,425.0882826300604,1002
2024-09-20 10:49:48.636000,425.0834760006717,6
2024-09-20 10:49:48.652000,425.045348344018,9
2024-09-20 10:49:48.715000,425.0836092807522,1000
2024-09-20 10:49:48.720000,425.0628047204756,1003
2024-09-20 10:49:48.759000,425.09770890521287,98
2024-09-20 10:49:48.875000,425.0680903008477,15
2024-09-20 10:49:48.905000,425.0557326007166,1003
2024-09-20 10:49:48.940000,425.0862900727168,105
2024-09-20 10:49:48.948000,425.1134582542821,5
2024-09-20 10:49:48.961000,425.0680664176717,99
2024-09-20 10:49:49.025000,425.129598601035,98
2024-09-20 10:49:49.054000,425.1010844143927,104
2024-09-20 10:49:49.054000,425.1158675656872,5
2024-09-20 10:49:49.121000,425.0866569886771,12
2024-09-20 10:49:49.562000,425.1159002500308,14
2024-09-20 10:49:49.581000,425.0740498607272,1003
2024-09-20 10:49:49.701000,425.1143403467765,998
2024-09-20 10:49:49.704000,425.0944805888519,1002
2024-09-20 10:49:49.869000,425.06536982373984,98
2024-09-20 10:49:49.912000,425.1277109207714,103
2024-09-20 10:49:49.996000,425.06985701417386,1004
2024-09-20 10:49:50.018000,425.11989106013823,1000
2024-09-20 10:49:50.102000,425.1275998233738,998
2024-09-20 10:49:50.164000,425.14152739934326,95
2024-09-20 10:49:50.173000,425.1619814699647,8
2024-09-20 10:49:50.198000,425.1586118212749,96
2024-09-20 10:49:50.330000,425.1213470292554,8
2024-09-20 10:49:50.341000,425.14904824220383,1005
2024-09-20 10:49:50.447000,425.1417279608469,15
2024-09-20 10:49:50.565000,425.13239888124576,998
2024-09-20 10:49:50.575000,425.13496365278655,1002
2024-09-20 10:49:50.616000,425.1407830161687,97
2024-09-20 10:49:50.636000,425.1401984406773,995
2024-09-20 10:49:50.777000,425.14252581886274,998
2024-09-20 10:49:50.826000,425.1272451226819,105
2024-09-20 10:49:51.119000,425.1918546091047,8
2024-09-20 10:49:51.126000,425.16382064878576,99
2024-09-20 10:49:51.272000,425.1891106602878,11
2024-09-20 10:49:51.360000,425.1253982406707,99
2024-09-20 10:49:51.360000,425.1601091307453,1003
2024-09-20 10:49:51.402000,425.1783204214986,1000
2024-09-20 10:49:51.585000,425.1998413889045,998
2024-09-20 10:49:51.691000,425.18603813138446,10
2024-09-20 10:49:51.692000,425.19283666954266,105
2024-09-20 10:49:51.867000,425.1500859709795,1000
2024-09-20 10:49:51.896000,425.1672883790616,995
2024-09-20 10:49:51.943000,425.191181244342,5
2024-09-20 10:49:51.982000,425.1386325736976,14
2024-09-20 10:49:52.506000,425.2196798648727,7
2024-09-20 10:49:52.660000,425.2176931278984,13
2024-09-20 10:49:53.062000,425.23940383685954,996
2024-09-20 10:49:53.136000,425.2449899719205,105
2024-09-20 10:49:53.252000,425.2474754367658,98
2024-09-20 10:49:53.255000,425.2573043067629,995
2024-09-20 10:49:53.307000,425.255622861496,14
2024-09-20 10:49:53.312000,425.233009862745,999
2024-09-20 10:49:53.313000,425.2507532170644,14
2024-09-20 10:49:53.349000,425.2464082393219,96
2024-09-20 10:49:53.424000,425.2308868496168,1002
2024-09-20 10:49:53.474000,425.2268276847024,95
2024-09-20 10:49:53.485000,425.25160894362807,1000
2024-09-20 10:49:53.647000,425.2671049212079,5
2024-09-20 10:49:53.695000,425.25367073407216,99
2024-09-20 10:49:53.812000,425.2311203089752,13
2024-09-20 10:49:53.820000,425.23452916327005,13
2024-09-20 10:49:53.826000,425.2545395771197,1003
2024-09-20 10:49:53.831000,425.24539787136746,95
2024-09-20 10:49:53.851000,425.2327807762173,996
2024-09-20 10:49:53.974000,425.2444423600789,996
2024-09-20 10:49:53.991000,425.2194867453975,1002
2024-09-20 10:49:54.394000,425.23240279553846,14
2024-09-20 10:49:54.746000,425.23945711164106,995
2024-09-20 10:49:55.096000,425.2545488006039,105
2024-09-20 10:49:55.247000,425.2399879565497,9
2024-09-20 10:49:55.257000,425.24206037136594,100
2024-09-20 10:49:55.463000,425.2519974849798,102
2024-09-20 10:49:55.606000,425.2508439124463,104
2024-09-20 10:49:55.706000,425.2379871480216,103
2024-09-20 10:49:55.712000,425.2561982573029,999
2024-09-20 10:49:55.733000,425.2684274260548,99
2024-09-20 10:49:55.778000,425.23925606268295,12
2024-09-20 10:49:55.826000,425.2210642463887,103
2024-09-20 10:49:56.008000,425.2636961377223,12
2024-09-20 10:49:56.118000,425.2447964415205,100
2024-09-20 10:49:56.128000,425.2556583868615,997
2024-09-20 10:49:56.184000,425.2636629548782,103
2024-09-20 10:49:56.199000,425.256013944555,1002
2024-09-20 10:49:56.245000,425.1996242971787,1004
2024-09-20 10:49:56.334000,425.2537818458563,104
2024-09-20 10:49:56.461000,425.2482887435279,95
2024-09-20 10:49:56.485000,425.2426628067672,97
2024-09-20 10:49:56.545000,425.2752999065341,1002
2024-09-20 10:49:56.597000,425.231881170444,105
2024-09-20 10:49:56.625000,425.24503917182994,99
2024-09-20 10:49:56.672000,425.23258419989793,97
2024-09-20 10:49:56.885000,425.2622157067611,995
2024-09-20 10:49:56.893000,425.2658105916638,999
2024-09-20 10:49:56.935000,425.27133301870055,9
2024-09-20 10:49:56.993000,425.275703313447,996
2024-09-20 10:49:57.078000,425.2218356133114,15
2024-09-20 10:49:57.084000,425.2701969680364,1004
2024-09-20 10:49:57.151000,425.27228095148587,999
2024-09-20 10:49:57.238000,425.2663634744728,99
2024-09-20 10:49:57.289000,425.3001944555645,1004
2024-09-20 10:49:57.444000,425.2259856989028,10
2024-09-20 10:49:57.482000,425.2628530167388,14
2024-09-20 10:49:57.484000,425.2401124953996,12
2024-09-20 10:49:57.504000,425.2528989705479,11
2024-09-20 10:49:57.516000,425.2130752588905,8
2024-09-20 10:49:57.527000,425.2317400443161,1002
2024-09-20 10:49:57.637000,425.3288371075333,13
2024-09-20 10:49:57.672000,425.2110647773167,98
2024-09-20 10:49:57.672000,425.2183328389757,8
2024-09-20 10:49:57.686000,425.2921718658191,1003
2024-09-20 10:49:57.730000,425.2008189947992,14
2024-09-20 10:49:57.736000,425.3106080314631,8
2024-09-20 10:49:57.765000,425.2376201528054,95
2024-09-20 10:49:57.777000,425.29339905671424,9
2024-09-20 10:49:57.828000,425.2289733250841,14
2024-09-20 10:49:58.033000,425.3325133133609,997
2024-09-20 10:49:58.329000,425.3437908604488,99
2024-09-20 10:49:58.349000,425.3060756061267,102
2024-09-20 10:49:58.365000,425.32415719593456,1000
2024-09-20 10:49:58.377000,425.3357417180891,101
2024-09-20 10:49:58.547000,425.29501811246695,95
2024-09-20 10:49:58.570000,425.3438366623694,102
2024-09-20 10:49:58.645000,425.326029408336,1003
2024-09-20 10:49:58.671000,425.3290914740308,996
2024-09-20 10:49:58.763000,425.3089774560421,102
2024-09-20 10:49:58.878000,425.3398354572705,1000
2024-09-20 10:49:58.983000,425.3030332329554,995
2024-09-20 10:49:59.283000,425.3162075129854,14
2024-09-20 10:49:59.325000,425.337501575634,15
2024-09-20 10:49:59.430000,425.3142648289258,1001
2024-09-20 10:49:59.473000,425.3341051551109,13
2024-09-20 10:49:59.526000,425.3494535046469,97
2024-09-20 10:49:59.817000,425.3261159800322,5
