Timestamp,Price,Size
2024-09-20 09:47:00.011000,422.6332018196412,12
2024-09-20 09:47:00.031000,422.62330327141007,15
2024-09-20 09:47:00.037000,422.61599331492187,99
2024-09-20 09:47:00.040000,422.639139152227,105
2024-09-20 09:47:00.191000,422.59450241209,9
2024-09-20 09:47:00.204000,422.592344520092,11
2024-09-20 09:47:00.282000,422.5977521973919,997
2024-09-20 09:47:00.286000,422.6244510639669,995
2024-09-20 09:47:00.377000,422.6384360809637,5
2024-09-20 09:47:00.383000,422.6405632413457,12
2024-09-20 09:47:00.449000,422.609272718485,996
2024-09-20 09:47:00.474000,422.6165141255127,15
2024-09-20 09:47:00.558000,422.6195581645464,10
2024-09-20 09:47:00.568000,422.6376512955832,7
2024-09-20 09:47:00.610000,422.6064583539169,96
2024-09-20 09:47:00.644000,422.6529170734528,998
2024-09-20 09:47:00.699000,422.5665809632696,6
2024-09-20 09:47:00.703000,422.5817342842636,999
2024-09-20 09:47:00.746000,422.6114009943898,98
2024-09-20 09:47:00.749000,422.6165897676087,997
2024-09-20 09:47:00.752000,422.5922336237277,1001
2024-09-20 09:47:00.801000,422.6101545625178,100
2024-09-20 09:47:00.810000,422.60804210838273,15
2024-09-20 09:47:00.820000,422.57850423426623,997
2024-09-20 09:47:00.833000,422.61200706518326,999
2024-09-20 09:47:00.840000,422.6459786489792,5
2024-09-20 09:47:00.870000,422.5851464555806,97
2024-09-20 09:47:00.889000,422.6473143331527,1002
2024-09-20 09:47:00.927000,422.6627239912126,11
2024-09-20 09:47:01.027000,422.5687582648117,996
2024-09-20 09:47:01.103000,422.5497779783906,15
2024-09-20 09:47:01.114000,422.55765826757136,998
2024-09-20 09:47:01.143000,422.57568553292,1005
2024-09-20 09:47:01.167000,422.5723859328231,1002
2024-09-20 09:47:01.197000,422.5808073546264,102
2024-09-20 09:47:01.227000,422.5748583358747,12
2024-09-20 09:47:01.298000,422.564593547439,100
2024-09-20 09:47:01.390000,422.566157104387,103
2024-09-20 09:47:01.512000,422.5582459892957,1003
2024-09-20 09:47:01.540000,422.5700174785695,996
2024-09-20 09:47:01.541000,422.5626833327845,996
2024-09-20 09:47:01.574000,422.56368922059454,996
2024-09-20 09:47:01.579000,422.5645454721417,998
2024-09-20 09:47:01.633000,422.5765150163306,995
2024-09-20 09:47:01.676000,422.5510012284634,1003
2024-09-20 09:47:01.689000,422.5762414998357,11
2024-09-20 09:47:01.703000,422.5478420844486,100
2024-09-20 09:47:01.713000,422.5880532873887,14
2024-09-20 09:47:01.722000,422.5735659928407,104
2024-09-20 09:47:01.726000,422.5694964768966,104
2024-09-20 09:47:02.029000,422.5295937038771,1002
2024-09-20 09:47:02.084000,422.4858802830117,10
2024-09-20 09:47:02.086000,422.4722092966095,98
2024-09-20 09:47:02.510000,422.4978056987752,100
2024-09-20 09:47:02.534000,422.4809038173719,999
2024-09-20 09:47:02.560000,422.5302435196375,1005
2024-09-20 09:47:02.595000,422.4910219953821,102
2024-09-20 09:47:02.822000,422.497683617037,1002
2024-09-20 09:47:02.858000,422.4651033954404,1004
2024-09-20 09:47:02.922000,422.5152694553872,1003
2024-09-20 09:47:03.017000,422.4762203322807,1004
2024-09-20 09:47:03.085000,422.43138836725217,1004
2024-09-20 09:47:03.167000,422.44680225998826,105
2024-09-20 09:47:03.171000,422.3812967843289,995
2024-09-20 09:47:03.183000,422.4542681054136,105
2024-09-20 09:47:03.186000,422.4700185147559,5
2024-09-20 09:47:03.326000,422.4697740125046,103
2024-09-20 09:47:03.330000,422.4668518455677,1002
2024-09-20 09:47:03.403000,422.43944333807167,104
2024-09-20 09:47:03.412000,422.4488150195521,13
2024-09-20 09:47:03.417000,422.4447621687476,9
2024-09-20 09:47:03.484000,422.4351941097907,100
2024-09-20 09:47:03.492000,422.4622025422959,101
2024-09-20 09:47:03.500000,422.47766411239286,98
2024-09-20 09:47:03.600000,422.4413396423661,5
2024-09-20 09:47:03.609000,422.47333454461705,5
2024-09-20 09:47:03.626000,422.4402160775511,999
2024-09-20 09:47:03.631000,422.4255144906404,95
2024-09-20 09:47:03.700000,422.4355694438373,6
2024-09-20 09:47:03.729000,422.4665975758546,1004
2024-09-20 09:47:03.784000,422.4302481688849,9
2024-09-20 09:47:03.801000,422.40223648350735,95
2024-09-20 09:47:03.831000,422.3894496222091,997
2024-09-20 09:47:03.835000,422.4575092325702,1001
2024-09-20 09:47:03.847000,422.4608902132727,5
2024-09-20 09:47:03.870000,422.4520580263773,101
2024-09-20 09:47:03.919000,422.4637940206399,7
2024-09-20 09:47:03.981000,422.4242419037366,12
2024-09-20 09:47:03.985000,422.43512675130495,996
2024-09-20 09:47:04.075000,422.384702117109,998
2024-09-20 09:47:04.111000,422.3639199597624,11
2024-09-20 09:47:04.118000,422.4129840293593,1002
2024-09-20 09:47:04.128000,422.360209410595,997
2024-09-20 09:47:04.138000,422.3594747604011,9
2024-09-20 09:47:04.277000,422.3786586980545,995
2024-09-20 09:47:04.323000,422.35496509124647,10
2024-09-20 09:47:04.380000,422.3544754031362,1004
2024-09-20 09:47:04.400000,422.37788870166287,10
2024-09-20 09:47:04.459000,422.35882888475817,99
2024-09-20 09:47:04.498000,422.4168039020305,9
2024-09-20 09:47:04.508000,422.3871567361616,1003
2024-09-20 09:47:04.523000,422.3698548569925,1002
2024-09-20 09:47:04.535000,422.3664866922196,1005
2024-09-20 09:47:04.576000,422.3828970670842,9
2024-09-20 09:47:04.582000,422.3814501002453,1002
2024-09-20 09:47:04.609000,422.3915668061329,1000
2024-09-20 09:47:04.638000,422.3796067574485,100
2024-09-20 09:47:04.670000,422.3906417087607,1003
2024-09-20 09:47:04.674000,422.3961156822106,96
2024-09-20 09:47:04.742000,422.3869301813394,105
2024-09-20 09:47:04.779000,422.378502233402,96
2024-09-20 09:47:04.783000,422.41932149203984,104
2024-09-20 09:47:04.790000,422.3771186711929,999
2024-09-20 09:47:04.798000,422.37476477769536,98
2024-09-20 09:47:04.839000,422.39220644352486,9
2024-09-20 09:47:04.888000,422.3886491687324,1004
2024-09-20 09:47:04.946000,422.3410466753341,11
2024-09-20 09:47:04.957000,422.3732828198408,1005
2024-09-20 09:47:05.004000,422.3311708273136,98
2024-09-20 09:47:05.154000,422.3414730116706,97
2024-09-20 09:47:05.179000,422.3628345474048,100
2024-09-20 09:47:05.274000,422.3216787003969,104
2024-09-20 09:47:05.283000,422.345518118687,1003
2024-09-20 09:47:05.410000,422.369638515888,997
2024-09-20 09:47:05.532000,422.3729238318524,996
2024-09-20 09:47:05.556000,422.3627526726075,100
2024-09-20 09:47:05.861000,422.3910663488669,999
2024-09-20 09:47:05.923000,422.3765603229192,1004
2024-09-20 09:47:05.999000,422.3822354213228,99
2024-09-20 09:47:06.268000,422.32844142228856,996
2024-09-20 09:47:06.695000,422.33511561581975,9
2024-09-20 09:47:07.365000,422.31876490330615,996
2024-09-20 09:47:07.731000,422.3174108747711,996
2024-09-20 09:47:07.795000,422.3132401262493,1001
2024-09-20 09:47:07.819000,422.2967371786078,996
2024-09-20 09:47:07.966000,422.3243573530504,15
2024-09-20 09:47:08.003000,422.3059766882183,97
2024-09-20 09:47:08.010000,422.32819244722657,1002
2024-09-20 09:47:08.067000,422.3045213078535,98
2024-09-20 09:47:08.127000,422.2886476167541,99
2024-09-20 09:47:08.137000,422.280828957036,98
2024-09-20 09:47:08.167000,422.2880149467194,996
2024-09-20 09:47:08.197000,422.3055919558221,1002
2024-09-20 09:47:08.231000,422.29794859646125,96
2024-09-20 09:47:08.236000,422.295804980655,95
2024-09-20 09:47:08.287000,422.3244254494929,1000
2024-09-20 09:47:08.304000,422.28712859692985,99
2024-09-20 09:47:08.315000,422.29758396836826,103
2024-09-20 09:47:08.330000,422.313016236776,99
2024-09-20 09:47:08.432000,422.2936183385526,13
2024-09-20 09:47:08.466000,422.279019571024,6
2024-09-20 09:47:08.507000,422.272276050887,96
2024-09-20 09:47:08.515000,422.3150825820709,8
2024-09-20 09:47:08.531000,422.29885187654594,8
2024-09-20 09:47:08.534000,422.2799997503357,1005
2024-09-20 09:47:08.573000,422.2818698804416,9
2024-09-20 09:47:08.599000,422.303427841594,99
2024-09-20 09:47:08.640000,422.2961393400062,99
2024-09-20 09:47:08.718000,422.2881443844519,95
2024-09-20 09:47:08.829000,422.3331605810512,95
2024-09-20 09:47:08.833000,422.3177775380738,1000
2024-09-20 09:47:08.892000,422.2806302612802,5
2024-09-20 09:47:08.936000,422.2912435365296,98
2024-09-20 09:47:08.972000,422.28193456716383,997
2024-09-20 09:47:08.980000,422.2924479264029,997
2024-09-20 09:47:09.113000,422.429995863906,104
2024-09-20 09:47:09.130000,422.4311984421923,13
2024-09-20 09:47:09.161000,422.3508322240773,999
2024-09-20 09:47:09.236000,422.437653081563,1005
2024-09-20 09:47:09.266000,422.2944442916232,1001
2024-09-20 09:47:09.268000,422.4038331224486,995
2024-09-20 09:47:09.331000,422.3241957815304,11
2024-09-20 09:47:09.339000,422.3014431198833,95
2024-09-20 09:47:09.343000,422.38131035684034,998
2024-09-20 09:47:09.385000,422.3824356812119,98
2024-09-20 09:47:09.448000,422.3351513003236,996
2024-09-20 09:47:09.465000,422.3259562549431,1003
2024-09-20 09:47:09.508000,422.3480439747111,7
2024-09-20 09:47:09.511000,422.4103819916812,7
2024-09-20 09:47:09.550000,422.4287703080933,997
2024-09-20 09:47:09.595000,422.3967610643711,8
2024-09-20 09:47:09.612000,422.4061096067225,104
2024-09-20 09:47:09.646000,422.3905267255559,101
2024-09-20 09:47:09.810000,422.4271485572144,97
2024-09-20 09:47:09.815000,422.33312526363005,103
2024-09-20 09:47:09.847000,422.3649080240037,104
2024-09-20 09:47:09.851000,422.4349612868617,1001
2024-09-20 09:47:09.956000,422.3930232004812,95
2024-09-20 09:47:09.960000,422.4089606582749,997
2024-09-20 09:47:09.985000,422.3245584808552,15
2024-09-20 09:47:10.193000,422.4466736328093,14
2024-09-20 09:47:10.316000,422.4363731231279,96
2024-09-20 09:47:10.519000,422.456974925134,1001
2024-09-20 09:47:10.603000,422.4289980429699,1001
2024-09-20 09:47:10.750000,422.4420148459748,99
2024-09-20 09:47:10.799000,422.4340372746048,998
2024-09-20 09:47:10.988000,422.4462357783149,104
2024-09-20 09:47:11.099000,422.43290056268506,5
2024-09-20 09:47:11.143000,422.4257969520492,998
2024-09-20 09:47:11.242000,422.39827806363365,998
2024-09-20 09:47:11.504000,422.42679295579376,1005
2024-09-20 09:47:11.968000,422.3962505401411,7
2024-09-20 09:47:12.023000,422.3667024678464,11
2024-09-20 09:47:12.028000,422.33855778329627,11
2024-09-20 09:47:12.041000,422.3823916467555,103
2024-09-20 09:47:12.052000,422.3483933496068,12
2024-09-20 09:47:12.110000,422.3236586670877,8
2024-09-20 09:47:12.175000,422.3551063257881,15
2024-09-20 09:47:12.185000,422.3579328636593,1001
2024-09-20 09:47:12.230000,422.3560856318894,7
2024-09-20 09:47:12.239000,422.37568190707424,12
2024-09-20 09:47:12.246000,422.3611471513605,13
2024-09-20 09:47:12.307000,422.3390812415742,11
2024-09-20 09:47:12.377000,422.34806590254414,995
2024-09-20 09:47:12.432000,422.3608394558426,11
2024-09-20 09:47:12.465000,422.3311701657267,102
2024-09-20 09:47:12.498000,422.3300333759301,103
2024-09-20 09:47:12.501000,422.3344641051122,999
2024-09-20 09:47:12.537000,422.321539266361,7
2024-09-20 09:47:12.598000,422.342507791099,1000
2024-09-20 09:47:12.804000,422.3875320564935,97
2024-09-20 09:47:12.810000,422.35651669827627,101
2024-09-20 09:47:12.841000,422.35845966858216,95
2024-09-20 09:47:12.853000,422.3302231044646,1004
2024-09-20 09:47:12.921000,422.3388500990511,1002
2024-09-20 09:47:12.925000,422.370216751012,11
2024-09-20 09:47:12.947000,422.3557031962651,13
2024-09-20 09:47:12.974000,422.3372559238167,1001
2024-09-20 09:47:12.978000,422.38980439765663,104
2024-09-20 09:47:12.988000,422.3237276922672,104
2024-09-20 09:47:12.993000,422.36236337702775,1004
2024-09-20 09:47:12.996000,422.3228855303028,100
2024-09-20 09:47:13.088000,422.4188799862899,105
2024-09-20 09:47:13.102000,422.3580867226537,10
2024-09-20 09:47:13.111000,422.3723675876005,9
2024-09-20 09:47:13.122000,422.3933967547261,1000
2024-09-20 09:47:13.144000,422.4215615796249,996
2024-09-20 09:47:13.222000,422.41740167404976,1002
2024-09-20 09:47:13.233000,422.4344483471743,999
2024-09-20 09:47:13.272000,422.4231721652448,15
2024-09-20 09:47:13.304000,422.38207258588943,6
2024-09-20 09:47:13.371000,422.3791788863942,998
2024-09-20 09:47:13.373000,422.3491913333813,102
2024-09-20 09:47:13.384000,422.4101428207293,1005
2024-09-20 09:47:13.412000,422.3613045472287,104
2024-09-20 09:47:13.420000,422.4330152803609,1005
2024-09-20 09:47:13.434000,422.4009569328377,13
2024-09-20 09:47:13.446000,422.42104470534366,1002
2024-09-20 09:47:13.458000,422.4231301042103,97
2024-09-20 09:47:13.487000,422.378548927527,1003
2024-09-20 09:47:13.496000,422.4299873737668,96
2024-09-20 09:47:13.544000,422.37289245852537,1000
2024-09-20 09:47:13.639000,422.3951705429307,1003
2024-09-20 09:47:13.748000,422.3991803975642,6
2024-09-20 09:47:13.771000,422.357833192309,99
2024-09-20 09:47:13.785000,422.36439206214425,100
2024-09-20 09:47:13.810000,422.38546870241305,995
2024-09-20 09:47:13.978000,422.38187190262886,12
2024-09-20 09:47:13.979000,422.4190227959255,1002
2024-09-20 09:47:14.108000,422.3593998274972,1002
2024-09-20 09:47:14.158000,422.3540158369034,1003
2024-09-20 09:47:14.173000,422.42442461441095,95
2024-09-20 09:47:14.278000,422.41604358941,102
2024-09-20 09:47:14.311000,422.3671211591647,104
2024-09-20 09:47:14.427000,422.3542040658577,1004
2024-09-20 09:47:14.528000,422.3757075684731,7
2024-09-20 09:47:14.652000,422.3744795217249,97
2024-09-20 09:47:14.792000,422.3544324390248,999
2024-09-20 09:47:14.800000,422.4279955478472,97
2024-09-20 09:47:14.804000,422.4243749683174,11
2024-09-20 09:47:14.813000,422.3705731305359,14
2024-09-20 09:47:14.814000,422.3639894336394,999
2024-09-20 09:47:14.882000,422.3698981266424,100
2024-09-20 09:47:14.900000,422.4163327571466,101
2024-09-20 09:47:14.958000,422.3628690318293,12
2024-09-20 09:47:15.030000,422.471750382883,7
2024-09-20 09:47:15.114000,422.45036395622304,102
2024-09-20 09:47:15.199000,422.4512676819329,97
2024-09-20 09:47:15.229000,422.45919978300674,104
2024-09-20 09:47:15.341000,422.374104415341,104
2024-09-20 09:47:15.458000,422.4025610115417,9
2024-09-20 09:47:15.575000,422.42069844233936,996
2024-09-20 09:47:15.613000,422.38038363712025,95
2024-09-20 09:47:15.699000,422.469308576326,9
2024-09-20 09:47:15.703000,422.4116289259345,1003
2024-09-20 09:47:15.752000,422.4596461815166,1002
2024-09-20 09:47:15.845000,422.3540046595934,103
2024-09-20 09:47:15.849000,422.36500644352617,12
2024-09-20 09:47:15.914000,422.3804103003016,6
2024-09-20 09:47:15.969000,422.4569826233918,998
2024-09-20 09:47:16.061000,422.5793610911855,996
2024-09-20 09:47:16.263000,422.54816409074914,1005
2024-09-20 09:47:16.264000,422.5516037535184,1003
2024-09-20 09:47:16.324000,422.47111088709096,99
2024-09-20 09:47:16.339000,422.5633488350669,105
2024-09-20 09:47:16.346000,422.5427234110253,103
2024-09-20 09:47:16.385000,422.4802618931776,1002
2024-09-20 09:47:16.385000,422.48356153392336,999
2024-09-20 09:47:16.389000,422.5348664638515,103
2024-09-20 09:47:16.407000,422.54434760708574,12
2024-09-20 09:47:16.519000,422.4856518419369,8
2024-09-20 09:47:16.552000,422.4700111663613,998
2024-09-20 09:47:16.628000,422.5700058397413,95
2024-09-20 09:47:16.638000,422.53786522204257,99
2024-09-20 09:47:16.708000,422.5160429793521,95
2024-09-20 09:47:16.753000,422.47448629213136,9
2024-09-20 09:47:16.805000,422.5128146450321,95
2024-09-20 09:47:16.865000,422.48927328439447,995
2024-09-20 09:47:16.869000,422.5424257491029,7
2024-09-20 09:47:16.891000,422.4897711007686,10
2024-09-20 09:47:16.909000,422.529018927292,1004
2024-09-20 09:47:17.052000,422.6134786451241,5
2024-09-20 09:47:17.114000,422.6280759020159,102
2024-09-20 09:47:17.117000,422.6073130658911,101
2024-09-20 09:47:17.184000,422.5930148150112,1004
2024-09-20 09:47:17.207000,422.637730480881,1003
2024-09-20 09:47:17.241000,422.6095472835405,996
2024-09-20 09:47:17.308000,422.58822213108994,8
2024-09-20 09:47:17.554000,422.6180378267675,5
2024-09-20 09:47:17.649000,422.5938842728166,6
2024-09-20 09:47:17.686000,422.59498126204,100
2024-09-20 09:47:17.688000,422.6213926741156,1005
2024-09-20 09:47:17.724000,422.63319244771617,98
2024-09-20 09:47:17.882000,422.5698202637536,9
2024-09-20 09:47:17.892000,422.63992266280746,5
2024-09-20 09:47:17.992000,422.6320188465345,1002
2024-09-20 09:47:18.632000,422.613171936968,13
2024-09-20 09:47:18.639000,422.60954946687735,98
2024-09-20 09:47:18.654000,422.602757414758,104
2024-09-20 09:47:18.656000,422.585559677883,1000
2024-09-20 09:47:18.697000,422.6019330013443,104
2024-09-20 09:47:18.811000,422.59529108512817,6
2024-09-20 09:47:18.837000,422.5841459992797,13
2024-09-20 09:47:18.840000,422.60513720076494,1004
2024-09-20 09:47:18.856000,422.5818092989136,101
2024-09-20 09:47:18.946000,422.608370764046,95
2024-09-20 09:47:18.947000,422.5863590661515,103
2024-09-20 09:47:19.120000,422.6353769073174,13
2024-09-20 09:47:19.580000,422.62840631195263,1003
2024-09-20 09:47:19.879000,422.6048605494598,7
2024-09-20 09:47:20.443000,422.5948454777928,105
2024-09-20 09:47:20.465000,422.58867345912137,14
2024-09-20 09:47:20.565000,422.60225052645234,1002
2024-09-20 09:47:20.575000,422.6273873561009,6
2024-09-20 09:47:20.607000,422.5863459361301,1003
2024-09-20 09:47:20.619000,422.60353126895245,998
2024-09-20 09:47:20.671000,422.57741579926295,14
2024-09-20 09:47:20.935000,422.613492589773,15
2024-09-20 09:47:21.051000,422.5574232513714,97
2024-09-20 09:47:21.059000,422.5824379429856,100
2024-09-20 09:47:21.286000,422.55323408028977,105
2024-09-20 09:47:21.374000,422.5601614258286,12
2024-09-20 09:47:21.491000,422.558990742056,1003
2024-09-20 09:47:21.525000,422.5607862468756,13
2024-09-20 09:47:21.546000,422.5843413200013,97
2024-09-20 09:47:21.556000,422.5787054959212,11
2024-09-20 09:47:21.589000,422.5921621932918,996
2024-09-20 09:47:21.680000,422.5689064985619,101
2024-09-20 09:47:21.841000,422.5866249409787,99
2024-09-20 09:47:21.856000,422.5756719067098,99
2024-09-20 09:47:21.865000,422.5655614659232,103
2024-09-20 09:47:21.870000,422.5637514547393,997
2024-09-20 09:47:21.977000,422.5678725048104,1002
2024-09-20 09:47:22.015000,422.5500751419953,15
2024-09-20 09:47:22.098000,422.5459479871274,995
2024-09-20 09:47:22.126000,422.52847445265553,1000
2024-09-20 09:47:22.140000,422.52585936425305,97
2024-09-20 09:47:22.304000,422.53387495440535,105
2024-09-20 09:47:22.351000,422.5338437496519,10
2024-09-20 09:47:22.425000,422.5190510216662,999
2024-09-20 09:47:22.543000,422.5373806080216,13
2024-09-20 09:47:22.573000,422.5488375323287,996
2024-09-20 09:47:22.597000,422.5458691219882,1000
2024-09-20 09:47:22.612000,422.5450199917135,100
2024-09-20 09:47:22.684000,422.5531123966349,1005
2024-09-20 09:47:22.725000,422.5413695958435,15
2024-09-20 09:47:22.799000,422.5074797136065,6
2024-09-20 09:47:22.812000,422.5350026140271,1000
2024-09-20 09:47:22.852000,422.5249439238184,1005
2024-09-20 09:47:22.895000,422.5407727182121,999
2024-09-20 09:47:23.191000,422.5106500373483,15
2024-09-20 09:47:23.236000,422.5501050041944,996
2024-09-20 09:47:23.328000,422.5620131379951,998
2024-09-20 09:47:23.451000,422.5377040883992,96
2024-09-20 09:47:23.478000,422.5473356411528,997
2024-09-20 09:47:24.015000,422.52946720771325,995
2024-09-20 09:47:24.020000,422.4893250029765,5
2024-09-20 09:47:24.031000,422.51495248078487,995
2024-09-20 09:47:24.037000,422.5262289120503,98
2024-09-20 09:47:24.150000,422.52022526467033,1003
2024-09-20 09:47:24.215000,422.5192597843149,103
2024-09-20 09:47:24.258000,422.5185926065348,12
2024-09-20 09:47:24.260000,422.5040964841416,101
2024-09-20 09:47:24.264000,422.5331725038087,101
2024-09-20 09:47:24.301000,422.5181484801173,99
2024-09-20 09:47:24.307000,422.5205102850185,102
2024-09-20 09:47:24.522000,422.51854758017777,1004
2024-09-20 09:47:24.556000,422.5236545771062,99
2024-09-20 09:47:24.575000,422.52194612899945,1004
2024-09-20 09:47:24.644000,422.5209326306804,12
2024-09-20 09:47:24.668000,422.5293911676857,100
2024-09-20 09:47:24.850000,422.5032267621873,995
2024-09-20 09:47:25.154000,422.5081800881763,96
2024-09-20 09:47:25.177000,422.4733363724189,96
2024-09-20 09:47:25.187000,422.4918436095862,96
2024-09-20 09:47:25.240000,422.5059369029423,1005
2024-09-20 09:47:25.362000,422.4617414973095,101
2024-09-20 09:47:25.433000,422.4910559740125,97
2024-09-20 09:47:25.552000,422.493249317372,12
2024-09-20 09:47:25.645000,422.500420349176,995
2024-09-20 09:47:25.657000,422.4756222616284,10
2024-09-20 09:47:25.941000,422.507133313997,7
2024-09-20 09:47:26.008000,422.4823759886724,995
2024-09-20 09:47:26.041000,422.510993024173,15
2024-09-20 09:47:26.042000,422.48280768653126,99
2024-09-20 09:47:26.096000,422.5059765706628,98
2024-09-20 09:47:26.174000,422.4919504879669,101
2024-09-20 09:47:26.178000,422.4385397823294,995
2024-09-20 09:47:26.194000,422.50104969866135,98
2024-09-20 09:47:26.300000,422.39508022321775,997
2024-09-20 09:47:26.403000,422.4901158569453,1001
2024-09-20 09:47:26.416000,422.4662947518444,8
2024-09-20 09:47:26.426000,422.4841179920393,995
2024-09-20 09:47:26.503000,422.4552637304456,6
2024-09-20 09:47:26.582000,422.5038257097308,105
2024-09-20 09:47:26.606000,422.4959560748841,6
2024-09-20 09:47:26.621000,422.3754379915674,1004
2024-09-20 09:47:26.657000,422.5075066162969,9
2024-09-20 09:47:26.699000,422.436657924349,996
2024-09-20 09:47:26.705000,422.4887965769488,995
2024-09-20 09:47:26.767000,422.4130776667162,1000
2024-09-20 09:47:26.836000,422.4804797357123,102
2024-09-20 09:47:26.840000,422.4399313172295,7
2024-09-20 09:47:26.886000,422.4215638404981,103
2024-09-20 09:47:26.913000,422.4762242974567,8
2024-09-20 09:47:26.931000,422.4224388429468,14
2024-09-20 09:47:26.952000,422.5013262442049,15
2024-09-20 09:47:27.402000,422.36110509600087,7
2024-09-20 09:47:27.700000,422.3691235435812,95
2024-09-20 09:47:27.990000,422.3708681220459,97
2024-09-20 09:47:28.073000,422.30727005072623,98
2024-09-20 09:47:28.089000,422.33416444983214,8
2024-09-20 09:47:28.145000,422.3681784598589,95
2024-09-20 09:47:28.148000,422.30988855077743,103
2024-09-20 09:47:28.149000,422.3981701957569,96
2024-09-20 09:47:28.243000,422.3196352296172,1005
2024-09-20 09:47:28.292000,422.3714042626532,1005
2024-09-20 09:47:28.320000,422.3138254918342,1002
2024-09-20 09:47:28.479000,422.3589298532622,9
2024-09-20 09:47:28.546000,422.3576617184112,6
2024-09-20 09:47:28.547000,422.33707492731367,12
2024-09-20 09:47:28.554000,422.35631080984126,5
2024-09-20 09:47:28.570000,422.34564344019,9
2024-09-20 09:47:28.593000,422.3531530295689,96
2024-09-20 09:47:28.593000,422.35755306432014,999
2024-09-20 09:47:28.633000,422.391367313756,9
2024-09-20 09:47:28.654000,422.342168466024,12
2024-09-20 09:47:28.675000,422.37892285903854,996
2024-09-20 09:47:28.680000,422.3700579294289,95
2024-09-20 09:47:28.715000,422.37539933825707,101
2024-09-20 09:47:28.732000,422.3106351580631,998
2024-09-20 09:47:28.782000,422.3328191752077,95
2024-09-20 09:47:28.810000,422.3984427764607,11
2024-09-20 09:47:28.816000,422.35036063214784,10
2024-09-20 09:47:28.829000,422.3724964155262,6
2024-09-20 09:47:28.864000,422.3592888287353,15
2024-09-20 09:47:28.934000,422.3587172649838,12
2024-09-20 09:47:28.934000,422.3081672399906,103
2024-09-20 09:47:28.979000,422.3672912739266,1005
2024-09-20 09:47:29.052000,422.3530845803479,5
2024-09-20 09:47:29.114000,422.35369292144594,1001
2024-09-20 09:47:29.249000,422.3000962798647,996
2024-09-20 09:47:29.263000,422.297274627,5
2024-09-20 09:47:29.327000,422.3148437231815,97
2024-09-20 09:47:29.352000,422.3023412930088,10
2024-09-20 09:47:29.372000,422.3220056600786,103
2024-09-20 09:47:29.405000,422.3233289320502,8
2024-09-20 09:47:29.468000,422.3007906317373,15
2024-09-20 09:47:29.486000,422.3069329802846,1004
2024-09-20 09:47:29.491000,422.3257701558019,105
2024-09-20 09:47:29.529000,422.32485600153245,995
2024-09-20 09:47:29.535000,422.33193656717776,104
2024-09-20 09:47:29.544000,422.3325689642012,6
2024-09-20 09:47:29.630000,422.3310995207042,1005
2024-09-20 09:47:29.650000,422.306854940702,104
2024-09-20 09:47:29.718000,422.31943810696265,995
2024-09-20 09:47:29.730000,422.3207571672761,103
2024-09-20 09:47:29.852000,422.3084480313391,1003
2024-09-20 09:47:29.963000,422.33711612628633,100
2024-09-20 09:47:30.038000,422.4173493959318,8
2024-09-20 09:47:30.134000,422.4043991131028,6
2024-09-20 09:47:30.253000,422.3986051068653,999
2024-09-20 09:47:30.253000,422.3128927571282,12
2024-09-20 09:47:30.294000,422.3909796645959,102
2024-09-20 09:47:30.325000,422.3502403256245,995
2024-09-20 09:47:30.395000,422.4230107716778,995
2024-09-20 09:47:30.418000,422.3355723526698,11
2024-09-20 09:47:30.452000,422.4010530579477,13
2024-09-20 09:47:30.468000,422.3846838496301,999
2024-09-20 09:47:30.492000,422.3147227407391,102
2024-09-20 09:47:30.562000,422.32037031310495,999
2024-09-20 09:47:30.635000,422.3966721991646,97
2024-09-20 09:47:30.695000,422.3946265134074,996
2024-09-20 09:47:30.851000,422.41896092135727,99
2024-09-20 09:47:30.853000,422.3263464433621,95
2024-09-20 09:47:30.958000,422.4254009030908,997
2024-09-20 09:47:31.041000,422.46947968930914,1005
2024-09-20 09:47:31.121000,422.4053102719605,98
2024-09-20 09:47:31.148000,422.4011737613515,9
2024-09-20 09:47:31.149000,422.5279131017102,997
2024-09-20 09:47:31.311000,422.4511333221464,996
2024-09-20 09:47:31.397000,422.4332407409523,7
2024-09-20 09:47:31.463000,422.4355085505457,998
2024-09-20 09:47:31.468000,422.4725789349717,996
2024-09-20 09:47:31.626000,422.3999185612416,999
2024-09-20 09:47:31.740000,422.4135705841188,15
2024-09-20 09:47:31.787000,422.4240457410667,97
2024-09-20 09:47:31.787000,422.4608128480367,15
2024-09-20 09:47:31.799000,422.4599578738633,6
2024-09-20 09:47:31.853000,422.5066727788246,996
2024-09-20 09:47:31.986000,422.5086248446977,102
2024-09-20 09:47:32.013000,422.60413157636486,995
2024-09-20 09:47:32.067000,422.5268586532248,11
2024-09-20 09:47:32.085000,422.54790309563367,6
2024-09-20 09:47:32.181000,422.5682157307929,15
2024-09-20 09:47:32.274000,422.590629177976,11
2024-09-20 09:47:32.300000,422.6322166676521,101
2024-09-20 09:47:32.332000,422.6175218088893,5
2024-09-20 09:47:32.334000,422.52540843911214,1000
2024-09-20 09:47:32.402000,422.5247559546097,13
2024-09-20 09:47:32.448000,422.579741847444,12
2024-09-20 09:47:32.501000,422.5679282612828,14
2024-09-20 09:47:32.539000,422.5347066759904,105
2024-09-20 09:47:32.560000,422.5877232111569,102
2024-09-20 09:47:32.636000,422.57060785129465,9
2024-09-20 09:47:32.651000,422.60161536129385,11
2024-09-20 09:47:32.653000,422.5967881482776,5
2024-09-20 09:47:32.654000,422.6035167589351,9
2024-09-20 09:47:32.711000,422.51501441206585,1000
2024-09-20 09:47:32.717000,422.5964814664066,7
2024-09-20 09:47:32.724000,422.6147353258868,5
2024-09-20 09:47:32.833000,422.5662676914488,1001
2024-09-20 09:47:32.875000,422.6324595022509,10
2024-09-20 09:47:32.876000,422.6156966382947,1004
2024-09-20 09:47:32.913000,422.6072178805071,1003
2024-09-20 09:47:33.021000,422.6505250120253,95
2024-09-20 09:47:33.052000,422.6184097045836,7
2024-09-20 09:47:33.233000,422.619275152032,1001
2024-09-20 09:47:33.319000,422.6098913410182,1001
2024-09-20 09:47:33.324000,422.6227455409749,95
2024-09-20 09:47:33.418000,422.6211749375747,14
2024-09-20 09:47:33.455000,422.635884692748,6
2024-09-20 09:47:33.484000,422.6206568005277,999
2024-09-20 09:47:33.517000,422.6272174630064,96
2024-09-20 09:47:33.584000,422.6099212685312,5
2024-09-20 09:47:33.703000,422.6449494283034,103
2024-09-20 09:47:33.790000,422.6249425456384,995
2024-09-20 09:47:33.886000,422.6220925087608,7
2024-09-20 09:47:33.901000,422.61557748755314,1002
2024-09-20 09:47:33.941000,422.63529596866135,101
2024-09-20 09:47:33.964000,422.6220515537941,95
2024-09-20 09:47:33.984000,422.6226391832043,15
2024-09-20 09:47:34.041000,422.6174755097151,5
2024-09-20 09:47:34.135000,422.6343896407288,7
2024-09-20 09:47:34.162000,422.6054590433572,1004
2024-09-20 09:47:34.251000,422.6006411546476,997
2024-09-20 09:47:34.295000,422.6161664832653,104
2024-09-20 09:47:34.325000,422.668925667406,14
2024-09-20 09:47:34.459000,422.61163611972216,96
2024-09-20 09:47:34.556000,422.61422865870907,99
2024-09-20 09:47:34.647000,422.6769388201242,8
2024-09-20 09:47:34.701000,422.66418548252335,101
2024-09-20 09:47:34.709000,422.6499137001529,95
2024-09-20 09:47:34.915000,422.6026162349408,995
2024-09-20 09:47:34.934000,422.6818162253057,105
2024-09-20 09:47:34.941000,422.6199934076018,1004
2024-09-20 09:47:34.955000,422.647662225072,1003
2024-09-20 09:47:35.219000,422.6074131976668,995
2024-09-20 09:47:35.307000,422.5841663942766,8
2024-09-20 09:47:35.364000,422.6109451804349,95
2024-09-20 09:47:35.426000,422.59556428845497,996
2024-09-20 09:47:35.432000,422.6121281969839,101
2024-09-20 09:47:35.469000,422.6006777768835,98
2024-09-20 09:47:35.507000,422.5696565126792,96
2024-09-20 09:47:35.559000,422.5854255472753,101
2024-09-20 09:47:35.562000,422.5938915378184,1004
2024-09-20 09:47:35.620000,422.5961881631172,15
2024-09-20 09:47:35.638000,422.6116039814602,15
2024-09-20 09:47:35.691000,422.5819132363178,95
2024-09-20 09:47:35.704000,422.58001007859167,5
2024-09-20 09:47:35.758000,422.610968398403,995
2024-09-20 09:47:35.762000,422.6184608680766,1000
2024-09-20 09:47:35.779000,422.6231477067895,8
2024-09-20 09:47:35.785000,422.6265241907557,5
2024-09-20 09:47:35.859000,422.6157181900854,15
2024-09-20 09:47:35.945000,422.6159846042455,6
2024-09-20 09:47:35.949000,422.6261823963178,999
2024-09-20 09:47:35.967000,422.59779178275727,996
2024-09-20 09:47:36.029000,422.6100751262722,9
2024-09-20 09:47:36.125000,422.6025637480688,1004
2024-09-20 09:47:36.141000,422.58490438397024,12
2024-09-20 09:47:36.164000,422.5723442942858,97
2024-09-20 09:47:36.217000,422.5741471619376,8
2024-09-20 09:47:36.230000,422.56840249958617,1000
2024-09-20 09:47:36.270000,422.5879000989395,998
2024-09-20 09:47:36.299000,422.5763749452736,997
2024-09-20 09:47:36.364000,422.5941474869331,104
2024-09-20 09:47:36.413000,422.6142157695684,1005
2024-09-20 09:47:36.416000,422.5932958404412,997
2024-09-20 09:47:36.486000,422.6210060396756,15
2024-09-20 09:47:36.495000,422.6148211068062,104
2024-09-20 09:47:36.514000,422.6191372602259,97
2024-09-20 09:47:36.523000,422.5979785161556,999
2024-09-20 09:47:36.543000,422.5526418690729,99
2024-09-20 09:47:36.691000,422.5924471594757,1004
2024-09-20 09:47:36.711000,422.55492553716766,5
2024-09-20 09:47:36.711000,422.5804600520187,1001
2024-09-20 09:47:36.717000,422.5972279831834,96
2024-09-20 09:47:36.754000,422.599134927106,1004
2024-09-20 09:47:36.770000,422.5708734538676,101
2024-09-20 09:47:36.776000,422.5602263073118,104
2024-09-20 09:47:36.942000,422.6167359351461,999
2024-09-20 09:47:36.984000,422.60001695561726,1003
2024-09-20 09:47:37.035000,422.5699095315852,1004
2024-09-20 09:47:37.072000,422.580661778716,6
2024-09-20 09:47:37.123000,422.5690048939016,11
2024-09-20 09:47:37.140000,422.5803206264172,15
2024-09-20 09:47:37.142000,422.5740996379731,104
2024-09-20 09:47:37.161000,422.5612160913133,15
2024-09-20 09:47:37.218000,422.6012508908563,15
2024-09-20 09:47:37.220000,422.5611205624424,10
2024-09-20 09:47:37.249000,422.58015824379856,10
2024-09-20 09:47:37.330000,422.58512493621095,1000
2024-09-20 09:47:37.407000,422.59608312740943,998
2024-09-20 09:47:37.413000,422.6274555643972,10
2024-09-20 09:47:37.463000,422.5694200065121,1001
2024-09-20 09:47:37.486000,422.5983024173232,1003
2024-09-20 09:47:37.512000,422.58052362817926,13
2024-09-20 09:47:37.540000,422.58383053468594,9
2024-09-20 09:47:37.627000,422.5932722145887,96
2024-09-20 09:47:37.701000,422.5861615407477,7
2024-09-20 09:47:37.803000,422.59933186439486,6
2024-09-20 09:47:37.834000,422.5731131867904,998
2024-09-20 09:47:37.872000,422.5772137371299,5
2024-09-20 09:47:37.911000,422.581225852476,1005
2024-09-20 09:47:37.936000,422.578924483388,5
2024-09-20 09:47:38.012000,422.58743282045407,1000
2024-09-20 09:47:38.026000,422.5569877698839,1002
2024-09-20 09:47:38.183000,422.5543331215638,14
2024-09-20 09:47:38.203000,422.5479551100812,7
2024-09-20 09:47:38.266000,422.5827554946155,10
2024-09-20 09:47:38.327000,422.5629456190055,1005
2024-09-20 09:47:38.394000,422.5849479126821,95
2024-09-20 09:47:38.417000,422.57772467378106,102
2024-09-20 09:47:38.448000,422.5691873576101,1005
2024-09-20 09:47:38.490000,422.5533841462315,998
2024-09-20 09:47:38.501000,422.5532717047725,1004
2024-09-20 09:47:38.547000,422.5856064892761,102
2024-09-20 09:47:38.665000,422.5673540474661,6
2024-09-20 09:47:38.689000,422.5822363486202,95
2024-09-20 09:47:38.725000,422.539876102602,996
2024-09-20 09:47:38.748000,422.5537767629564,1002
2024-09-20 09:47:38.776000,422.5727661206878,103
2024-09-20 09:47:38.776000,422.5469180596257,99
2024-09-20 09:47:38.797000,422.5621999693688,105
2024-09-20 09:47:38.798000,422.5913788329042,1005
2024-09-20 09:47:38.799000,422.51661277386086,15
2024-09-20 09:47:38.823000,422.5339224017376,999
2024-09-20 09:47:38.832000,422.5851335014275,95
2024-09-20 09:47:38.864000,422.5681687563306,98
2024-09-20 09:47:38.934000,422.5561627496288,96
2024-09-20 09:47:38.946000,422.5532169311855,996
2024-09-20 09:47:38.970000,422.57077212568805,100
2024-09-20 09:47:39.087000,422.5735544247599,101
2024-09-20 09:47:39.104000,422.5775848192847,95
2024-09-20 09:47:39.108000,422.5608528047512,999
2024-09-20 09:47:39.132000,422.4543743483959,103
2024-09-20 09:47:39.177000,422.5608048095395,102
2024-09-20 09:47:39.222000,422.45835701635,14
2024-09-20 09:47:39.317000,422.4910905967178,10
2024-09-20 09:47:39.343000,422.46348809129785,14
2024-09-20 09:47:39.375000,422.4822776443347,102
2024-09-20 09:47:39.455000,422.46904403439066,997
2024-09-20 09:47:39.482000,422.5548191771283,6
2024-09-20 09:47:39.505000,422.5572283526392,95
2024-09-20 09:47:39.507000,422.5336379014391,95
2024-09-20 09:47:39.513000,422.5386666270938,999
2024-09-20 09:47:39.595000,422.5577026285735,98
2024-09-20 09:47:39.703000,422.4620774623364,95
2024-09-20 09:47:39.728000,422.5608258940609,100
2024-09-20 09:47:39.813000,422.5690277242737,996
2024-09-20 09:47:39.820000,422.5156840304709,12
2024-09-20 09:47:39.857000,422.5875607041287,6
2024-09-20 09:47:40.057000,422.4789913071703,6
2024-09-20 09:47:40.061000,422.4214839254551,95
2024-09-20 09:47:40.070000,422.4418446243631,1001
2024-09-20 09:47:40.073000,422.4418046400964,999
2024-09-20 09:47:40.084000,422.4800999884741,995
2024-09-20 09:47:40.156000,422.4294114011335,998
2024-09-20 09:47:40.206000,422.4762264385385,1001
2024-09-20 09:47:40.208000,422.4403660978982,101
2024-09-20 09:47:40.245000,422.39827630503714,9
2024-09-20 09:47:40.296000,422.4477294833137,9
2024-09-20 09:47:40.314000,422.4518156081253,13
2024-09-20 09:47:40.320000,422.4466096550689,7
2024-09-20 09:47:40.367000,422.4538976017398,1000
2024-09-20 09:47:40.376000,422.42854862418847,13
2024-09-20 09:47:40.384000,422.36641704066784,98
2024-09-20 09:47:40.384000,422.4593110658184,15
2024-09-20 09:47:40.497000,422.439371430523,100
2024-09-20 09:47:40.505000,422.4122049526956,996
2024-09-20 09:47:40.541000,422.4318728290013,95
2024-09-20 09:47:40.592000,422.4527928683997,996
2024-09-20 09:47:40.640000,422.4291675213918,100
2024-09-20 09:47:40.653000,422.4455806215324,15
2024-09-20 09:47:40.674000,422.4428008729225,998
2024-09-20 09:47:40.814000,422.4385342555033,99
2024-09-20 09:47:40.832000,422.438672789968,11
2024-09-20 09:47:40.838000,422.46142948723866,98
2024-09-20 09:47:40.905000,422.390876094576,5
2024-09-20 09:47:40.915000,422.37368634955794,14
2024-09-20 09:47:40.998000,422.4487400896357,995
2024-09-20 09:47:41.122000,422.423637629467,997
2024-09-20 09:47:41.142000,422.43664318968814,97
2024-09-20 09:47:41.187000,422.4519733461716,8
2024-09-20 09:47:41.226000,422.4467213024752,1004
2024-09-20 09:47:41.235000,422.44104873755606,101
2024-09-20 09:47:41.268000,422.4631395566112,996
2024-09-20 09:47:41.270000,422.4218849031607,100
2024-09-20 09:47:41.295000,422.4563761135417,1003
2024-09-20 09:47:41.296000,422.4258616626803,998
2024-09-20 09:47:41.302000,422.4526807627877,1004
2024-09-20 09:47:41.306000,422.4455903378942,9
2024-09-20 09:47:41.319000,422.4512468398572,1004
2024-09-20 09:47:41.322000,422.4728765124724,1003
2024-09-20 09:47:41.337000,422.447571888264,98
2024-09-20 09:47:41.351000,422.44032308843737,11
2024-09-20 09:47:41.360000,422.4398674792234,98
2024-09-20 09:47:41.361000,422.4717838787447,5
2024-09-20 09:47:41.427000,422.4609288701134,13
2024-09-20 09:47:41.444000,422.46011592892086,997
2024-09-20 09:47:41.551000,422.46479037128506,10
2024-09-20 09:47:41.591000,422.4464600552265,102
2024-09-20 09:47:41.619000,422.4601331461783,5
2024-09-20 09:47:41.687000,422.4330350377576,97
2024-09-20 09:47:41.804000,422.4706852799666,1005
2024-09-20 09:47:41.813000,422.4682785398097,105
2024-09-20 09:47:41.863000,422.4637079729502,102
2024-09-20 09:47:41.936000,422.4390371209892,9
2024-09-20 09:47:41.968000,422.4453634813746,98
2024-09-20 09:47:41.984000,422.46210208469216,5
2024-09-20 09:47:42.007000,422.36810270916897,97
2024-09-20 09:47:42.043000,422.4411338772081,995
2024-09-20 09:47:42.111000,422.3797219862775,1004
2024-09-20 09:47:42.130000,422.42427698230335,996
2024-09-20 09:47:42.139000,422.3515019916648,998
2024-09-20 09:47:42.159000,422.3792547008948,11
2024-09-20 09:47:42.234000,422.39259741813953,1000
2024-09-20 09:47:42.279000,422.4128297502919,1001
2024-09-20 09:47:42.315000,422.35776223237895,1004
2024-09-20 09:47:42.371000,422.359742356812,5
2024-09-20 09:47:42.460000,422.4171159237735,104
2024-09-20 09:47:42.566000,422.3812208541152,1005
2024-09-20 09:47:42.598000,422.4275669935452,7
2024-09-20 09:47:42.746000,422.4236668193094,1003
2024-09-20 09:47:42.790000,422.37392896533584,6
2024-09-20 09:47:42.797000,422.43519708956217,15
2024-09-20 09:47:42.822000,422.37860452527633,5
2024-09-20 09:47:42.885000,422.38401569847895,98
2024-09-20 09:47:42.904000,422.4277883111754,98
2024-09-20 09:47:42.913000,422.35760843597234,1002
2024-09-20 09:47:43.007000,422.4075827270283,13
2024-09-20 09:47:43.022000,422.3997504225412,103
2024-09-20 09:47:43.040000,422.4133130594042,15
2024-09-20 09:47:43.092000,422.3995285751649,100
2024-09-20 09:47:43.128000,422.3898321262493,1004
2024-09-20 09:47:43.167000,422.4012278459406,13
2024-09-20 09:47:43.236000,422.3977699990095,10
2024-09-20 09:47:43.291000,422.3976819792727,999
2024-09-20 09:47:43.323000,422.42404711350326,1003
2024-09-20 09:47:43.325000,422.3795682419741,12
2024-09-20 09:47:43.331000,422.4107426297767,10
2024-09-20 09:47:43.342000,422.3975707490465,1005
2024-09-20 09:47:43.376000,422.414314156657,101
2024-09-20 09:47:43.463000,422.38777753058986,10
2024-09-20 09:47:43.489000,422.391474724309,96
2024-09-20 09:47:43.533000,422.42421610423776,101
2024-09-20 09:47:43.590000,422.3988374676421,999
2024-09-20 09:47:43.591000,422.3816495818679,5
2024-09-20 09:47:43.673000,422.3775758989668,96
2024-09-20 09:47:43.687000,422.4038090690543,8
2024-09-20 09:47:43.822000,422.3898863110695,15
2024-09-20 09:47:43.828000,422.3917155339262,105
2024-09-20 09:47:43.834000,422.4025668931536,95
2024-09-20 09:47:43.872000,422.385057310795,95
2024-09-20 09:47:43.911000,422.38696986722783,8
2024-09-20 09:47:43.937000,422.43094168714026,12
2024-09-20 09:47:43.945000,422.40863183577176,102
2024-09-20 09:47:43.946000,422.40725492134624,7
2024-09-20 09:47:43.997000,422.38171906460616,997
2024-09-20 09:47:44.041000,422.37820134802206,98
2024-09-20 09:47:44.052000,422.3820713149408,7
2024-09-20 09:47:44.104000,422.3539376751684,1005
2024-09-20 09:47:44.107000,422.3655298604597,105
2024-09-20 09:47:44.130000,422.3894437297926,102
2024-09-20 09:47:44.160000,422.3861026492279,9
2024-09-20 09:47:44.198000,422.3532526568382,99
2024-09-20 09:47:44.312000,422.3817803888316,105
2024-09-20 09:47:44.357000,422.3417977774832,998
2024-09-20 09:47:44.399000,422.38241116264754,98
2024-09-20 09:47:44.445000,422.3866702348576,1001
2024-09-20 09:47:44.458000,422.3899969215141,10
2024-09-20 09:47:44.462000,422.4001526696646,13
2024-09-20 09:47:44.481000,422.3858883529576,105
2024-09-20 09:47:44.550000,422.4000796180159,102
2024-09-20 09:47:44.652000,422.3621130506083,97
2024-09-20 09:47:44.668000,422.3896604049464,6
2024-09-20 09:47:44.683000,422.385291863806,999
2024-09-20 09:47:44.746000,422.3588304552606,1000
2024-09-20 09:47:44.833000,422.36808656323865,102
2024-09-20 09:47:44.900000,422.34697878204,995
2024-09-20 09:47:44.947000,422.3924768721067,1005
2024-09-20 09:47:44.974000,422.38570142204895,12
2024-09-20 09:47:45.056000,422.3962924363791,98
2024-09-20 09:47:45.087000,422.3476314115889,10
2024-09-20 09:47:45.199000,422.3902066089617,100
2024-09-20 09:47:45.218000,422.38046466158886,1002
2024-09-20 09:47:45.311000,422.39394654166296,1004
2024-09-20 09:47:45.316000,422.38272667489366,15
2024-09-20 09:47:45.332000,422.3854151004359,6
2024-09-20 09:47:45.391000,422.3461720599615,9
2024-09-20 09:47:45.504000,422.3620717339271,6
2024-09-20 09:47:45.506000,422.3478504347912,98
2024-09-20 09:47:45.572000,422.3947230274002,95
2024-09-20 09:47:45.609000,422.3873752156151,1002
2024-09-20 09:47:45.679000,422.3757248965956,13
2024-09-20 09:47:45.738000,422.32663591860944,1003
2024-09-20 09:47:45.777000,422.35933309754296,104
2024-09-20 09:47:45.846000,422.3770541063328,1002
2024-09-20 09:47:45.937000,422.3648655055213,7
2024-09-20 09:47:45.947000,422.39192433761207,99
2024-09-20 09:47:46.158000,422.3334089536318,97
2024-09-20 09:47:46.170000,422.3179334912263,12
2024-09-20 09:47:46.311000,422.33306840715926,95
2024-09-20 09:47:46.314000,422.3546998003553,1003
2024-09-20 09:47:46.329000,422.3206089396095,6
2024-09-20 09:47:46.392000,422.3348018794562,99
2024-09-20 09:47:46.450000,422.3898059467284,11
2024-09-20 09:47:46.453000,422.3314398285464,97
2024-09-20 09:47:46.485000,422.36623510905537,1002
2024-09-20 09:47:46.499000,422.3267016773794,96
2024-09-20 09:47:46.521000,422.38419018855006,14
2024-09-20 09:47:46.553000,422.35589399313767,998
2024-09-20 09:47:46.573000,422.3548763008812,98
2024-09-20 09:47:46.574000,422.3380030458664,100
2024-09-20 09:47:46.577000,422.3729905023767,999
2024-09-20 09:47:46.592000,422.36856534736967,998
2024-09-20 09:47:46.597000,422.3773558063616,1003
2024-09-20 09:47:46.615000,422.3680669206335,97
2024-09-20 09:47:46.714000,422.3677715109719,101
2024-09-20 09:47:46.722000,422.3312909233848,1002
2024-09-20 09:47:46.737000,422.3216191186508,8
2024-09-20 09:47:46.748000,422.3452354969178,8
2024-09-20 09:47:46.923000,422.3336390466534,996
2024-09-20 09:47:46.930000,422.3716760529672,100
2024-09-20 09:47:46.994000,422.3305437318745,1002
2024-09-20 09:47:47.264000,422.3467903660589,995
2024-09-20 09:47:47.298000,422.3911833834704,1000
2024-09-20 09:47:47.354000,422.36173330689246,998
2024-09-20 09:47:47.579000,422.3639359774852,7
2024-09-20 09:47:47.613000,422.38781514293856,15
2024-09-20 09:47:47.617000,422.3971478528252,98
2024-09-20 09:47:47.668000,422.3916574724357,102
2024-09-20 09:47:47.764000,422.37849747122857,6
2024-09-20 09:47:48.250000,422.39060310507926,15
2024-09-20 09:47:49.259000,422.4117503676608,15
2024-09-20 09:47:49.268000,422.40685436148806,102
2024-09-20 09:47:49.383000,422.3653707269108,1001
2024-09-20 09:47:49.517000,422.37562120618105,1000
2024-09-20 09:47:50.106000,422.38531435974073,996
2024-09-20 09:47:50.115000,422.4279610820202,96
2024-09-20 09:47:50.138000,422.3761719349412,101
2024-09-20 09:47:50.139000,422.3958586446208,996
2024-09-20 09:47:50.171000,422.3776529861825,995
2024-09-20 09:47:50.172000,422.3930141002738,8
2024-09-20 09:47:50.189000,422.3761945914442,104
2024-09-20 09:47:50.225000,422.4111785031111,6
2024-09-20 09:47:50.297000,422.3871665024525,100
2024-09-20 09:47:50.324000,422.3936239300261,98
2024-09-20 09:47:50.355000,422.3907379789283,8
2024-09-20 09:47:50.406000,422.378861360788,104
2024-09-20 09:47:50.416000,422.40016763879305,1003
2024-09-20 09:47:50.443000,422.41298957912096,997
2024-09-20 09:47:50.478000,422.4178444975676,998
2024-09-20 09:47:50.506000,422.42192424659777,13
2024-09-20 09:47:50.527000,422.4202867877895,95
2024-09-20 09:47:50.663000,422.3772332257771,1004
2024-09-20 09:47:50.718000,422.3937954552822,1000
2024-09-20 09:47:50.732000,422.3949949533216,5
2024-09-20 09:47:50.733000,422.3810664442041,997
2024-09-20 09:47:50.793000,422.41623196812594,96
2024-09-20 09:47:50.850000,422.3726393670544,10
2024-09-20 09:47:50.884000,422.3960214162629,12
2024-09-20 09:47:50.900000,422.386066703026,100
2024-09-20 09:47:50.926000,422.3874006612677,105
2024-09-20 09:47:50.942000,422.4158166022113,998
2024-09-20 09:47:51.010000,422.33060669031136,99
2024-09-20 09:47:51.058000,422.31835018954166,11
2024-09-20 09:47:51.185000,422.3039184487424,995
2024-09-20 09:47:51.238000,422.4132225788181,14
2024-09-20 09:47:51.262000,422.37304348567966,1001
2024-09-20 09:47:51.274000,422.3247904475884,1004
2024-09-20 09:47:51.295000,422.3573439419936,14
2024-09-20 09:47:51.313000,422.3383041338792,96
2024-09-20 09:47:51.320000,422.3649838284581,1002
2024-09-20 09:47:51.408000,422.3049910099145,103
2024-09-20 09:47:51.424000,422.31960834171366,100
2024-09-20 09:47:51.455000,422.33942169141466,12
2024-09-20 09:47:51.466000,422.3998235980634,102
2024-09-20 09:47:51.467000,422.40264353661627,97
2024-09-20 09:47:51.485000,422.3162371748482,1005
2024-09-20 09:47:51.620000,422.3716264094149,12
2024-09-20 09:47:51.673000,422.3386307101104,101
2024-09-20 09:47:51.756000,422.3897562658362,1003
2024-09-20 09:47:51.810000,422.3769583336273,1000
2024-09-20 09:47:51.840000,422.3213483521352,999
2024-09-20 09:47:51.889000,422.3937643891071,1001
2024-09-20 09:47:51.911000,422.3844235613698,1002
2024-09-20 09:47:51.913000,422.3005081324085,995
2024-09-20 09:47:51.937000,422.37610987547816,102
2024-09-20 09:47:52.040000,422.22443214621694,96
2024-09-20 09:47:52.043000,422.2361873106783,997
2024-09-20 09:47:52.100000,422.2274988608962,7
2024-09-20 09:47:52.176000,422.2384358230808,998
2024-09-20 09:47:52.176000,422.27112440922485,1000
2024-09-20 09:47:52.196000,422.22769751877297,15
2024-09-20 09:47:52.324000,422.2028986218222,5
2024-09-20 09:47:52.412000,422.1878808581424,995
2024-09-20 09:47:52.437000,422.2685044135017,97
2024-09-20 09:47:52.447000,422.2666004529465,995
2024-09-20 09:47:52.451000,422.2116025044929,6
2024-09-20 09:47:52.462000,422.2606967876408,995
2024-09-20 09:47:52.618000,422.21681811858383,15
2024-09-20 09:47:52.645000,422.2360119086772,10
2024-09-20 09:47:52.680000,422.2137497273995,6
2024-09-20 09:47:52.706000,422.2231316806649,8
2024-09-20 09:47:52.735000,422.2933745642405,13
2024-09-20 09:47:52.785000,422.2448909341455,10
2024-09-20 09:47:52.830000,422.2155291116861,11
2024-09-20 09:47:52.858000,422.26473729209584,9
2024-09-20 09:47:52.889000,422.2115497015314,9
2024-09-20 09:47:52.903000,422.2519206859451,15
2024-09-20 09:47:52.977000,422.19954804902846,102
2024-09-20 09:47:52.984000,422.2315237741221,10
2024-09-20 09:47:52.992000,422.2428685482111,101
2024-09-20 09:47:53.037000,422.253497606108,10
2024-09-20 09:47:53.045000,422.253170068372,1003
2024-09-20 09:47:53.045000,422.2469366364714,997
2024-09-20 09:47:53.163000,422.2506827627004,995
2024-09-20 09:47:53.165000,422.25161603472543,998
2024-09-20 09:47:53.184000,422.2391654964286,1005
2024-09-20 09:47:53.263000,422.27094098353285,9
2024-09-20 09:47:53.266000,422.2639865026461,7
2024-09-20 09:47:53.283000,422.2333145921583,1000
2024-09-20 09:47:53.313000,422.23678720057626,102
2024-09-20 09:47:53.342000,422.26075439676185,95
2024-09-20 09:47:53.351000,422.20485907878987,997
2024-09-20 09:47:53.357000,422.2340781694505,8
2024-09-20 09:47:53.382000,422.254065759579,12
2024-09-20 09:47:53.517000,422.2640857383943,1002
2024-09-20 09:47:53.576000,422.2580872127095,12
2024-09-20 09:47:53.611000,422.21343798589686,999
2024-09-20 09:47:53.630000,422.2717528844928,103
2024-09-20 09:47:53.649000,422.2620622764576,1000
2024-09-20 09:47:53.689000,422.2695802415621,1004
2024-09-20 09:47:53.786000,422.275938970288,9
2024-09-20 09:47:53.817000,422.23738650966646,7
2024-09-20 09:47:53.820000,422.25706993710673,105
2024-09-20 09:47:53.884000,422.2766127462715,100
2024-09-20 09:47:53.892000,422.2617612876517,102
2024-09-20 09:47:53.950000,422.2628106580263,9
2024-09-20 09:47:53.957000,422.2703342802416,101
2024-09-20 09:47:54.013000,422.27265274671,102
2024-09-20 09:47:54.038000,422.2642872479794,1002
2024-09-20 09:47:54.060000,422.2429173182045,8
2024-09-20 09:47:54.086000,422.25767816145697,98
2024-09-20 09:47:54.092000,422.2422371688004,8
2024-09-20 09:47:54.346000,422.25179210616,1005
2024-09-20 09:47:54.348000,422.2772701642644,5
2024-09-20 09:47:54.366000,422.30129815069705,102
2024-09-20 09:47:54.425000,422.2470338966033,999
2024-09-20 09:47:54.445000,422.2969785143573,15
2024-09-20 09:47:54.449000,422.2415096372877,99
2024-09-20 09:47:54.492000,422.2534857307482,998
2024-09-20 09:47:54.499000,422.22934410386506,998
2024-09-20 09:47:54.509000,422.2657330298596,9
2024-09-20 09:47:54.514000,422.2573619248366,12
2024-09-20 09:47:54.663000,422.2519462397029,97
2024-09-20 09:47:54.670000,422.27680480298943,996
2024-09-20 09:47:54.677000,422.2634015176307,1003
2024-09-20 09:47:54.725000,422.2293571917571,5
2024-09-20 09:47:54.832000,422.26951143175694,999
2024-09-20 09:47:54.841000,422.2759003358362,99
2024-09-20 09:47:54.859000,422.2559530102419,1004
2024-09-20 09:47:54.862000,422.2612824005751,15
2024-09-20 09:47:55.002000,422.24079670162735,97
2024-09-20 09:47:55.082000,422.2195360865045,997
2024-09-20 09:47:55.089000,422.1934277914741,998
2024-09-20 09:47:55.099000,422.1918743269189,99
2024-09-20 09:47:55.189000,422.1851988732835,1002
2024-09-20 09:47:55.430000,422.2013667743799,101
2024-09-20 09:47:55.434000,422.2693817790971,102
2024-09-20 09:47:55.438000,422.2102956630344,102
2024-09-20 09:47:55.463000,422.218785745409,100
2024-09-20 09:47:55.477000,422.2339938184587,997
2024-09-20 09:47:55.531000,422.1759098511882,98
2024-09-20 09:47:55.587000,422.24101946012354,8
2024-09-20 09:47:55.605000,422.181285241852,8
2024-09-20 09:47:55.721000,422.2390689141132,13
2024-09-20 09:47:55.784000,422.2377477742479,10
2024-09-20 09:47:55.786000,422.2418699895622,996
2024-09-20 09:47:55.841000,422.1840014417895,101
2024-09-20 09:47:55.887000,422.25726892086703,105
2024-09-20 09:47:55.952000,422.1999477045345,95
2024-09-20 09:47:56.068000,422.234516300184,96
2024-09-20 09:47:56.172000,422.2177430193159,1001
2024-09-20 09:47:56.173000,422.2443544318389,999
2024-09-20 09:47:56.252000,422.2631209067986,1004
2024-09-20 09:47:56.265000,422.2498084865885,8
2024-09-20 09:47:56.297000,422.25969151473225,97
2024-09-20 09:47:56.389000,422.23884440425576,6
2024-09-20 09:47:56.462000,422.2452016184071,999
2024-09-20 09:47:56.487000,422.2141428587084,1000
2024-09-20 09:47:56.518000,422.23370945169023,1000
2024-09-20 09:47:56.530000,422.2534544583375,96
2024-09-20 09:47:56.534000,422.2179714721773,101
2024-09-20 09:47:56.587000,422.25064643522296,6
2024-09-20 09:47:56.666000,422.2633540013587,1005
2024-09-20 09:47:56.781000,422.2285935579425,105
2024-09-20 09:47:56.822000,422.2480422169444,9
2024-09-20 09:47:56.823000,422.2552396792912,999
2024-09-20 09:47:56.832000,422.2282380646549,102
2024-09-20 09:47:56.866000,422.17981420297406,996
2024-09-20 09:47:56.881000,422.2385931601823,998
2024-09-20 09:47:56.890000,422.2280239952293,14
2024-09-20 09:47:56.928000,422.2377581629842,995
2024-09-20 09:47:56.985000,422.1973444968924,103
2024-09-20 09:47:56.997000,422.26169147215296,8
2024-09-20 09:47:57.132000,422.28988670171566,99
2024-09-20 09:47:57.192000,422.2290732681246,1001
2024-09-20 09:47:57.262000,422.2754583351779,998
2024-09-20 09:47:57.356000,422.2320113858995,1001
2024-09-20 09:47:57.386000,422.27535810753216,104
2024-09-20 09:47:57.434000,422.2563007920771,1000
2024-09-20 09:47:57.481000,422.279828918324,13
2024-09-20 09:47:57.486000,422.2305494946977,105
2024-09-20 09:47:57.585000,422.2875353525813,9
2024-09-20 09:47:57.617000,422.2199601127943,1001
2024-09-20 09:47:57.729000,422.2755518081253,8
2024-09-20 09:47:57.817000,422.2965544520305,8
2024-09-20 09:47:57.821000,422.2286463268443,97
2024-09-20 09:47:57.875000,422.2764903102144,996
2024-09-20 09:47:57.887000,422.2772175984449,1001
2024-09-20 09:47:57.927000,422.2959743579872,1005
2024-09-20 09:47:57.954000,422.21695031699056,6
2024-09-20 09:47:57.960000,422.22097219243335,10
2024-09-20 09:47:57.995000,422.225863398997,1001
2024-09-20 09:47:57.995000,422.2761828225323,995
2024-09-20 09:47:58.006000,422.21340657750943,10
2024-09-20 09:47:58.159000,422.21607064667455,96
2024-09-20 09:47:58.226000,422.2137033029322,98
2024-09-20 09:47:58.676000,422.2173532817501,101
2024-09-20 09:47:58.917000,422.2026525741604,15
2024-09-20 09:47:59.059000,422.28568251678615,1005
2024-09-20 09:47:59.086000,422.2700051115628,9
2024-09-20 09:47:59.105000,422.280578608611,1002
2024-09-20 09:47:59.168000,422.2655996181023,995
2024-09-20 09:47:59.225000,422.2773370817316,10
2024-09-20 09:47:59.240000,422.2952989998017,1002
2024-09-20 09:47:59.306000,422.2646504782454,6
2024-09-20 09:47:59.386000,422.2492187501383,103
2024-09-20 09:47:59.392000,422.2241652931671,6
2024-09-20 09:47:59.393000,422.2901580446195,999
2024-09-20 09:47:59.444000,422.2566251030551,105
2024-09-20 09:47:59.474000,422.276830329964,7
2024-09-20 09:47:59.482000,422.2705633058801,1001
2024-09-20 09:47:59.599000,422.2398681372796,95
2024-09-20 09:47:59.642000,422.2936657638631,13
2024-09-20 09:47:59.668000,422.2765360407347,13
2024-09-20 09:47:59.678000,422.2544098275639,104
2024-09-20 09:47:59.705000,422.2669865277893,95
2024-09-20 09:47:59.758000,422.2365769466131,15
2024-09-20 09:47:59.761000,422.2956749452949,7
2024-09-20 09:47:59.795000,422.26528116470206,996
2024-09-20 09:47:59.847000,422.2793451700779,1005
2024-09-20 09:47:59.863000,422.2971518386992,8
2024-09-20 09:47:59.865000,422.2629553011326,998
