Timestamp,Price,Size
2024-09-18 10:27:00.207000,409.78673854345726,100
2024-09-18 10:27:00.470000,409.7654343030421,104
2024-09-18 10:27:00.503000,409.766543994296,996
2024-09-18 10:27:00.524000,409.7719133713696,1001
2024-09-18 10:27:00.548000,409.77299040965886,101
2024-09-18 10:27:00.562000,409.7683954162693,1001
2024-09-18 10:27:00.622000,409.782192502637,15
2024-09-18 10:27:00.720000,409.7757908357746,1001
2024-09-18 10:27:00.724000,409.7854775140815,11
2024-09-18 10:27:00.751000,409.78694157178927,999
2024-09-18 10:27:00.889000,409.7643608723891,12
2024-09-18 10:27:00.949000,409.7496616212794,98
2024-09-18 10:27:01.002000,409.6615166091681,12
2024-09-18 10:27:01.015000,409.6524151058555,97
2024-09-18 10:27:01.032000,409.6522369453501,1001
2024-09-18 10:27:01.047000,409.7020329354801,1004
2024-09-18 10:27:01.078000,409.7528260931346,96
2024-09-18 10:27:01.145000,409.6977776014516,101
2024-09-18 10:27:01.167000,409.65460546685176,102
2024-09-18 10:27:01.212000,409.70122808954295,97
2024-09-18 10:27:01.246000,409.67590258585926,997
2024-09-18 10:27:01.255000,409.72819627919705,1000
2024-09-18 10:27:01.255000,409.7579930914961,97
2024-09-18 10:27:01.279000,409.6378651546735,997
2024-09-18 10:27:01.336000,409.7584612195093,10
2024-09-18 10:27:01.379000,409.7323358036816,1000
2024-09-18 10:27:01.410000,409.6571732037371,1003
2024-09-18 10:27:01.424000,409.65180587246266,95
2024-09-18 10:27:01.457000,409.7006841584716,10
2024-09-18 10:27:01.472000,409.7263452876438,105
2024-09-18 10:27:01.481000,409.72222563869445,1000
2024-09-18 10:27:01.565000,409.744467828976,1001
2024-09-18 10:27:01.643000,409.67984684973726,5
2024-09-18 10:27:01.740000,409.7501709968602,104
2024-09-18 10:27:01.759000,409.7246684445005,104
2024-09-18 10:27:01.762000,409.7200602624123,99
2024-09-18 10:27:01.790000,409.645937666191,1001
2024-09-18 10:27:01.891000,409.7512545973737,7
2024-09-18 10:27:01.923000,409.7126435521187,103
2024-09-18 10:27:02.085000,409.6708350558095,995
2024-09-18 10:27:02.142000,409.649741668413,1005
2024-09-18 10:27:02.182000,409.6375996351359,98
2024-09-18 10:27:02.492000,409.7081315158632,100
2024-09-18 10:27:02.495000,409.6500816322963,97
2024-09-18 10:27:02.519000,409.6447586631065,999
2024-09-18 10:27:02.524000,409.64153959625696,7
2024-09-18 10:27:02.640000,409.6418090663014,12
2024-09-18 10:27:02.709000,409.67445783229135,996
2024-09-18 10:27:02.732000,409.6634644740146,11
2024-09-18 10:27:02.812000,409.71940241957935,7
2024-09-18 10:27:02.887000,409.64888229720754,996
2024-09-18 10:27:03.009000,409.7511916253677,1003
2024-09-18 10:27:03.143000,409.73782703079576,1001
2024-09-18 10:27:03.154000,409.7850033154775,96
2024-09-18 10:27:03.185000,409.7252540984632,996
2024-09-18 10:27:03.211000,409.7607748172027,999
2024-09-18 10:27:03.224000,409.7277040504495,995
2024-09-18 10:27:03.240000,409.7631946236376,99
2024-09-18 10:27:03.266000,409.7761476569479,997
2024-09-18 10:27:03.368000,409.7358092545856,998
2024-09-18 10:27:03.405000,409.7329655054429,995
2024-09-18 10:27:03.446000,409.7377906987304,103
2024-09-18 10:27:03.483000,409.7584626218198,11
2024-09-18 10:27:03.491000,409.7519407343565,98
2024-09-18 10:27:03.511000,409.7356631759536,98
2024-09-18 10:27:03.573000,409.7641591512564,105
2024-09-18 10:27:03.592000,409.76597796801,1001
2024-09-18 10:27:03.688000,409.7180335703701,103
2024-09-18 10:27:03.733000,409.73463156966056,995
2024-09-18 10:27:03.758000,409.7601138302599,99
2024-09-18 10:27:03.778000,409.77748156633726,12
2024-09-18 10:27:03.924000,409.7547467165364,11
2024-09-18 10:27:03.934000,409.7915036361222,10
2024-09-18 10:27:04.075000,409.77062646906273,13
2024-09-18 10:27:04.075000,409.7635514348353,8
2024-09-18 10:27:04.122000,409.754442519028,96
2024-09-18 10:27:04.124000,409.768537280534,6
2024-09-18 10:27:04.128000,409.7485871609328,999
2024-09-18 10:27:04.187000,409.76664597575774,12
2024-09-18 10:27:04.325000,409.7693894219351,1004
2024-09-18 10:27:04.375000,409.7457229841998,1004
2024-09-18 10:27:04.392000,409.7657181899024,10
2024-09-18 10:27:04.396000,409.7408225240215,98
2024-09-18 10:27:04.443000,409.7716986229197,99
2024-09-18 10:27:04.445000,409.7633318192434,10
2024-09-18 10:27:04.491000,409.7698161506498,1000
2024-09-18 10:27:04.491000,409.76800378439657,13
2024-09-18 10:27:04.563000,409.7333451359385,104
2024-09-18 10:27:04.568000,409.7455643416021,7
2024-09-18 10:27:04.709000,409.7893454780488,97
2024-09-18 10:27:04.757000,409.7942048237738,1001
2024-09-18 10:27:04.760000,409.7677230726344,12
2024-09-18 10:27:04.769000,409.7477585034874,105
2024-09-18 10:27:04.820000,409.7660070576462,995
2024-09-18 10:27:04.992000,409.7685678402106,101
2024-09-18 10:27:05.500000,409.74828028336793,11
2024-09-18 10:27:05.509000,409.77179075794265,101
2024-09-18 10:27:06.177000,409.76940204774434,12
2024-09-18 10:27:06.296000,409.79167990169685,6
2024-09-18 10:27:06.922000,409.7586823755271,1004
2024-09-18 10:27:06.947000,409.7631201322185,1000
2024-09-18 10:27:07.004000,409.8170605236165,1003
2024-09-18 10:27:07.050000,409.76736841659874,1000
2024-09-18 10:27:07.081000,409.7765139856776,9
2024-09-18 10:27:07.188000,409.7909516735628,7
2024-09-18 10:27:07.339000,409.8078634045015,995
2024-09-18 10:27:07.397000,409.7991934081132,10
2024-09-18 10:27:07.415000,409.802628472854,13
2024-09-18 10:27:07.553000,409.8017827030448,95
2024-09-18 10:27:07.602000,409.8111956857945,998
2024-09-18 10:27:07.881000,409.78589164915087,104
2024-09-18 10:27:07.975000,409.8010822151943,11
2024-09-18 10:27:08.113000,409.8149881584018,9
2024-09-18 10:27:08.147000,409.8306829842524,10
2024-09-18 10:27:08.200000,409.81036416198015,1001
2024-09-18 10:27:08.261000,409.8045683340616,1004
2024-09-18 10:27:08.355000,409.81096134054366,14
2024-09-18 10:27:08.401000,409.8080026059295,13
2024-09-18 10:27:08.484000,409.8165871560053,11
2024-09-18 10:27:08.537000,409.8268916999139,12
2024-09-18 10:27:08.540000,409.8111385915678,1002
2024-09-18 10:27:08.566000,409.8190956434914,5
2024-09-18 10:27:08.703000,409.8168414497824,1005
2024-09-18 10:27:08.780000,409.8033211833153,9
2024-09-18 10:27:08.797000,409.8203407025687,102
2024-09-18 10:27:08.818000,409.8226297334565,103
2024-09-18 10:27:08.847000,409.8007979917953,996
2024-09-18 10:27:08.929000,409.8045037661837,996
2024-09-18 10:27:08.973000,409.8080185001412,6
2024-09-18 10:27:08.995000,409.8002038057644,1004
2024-09-18 10:27:09.168000,409.8496122293769,96
2024-09-18 10:27:09.171000,409.82105522563774,97
2024-09-18 10:27:09.233000,409.8266336474357,995
2024-09-18 10:27:09.283000,409.80926856203047,999
2024-09-18 10:27:09.381000,409.8291486614552,10
2024-09-18 10:27:09.514000,409.87217939992814,100
2024-09-18 10:27:09.520000,409.8958276383266,104
2024-09-18 10:27:09.567000,409.8302356141542,96
2024-09-18 10:27:09.688000,409.8188705132631,998
2024-09-18 10:27:09.752000,409.8943568476576,96
2024-09-18 10:27:09.862000,409.8603356433794,11
2024-09-18 10:27:09.928000,409.83559663557816,995
2024-09-18 10:27:10.028000,409.9178232019643,105
2024-09-18 10:27:10.035000,409.97260996079547,104
2024-09-18 10:27:10.211000,409.9172833493043,995
2024-09-18 10:27:10.217000,409.9313110069408,101
2024-09-18 10:27:10.221000,409.9446656538943,13
2024-09-18 10:27:10.228000,409.9439445093426,96
2024-09-18 10:27:10.279000,409.9385069437256,1002
2024-09-18 10:27:10.336000,409.91566777701576,8
2024-09-18 10:27:10.370000,409.93962146506,1003
2024-09-18 10:27:10.385000,409.92508710052175,12
2024-09-18 10:27:10.422000,409.9417744308664,7
2024-09-18 10:27:10.460000,409.9646135593255,1004
2024-09-18 10:27:10.490000,409.9433038870848,96
2024-09-18 10:27:10.513000,409.8907194313778,1001
2024-09-18 10:27:10.548000,409.9283529499055,7
2024-09-18 10:27:10.604000,409.9375852802074,101
2024-09-18 10:27:10.640000,409.9585211803795,104
2024-09-18 10:27:10.650000,409.9309544484381,1000
2024-09-18 10:27:10.668000,409.9101629407909,105
2024-09-18 10:27:10.670000,409.893520052914,999
2024-09-18 10:27:10.687000,409.938815373176,103
2024-09-18 10:27:10.717000,409.9334781017921,12
2024-09-18 10:27:10.739000,409.9205143678468,997
2024-09-18 10:27:10.742000,409.9797236078186,101
2024-09-18 10:27:10.749000,409.9290378450612,100
2024-09-18 10:27:10.754000,409.9716492126191,1002
2024-09-18 10:27:10.851000,409.9302273059759,997
2024-09-18 10:27:10.999000,409.94911584109406,999
2024-09-18 10:27:11.014000,409.98001846895227,1003
2024-09-18 10:27:11.442000,409.9741803709113,9
2024-09-18 10:27:11.911000,409.9823776996653,9
2024-09-18 10:27:11.990000,409.9785788770861,99
2024-09-18 10:27:12.001000,409.94300762459306,1002
2024-09-18 10:27:12.007000,409.9848269644167,1001
2024-09-18 10:27:12.076000,409.9975557299379,15
2024-09-18 10:27:12.140000,409.9633729375087,13
2024-09-18 10:27:12.178000,410.0644700460071,11
2024-09-18 10:27:12.189000,410.0803973237067,11
2024-09-18 10:27:12.194000,410.043276344119,6
2024-09-18 10:27:12.199000,410.008220859907,1003
2024-09-18 10:27:12.219000,410.0826530844425,97
2024-09-18 10:27:12.288000,410.077689237019,1003
2024-09-18 10:27:12.351000,410.07342827806826,102
2024-09-18 10:27:12.355000,410.0151834109458,1000
2024-09-18 10:27:12.408000,410.04739021327134,7
2024-09-18 10:27:12.478000,409.96178695904905,1000
2024-09-18 10:27:12.530000,410.0715500115779,9
2024-09-18 10:27:12.579000,410.0240027960241,97
2024-09-18 10:27:12.624000,410.0844611408222,103
2024-09-18 10:27:12.660000,409.9909526520047,1002
2024-09-18 10:27:12.717000,410.02967602753176,9
2024-09-18 10:27:12.726000,410.0530512532343,995
2024-09-18 10:27:12.891000,410.0474978170593,97
2024-09-18 10:27:12.894000,410.06340013354014,102
2024-09-18 10:27:12.992000,410.0595453315989,96
2024-09-18 10:27:13.322000,410.0501705287885,998
2024-09-18 10:27:13.348000,410.05724069403794,7
2024-09-18 10:27:13.699000,410.03078453741085,100
2024-09-18 10:27:14.052000,410.0115430521048,15
2024-09-18 10:27:14.232000,410.0457638986002,9
2024-09-18 10:27:14.251000,410.0345318256469,1003
2024-09-18 10:27:14.257000,410.0198639511686,997
2024-09-18 10:27:14.328000,410.0372109519471,9
2024-09-18 10:27:14.333000,409.9937930946111,6
2024-09-18 10:27:14.344000,410.00461244851823,99
2024-09-18 10:27:14.394000,410.0175888897316,105
2024-09-18 10:27:14.479000,410.0217091997384,102
2024-09-18 10:27:14.502000,409.9972723791303,996
2024-09-18 10:27:14.554000,410.0200013628859,12
2024-09-18 10:27:14.584000,410.0223394116968,101
2024-09-18 10:27:14.693000,410.0200101173722,11
2024-09-18 10:27:14.702000,410.0004599502065,12
2024-09-18 10:27:14.721000,410.0087375519576,8
2024-09-18 10:27:14.724000,410.0259210145599,95
2024-09-18 10:27:14.738000,410.0020101431506,103
2024-09-18 10:27:14.837000,410.024380838512,1002
2024-09-18 10:27:14.867000,410.0165704804588,11
2024-09-18 10:27:14.929000,410.01559968046826,997
2024-09-18 10:27:15.071000,409.96397414083833,102
2024-09-18 10:27:15.074000,410.0012203723021,102
2024-09-18 10:27:15.149000,409.9672096660965,5
2024-09-18 10:27:15.214000,410.0281903631257,101
2024-09-18 10:27:15.236000,409.950410552268,103
2024-09-18 10:27:15.242000,409.96672094761504,98
2024-09-18 10:27:15.271000,410.0066816385026,1003
2024-09-18 10:27:15.337000,410.0135055546781,99
2024-09-18 10:27:15.358000,410.00147701888864,100
2024-09-18 10:27:15.497000,409.9738107021445,14
2024-09-18 10:27:15.754000,409.9567248230181,13
2024-09-18 10:27:15.774000,410.0154024914803,105
2024-09-18 10:27:15.859000,409.9903237518696,8
2024-09-18 10:27:15.924000,409.9737248439817,13
2024-09-18 10:27:15.957000,409.9842863879952,105
2024-09-18 10:27:16.095000,410.0067734272791,101
2024-09-18 10:27:16.499000,410.01671184076525,100
2024-09-18 10:27:16.656000,409.99959836186,15
2024-09-18 10:27:16.791000,410.022840944345,15
2024-09-18 10:27:16.968000,410.00333042211946,1004
2024-09-18 10:27:16.993000,409.9833280515749,1001
2024-09-18 10:27:17.487000,410.0190080625703,95
2024-09-18 10:27:17.804000,409.9985197117932,9
2024-09-18 10:27:18.003000,409.993660561191,104
2024-09-18 10:27:18.030000,409.9649491104995,98
2024-09-18 10:27:18.107000,410.0062163156313,995
2024-09-18 10:27:18.129000,410.0066815477487,95
2024-09-18 10:27:18.132000,409.9979754304751,95
2024-09-18 10:27:18.264000,410.0191365846212,1002
2024-09-18 10:27:18.296000,410.0293788178979,1000
2024-09-18 10:27:18.315000,410.0738190799587,12
2024-09-18 10:27:18.368000,410.016564537142,100
2024-09-18 10:27:18.438000,409.9841184552037,15
2024-09-18 10:27:18.439000,409.9812040143663,98
2024-09-18 10:27:18.486000,409.9900799188568,105
2024-09-18 10:27:18.492000,409.98304145306514,95
2024-09-18 10:27:18.531000,409.9881178130421,14
2024-09-18 10:27:18.531000,409.97616162488094,14
2024-09-18 10:27:18.569000,410.0455613232712,100
2024-09-18 10:27:18.577000,410.0942663552504,104
2024-09-18 10:27:18.651000,410.0107546791556,15
2024-09-18 10:27:18.661000,410.0873346737267,105
2024-09-18 10:27:18.731000,410.0809859859044,102
2024-09-18 10:27:18.812000,410.0593127753026,1004
2024-09-18 10:27:18.863000,409.9937851209146,99
2024-09-18 10:27:18.916000,410.06250457607297,13
2024-09-18 10:27:18.934000,410.03791488962673,7
2024-09-18 10:27:18.979000,410.03734355478,97
2024-09-18 10:27:18.990000,409.9972966546224,103
2024-09-18 10:27:19.030000,410.21005591258455,101
2024-09-18 10:27:19.055000,410.1790017711518,105
2024-09-18 10:27:19.061000,410.1862533619867,105
2024-09-18 10:27:19.062000,410.1525673391295,11
2024-09-18 10:27:19.089000,410.1005812211071,5
2024-09-18 10:27:19.209000,410.1681570071005,103
2024-09-18 10:27:19.253000,410.17368992357007,6
2024-09-18 10:27:19.259000,410.1912486465692,1004
2024-09-18 10:27:19.308000,410.0948389856876,1005
2024-09-18 10:27:19.361000,410.13356838143375,5
2024-09-18 10:27:19.429000,410.16076083921007,102
2024-09-18 10:27:19.517000,410.1643079811839,5
2024-09-18 10:27:19.566000,410.1410996050947,11
2024-09-18 10:27:19.629000,410.1698134268142,9
2024-09-18 10:27:19.633000,410.1924977150941,998
2024-09-18 10:27:19.734000,410.18985843182975,102
2024-09-18 10:27:19.765000,410.1294879638507,1005
2024-09-18 10:27:19.871000,410.2175909128418,1002
2024-09-18 10:27:19.935000,410.1733385741154,6
2024-09-18 10:27:19.946000,410.1547127959372,1002
2024-09-18 10:27:20.020000,410.1529229022198,99
2024-09-18 10:27:20.089000,410.16827312484105,99
2024-09-18 10:27:20.097000,410.1428883031014,9
2024-09-18 10:27:20.199000,410.1656085269357,14
2024-09-18 10:27:20.257000,410.1450518661287,95
2024-09-18 10:27:20.280000,410.1518113852076,995
2024-09-18 10:27:20.285000,410.1946473825157,7
2024-09-18 10:27:20.315000,410.157727216352,1000
2024-09-18 10:27:20.319000,410.14648230799634,15
2024-09-18 10:27:20.321000,410.1434559398037,103
2024-09-18 10:27:20.458000,410.1726954199813,100
2024-09-18 10:27:20.481000,410.2024490342985,9
2024-09-18 10:27:20.633000,410.14178607818417,1004
2024-09-18 10:27:20.655000,410.1829547489668,8
2024-09-18 10:27:20.672000,410.1806539788309,102
2024-09-18 10:27:20.743000,410.2023008306076,1002
2024-09-18 10:27:20.842000,410.14763934021926,1000
2024-09-18 10:27:20.933000,410.156903078346,997
2024-09-18 10:27:20.936000,410.196794291129,12
2024-09-18 10:27:20.980000,410.1852495120861,14
2024-09-18 10:27:20.995000,410.1330386227811,98
2024-09-18 10:27:20.998000,410.1528046220844,96
2024-09-18 10:27:21.003000,410.17798902839405,1005
2024-09-18 10:27:21.030000,410.2466197046277,9
2024-09-18 10:27:21.076000,410.15858705811024,9
2024-09-18 10:27:21.086000,410.1740617555958,103
2024-09-18 10:27:21.121000,410.17961102552346,105
2024-09-18 10:27:21.156000,410.1512599722736,997
2024-09-18 10:27:21.234000,410.1720343349343,13
2024-09-18 10:27:21.312000,410.1821240948499,5
2024-09-18 10:27:21.389000,410.21966013793184,1001
2024-09-18 10:27:21.419000,410.1642768158078,10
2024-09-18 10:27:21.479000,410.1617865437407,1000
2024-09-18 10:27:21.611000,410.232865814846,10
2024-09-18 10:27:21.664000,410.1981457841351,12
2024-09-18 10:27:21.676000,410.23156771144,95
2024-09-18 10:27:21.686000,410.2024423072561,1001
2024-09-18 10:27:21.749000,410.2042238338725,1000
2024-09-18 10:27:21.811000,410.2562540544054,5
2024-09-18 10:27:21.851000,410.1907069446843,14
2024-09-18 10:27:21.858000,410.2206698180045,996
2024-09-18 10:27:21.916000,410.21357349821335,99
2024-09-18 10:27:21.918000,410.2692177143075,1000
2024-09-18 10:27:21.927000,410.1978390009452,8
2024-09-18 10:27:21.975000,410.2397819543945,1003
2024-09-18 10:27:21.984000,410.2229733629434,100
2024-09-18 10:27:21.996000,410.1999871447163,1002
2024-09-18 10:27:22.155000,410.2432834191363,9
2024-09-18 10:27:22.511000,410.2305476101713,15
2024-09-18 10:27:22.796000,410.2404297674373,1005
2024-09-18 10:27:23.061000,410.3089349636908,998
2024-09-18 10:27:23.070000,410.34724240149694,996
2024-09-18 10:27:23.124000,410.24987839394106,6
2024-09-18 10:27:23.138000,410.3008918694497,10
2024-09-18 10:27:23.185000,410.2863052953471,1004
2024-09-18 10:27:23.190000,410.3258147383529,100
2024-09-18 10:27:23.203000,410.2949954665442,1004
2024-09-18 10:27:23.220000,410.2894190412577,995
2024-09-18 10:27:23.303000,410.2594180066166,101
2024-09-18 10:27:23.442000,410.3412656168431,6
2024-09-18 10:27:23.532000,410.2970894525485,15
2024-09-18 10:27:23.686000,410.3466143056333,1001
2024-09-18 10:27:23.696000,410.2951371320968,1000
2024-09-18 10:27:23.785000,410.30187109146937,102
2024-09-18 10:27:23.800000,410.3026886352674,97
2024-09-18 10:27:23.819000,410.23567006203655,995
2024-09-18 10:27:23.921000,410.3353347718084,999
2024-09-18 10:27:23.959000,410.2754840345359,998
2024-09-18 10:27:24.017000,410.3564122838493,12
2024-09-18 10:27:24.132000,410.3401928978255,11
2024-09-18 10:27:24.136000,410.3242367349581,105
2024-09-18 10:27:24.233000,410.351600249604,10
2024-09-18 10:27:24.284000,410.3645946393376,1000
2024-09-18 10:27:24.294000,410.33587043321785,105
2024-09-18 10:27:24.336000,410.3299315917228,1002
2024-09-18 10:27:24.339000,410.3273001377158,1005
2024-09-18 10:27:24.342000,410.3329598147876,1000
2024-09-18 10:27:24.383000,410.3383900238323,12
2024-09-18 10:27:24.512000,410.33133945142833,104
2024-09-18 10:27:24.514000,410.3576712499534,8
2024-09-18 10:27:24.586000,410.3211528794647,103
2024-09-18 10:27:24.614000,410.3306077122022,1002
2024-09-18 10:27:24.805000,410.3614304411449,103
2024-09-18 10:27:24.861000,410.340844957593,99
2024-09-18 10:27:24.901000,410.3316870964655,102
2024-09-18 10:27:24.927000,410.3334578543449,9
2024-09-18 10:27:24.949000,410.35203910184777,8
2024-09-18 10:27:25.380000,410.3478720144572,995
2024-09-18 10:27:25.539000,410.3778691565189,105
2024-09-18 10:27:25.557000,410.35929791664034,7
2024-09-18 10:27:25.642000,410.3272896965216,999
2024-09-18 10:27:25.829000,410.3354631378895,101
2024-09-18 10:27:26.722000,410.3879616570447,98
2024-09-18 10:27:26.833000,410.39675907225495,6
2024-09-18 10:27:27.002000,410.39501798455393,101
2024-09-18 10:27:27.007000,410.38015410278814,999
2024-09-18 10:27:27.012000,410.3114805124426,996
2024-09-18 10:27:27.061000,410.37303763711446,11
2024-09-18 10:27:27.159000,410.3364108303472,10
2024-09-18 10:27:27.210000,410.3295771141427,5
2024-09-18 10:27:27.217000,410.3698900320152,97
2024-09-18 10:27:27.260000,410.3418133200648,8
2024-09-18 10:27:27.349000,410.3302062471125,998
2024-09-18 10:27:27.362000,410.37871574803023,105
2024-09-18 10:27:27.393000,410.399203207782,105
2024-09-18 10:27:27.410000,410.3876521799045,1002
2024-09-18 10:27:27.428000,410.3750756635248,998
2024-09-18 10:27:27.447000,410.3239490291701,103
2024-09-18 10:27:27.523000,410.358782710592,95
2024-09-18 10:27:27.528000,410.3548774791065,1000
2024-09-18 10:27:27.559000,410.3320215222016,1005
2024-09-18 10:27:27.583000,410.3875568506824,98
2024-09-18 10:27:27.653000,410.4078360615173,12
2024-09-18 10:27:27.654000,410.3108965328156,7
2024-09-18 10:27:27.741000,410.3686308631778,95
2024-09-18 10:27:27.797000,410.40404846875583,100
2024-09-18 10:27:27.912000,410.3401834612414,100
2024-09-18 10:27:27.915000,410.39116909689017,14
2024-09-18 10:27:27.917000,410.31776036276455,105
2024-09-18 10:27:27.957000,410.3334198866842,998
2024-09-18 10:27:27.961000,410.33154697184114,6
2024-09-18 10:27:27.988000,410.3369937341456,995
2024-09-18 10:27:29.275000,410.3464582165144,96
2024-09-18 10:27:30.103000,410.3089653273837,101
2024-09-18 10:27:30.119000,410.3638792585514,14
2024-09-18 10:27:30.126000,410.3329199330117,103
2024-09-18 10:27:30.139000,410.3821921384258,997
2024-09-18 10:27:30.195000,410.3771227261582,1000
2024-09-18 10:27:30.243000,410.3807785947026,998
2024-09-18 10:27:30.288000,410.3710179607191,1001
2024-09-18 10:27:30.295000,410.3346339105036,103
2024-09-18 10:27:30.336000,410.3496163695787,997
2024-09-18 10:27:30.366000,410.3233759310422,12
2024-09-18 10:27:30.413000,410.3622144853266,14
2024-09-18 10:27:30.436000,410.3044183635725,102
2024-09-18 10:27:30.444000,410.3030250257064,1003
2024-09-18 10:27:30.468000,410.3022961481981,14
2024-09-18 10:27:30.544000,410.3677098641907,96
2024-09-18 10:27:30.598000,410.3285099939735,10
2024-09-18 10:27:30.673000,410.3436393960206,5
2024-09-18 10:27:30.684000,410.3564511204536,9
2024-09-18 10:27:30.730000,410.3298471777664,99
2024-09-18 10:27:30.822000,410.3414406177571,97
2024-09-18 10:27:30.824000,410.3824318343652,7
2024-09-18 10:27:30.882000,410.3301677733884,1001
2024-09-18 10:27:30.941000,410.3133834415154,996
2024-09-18 10:27:31.139000,410.3502591200421,103
2024-09-18 10:27:31.284000,410.3562231045709,14
2024-09-18 10:27:31.305000,410.33606011039694,100
2024-09-18 10:27:31.423000,410.3407638091117,11
2024-09-18 10:27:31.506000,410.3333988685536,98
2024-09-18 10:27:31.645000,410.3232692046788,999
2024-09-18 10:27:31.875000,410.3140011312914,101
2024-09-18 10:27:32.050000,410.3141449628957,105
2024-09-18 10:27:32.087000,410.3647443274268,11
2024-09-18 10:27:32.177000,410.31801758075386,1000
2024-09-18 10:27:32.272000,410.3333485671629,1003
2024-09-18 10:27:32.436000,410.3501989744271,103
2024-09-18 10:27:32.461000,410.3673334717082,998
2024-09-18 10:27:32.527000,410.3270415506898,1004
2024-09-18 10:27:32.620000,410.3500641088356,1005
2024-09-18 10:27:32.628000,410.3265300061753,5
2024-09-18 10:27:32.643000,410.3339156079533,13
2024-09-18 10:27:32.713000,410.3962179506133,12
2024-09-18 10:27:32.784000,410.3243362663328,995
2024-09-18 10:27:32.855000,410.3285880934693,1001
2024-09-18 10:27:32.956000,410.33025850680383,10
2024-09-18 10:27:32.994000,410.3774884034912,99
2024-09-18 10:27:33.114000,410.379649054741,95
2024-09-18 10:27:33.147000,410.3899120315164,99
2024-09-18 10:27:33.234000,410.4005770559792,999
2024-09-18 10:27:33.244000,410.37028987224073,97
2024-09-18 10:27:33.257000,410.3953766485346,7
2024-09-18 10:27:33.313000,410.3278930203791,5
2024-09-18 10:27:33.327000,410.3761084064004,104
2024-09-18 10:27:33.330000,410.3497400992438,1003
2024-09-18 10:27:33.367000,410.3530708559877,6
2024-09-18 10:27:33.427000,410.3726922034191,995
2024-09-18 10:27:33.431000,410.3789932055045,6
2024-09-18 10:27:33.445000,410.413306949511,995
2024-09-18 10:27:33.451000,410.3862872862339,105
2024-09-18 10:27:33.460000,410.33552137756857,102
2024-09-18 10:27:33.596000,410.33920949727866,995
2024-09-18 10:27:33.666000,410.3695290641693,1000
2024-09-18 10:27:33.706000,410.3438305890453,1000
2024-09-18 10:27:33.740000,410.3668663910278,5
2024-09-18 10:27:33.763000,410.3583839171872,1002
2024-09-18 10:27:33.826000,410.345695480801,999
2024-09-18 10:27:33.835000,410.35545305838747,997
2024-09-18 10:27:34.133000,410.3638121822752,11
2024-09-18 10:27:34.261000,410.3840080591128,1005
2024-09-18 10:27:34.448000,410.3685020460659,7
2024-09-18 10:27:34.478000,410.3579329429005,7
2024-09-18 10:27:34.533000,410.390776531784,100
2024-09-18 10:27:34.827000,410.36214942046047,10
2024-09-18 10:27:35.018000,410.4297943268873,12
2024-09-18 10:27:35.151000,410.3891923450781,12
2024-09-18 10:27:35.205000,410.4307743552384,1001
2024-09-18 10:27:35.219000,410.3898572913824,998
2024-09-18 10:27:35.297000,410.4372267629637,97
2024-09-18 10:27:35.310000,410.3894312507396,102
2024-09-18 10:27:35.325000,410.40653824580335,10
2024-09-18 10:27:35.403000,410.3818227083387,996
2024-09-18 10:27:35.488000,410.38912057394447,996
2024-09-18 10:27:35.528000,410.3945946151695,998
2024-09-18 10:27:35.630000,410.4209634875156,99
2024-09-18 10:27:35.665000,410.38626397013167,8
2024-09-18 10:27:35.677000,410.4051131840964,996
2024-09-18 10:27:35.799000,410.4005533117341,999
2024-09-18 10:27:35.853000,410.4336992498991,97
2024-09-18 10:27:35.979000,410.3653079552667,8
2024-09-18 10:27:36.194000,410.4197085718996,998
2024-09-18 10:27:36.216000,410.4239826011789,97
2024-09-18 10:27:36.590000,410.4000492822777,101
2024-09-18 10:27:36.715000,410.4181038576213,103
2024-09-18 10:27:36.883000,410.4217708224509,14
2024-09-18 10:27:36.905000,410.424123158596,999
2024-09-18 10:27:36.948000,410.4008596667053,1002
2024-09-18 10:27:37.511000,410.37422775303605,99
2024-09-18 10:27:37.583000,410.38081489576393,1003
2024-09-18 10:27:38.118000,410.3865487153804,998
2024-09-18 10:27:38.131000,410.3651453530703,104
2024-09-18 10:27:38.132000,410.3608179758718,102
2024-09-18 10:27:38.140000,410.3232026779679,101
2024-09-18 10:27:38.203000,410.34789569055926,1000
2024-09-18 10:27:38.208000,410.3633397389375,96
2024-09-18 10:27:38.277000,410.3839438531312,96
2024-09-18 10:27:38.313000,410.37289471778365,8
2024-09-18 10:27:38.379000,410.3602593490476,1004
2024-09-18 10:27:38.425000,410.37838123529815,104
2024-09-18 10:27:38.508000,410.363227973105,6
2024-09-18 10:27:38.513000,410.3177342580961,999
2024-09-18 10:27:38.584000,410.3376977899357,1000
2024-09-18 10:27:38.645000,410.3504937587538,104
2024-09-18 10:27:38.790000,410.3486521961187,15
2024-09-18 10:27:38.819000,410.374154140347,14
2024-09-18 10:27:38.860000,410.3397801100354,997
2024-09-18 10:27:39.032000,410.3914232356104,102
2024-09-18 10:27:39.072000,410.4278359955819,7
2024-09-18 10:27:39.156000,410.39796166218815,97
2024-09-18 10:27:39.171000,410.3677497409001,995
2024-09-18 10:27:39.225000,410.4031341432373,996
2024-09-18 10:27:39.424000,410.3936980412258,1005
2024-09-18 10:27:39.468000,410.4092894362682,1005
2024-09-18 10:27:39.531000,410.42462134436096,1005
2024-09-18 10:27:39.639000,410.4277923513773,998
2024-09-18 10:27:39.650000,410.4346359836204,13
2024-09-18 10:27:39.705000,410.4202579146229,999
2024-09-18 10:27:39.755000,410.37202234937297,96
2024-09-18 10:27:39.773000,410.4178475678343,101
2024-09-18 10:27:39.934000,410.36290761725945,1000
2024-09-18 10:27:39.950000,410.4166654866085,95
2024-09-18 10:27:40.006000,410.4142464860287,1004
2024-09-18 10:27:40.076000,410.4297085584311,1002
2024-09-18 10:27:40.078000,410.4420421052877,15
2024-09-18 10:27:40.160000,410.39180217450746,995
2024-09-18 10:27:40.221000,410.43800586604186,1001
2024-09-18 10:27:40.328000,410.4201118676002,13
2024-09-18 10:27:40.339000,410.4263383051407,103
2024-09-18 10:27:40.386000,410.3931536502511,1003
2024-09-18 10:27:40.393000,410.432115200404,100
2024-09-18 10:27:40.406000,410.4177186894912,6
2024-09-18 10:27:40.449000,410.4562995462401,1001
2024-09-18 10:27:40.469000,410.4019644975825,8
2024-09-18 10:27:40.582000,410.4142933664877,101
2024-09-18 10:27:40.798000,410.45370464453066,1005
2024-09-18 10:27:40.848000,410.428948166211,998
2024-09-18 10:27:40.875000,410.4159810008316,7
2024-09-18 10:27:40.886000,410.4256502364229,10
2024-09-18 10:27:40.887000,410.3956518996352,1004
2024-09-18 10:27:40.950000,410.4124709077811,102
2024-09-18 10:27:40.953000,410.40158380706674,995
2024-09-18 10:27:42.030000,410.4868981482333,98
2024-09-18 10:27:42.106000,410.4700641581884,999
2024-09-18 10:27:42.126000,410.45370378497074,6
2024-09-18 10:27:42.143000,410.4528025242992,12
2024-09-18 10:27:42.162000,410.5318900133959,995
2024-09-18 10:27:42.179000,410.5054601332288,104
2024-09-18 10:27:42.254000,410.4397009875221,1003
2024-09-18 10:27:42.308000,410.4693767591582,11
2024-09-18 10:27:42.440000,410.4875341248241,6
2024-09-18 10:27:42.522000,410.4724228408525,1000
2024-09-18 10:27:42.564000,410.408121995027,1000
2024-09-18 10:27:42.576000,410.50145586263903,95
2024-09-18 10:27:42.707000,410.48130928193535,998
2024-09-18 10:27:42.738000,410.4238704695902,96
2024-09-18 10:27:42.819000,410.4095157071669,15
2024-09-18 10:27:42.855000,410.4365601200079,1002
2024-09-18 10:27:42.866000,410.4467870630246,15
2024-09-18 10:27:42.883000,410.5092769256875,9
2024-09-18 10:27:42.978000,410.5062782366516,998
2024-09-18 10:27:42.995000,410.4125465607229,7
2024-09-18 10:27:43.030000,410.5895786553542,1000
2024-09-18 10:27:43.035000,410.5454082075937,999
2024-09-18 10:27:43.079000,410.600360018986,995
2024-09-18 10:27:43.187000,410.6038698062078,15
2024-09-18 10:27:43.289000,410.59602225967336,12
2024-09-18 10:27:43.323000,410.5305525785893,95
2024-09-18 10:27:43.416000,410.6168763656253,104
2024-09-18 10:27:43.441000,410.6051065014561,103
2024-09-18 10:27:43.452000,410.5983474278574,105
2024-09-18 10:27:43.455000,410.591209443999,995
2024-09-18 10:27:43.524000,410.506480192899,9
2024-09-18 10:27:43.546000,410.56864616076064,1003
2024-09-18 10:27:43.563000,410.5979779802324,100
2024-09-18 10:27:43.564000,410.57569283274745,97
2024-09-18 10:27:43.618000,410.6152869138251,104
2024-09-18 10:27:43.671000,410.5486100308432,996
2024-09-18 10:27:43.715000,410.52716478069857,1001
2024-09-18 10:27:43.755000,410.6211694458873,1003
2024-09-18 10:27:43.812000,410.61542333538034,14
2024-09-18 10:27:43.836000,410.5396918806782,1001
2024-09-18 10:27:43.867000,410.5951493137723,98
2024-09-18 10:27:43.900000,410.5186914628603,999
2024-09-18 10:27:43.961000,410.5273227391049,5
2024-09-18 10:27:44.052000,410.58563017201936,99
2024-09-18 10:27:44.119000,410.5996284024367,15
2024-09-18 10:27:44.140000,410.58562444963553,15
2024-09-18 10:27:44.164000,410.5669108568766,1001
2024-09-18 10:27:44.192000,410.5753975051135,13
2024-09-18 10:27:44.264000,410.5869286110708,7
2024-09-18 10:27:44.273000,410.5768359391483,997
2024-09-18 10:27:44.282000,410.57026843430674,97
2024-09-18 10:27:44.291000,410.6083239021967,13
2024-09-18 10:27:44.358000,410.6089722667385,100
2024-09-18 10:27:44.373000,410.5670084206192,1002
2024-09-18 10:27:44.653000,410.5858099289097,98
2024-09-18 10:27:44.677000,410.5940353241373,1005
2024-09-18 10:27:44.721000,410.5705866174823,998
2024-09-18 10:27:44.749000,410.5899396351842,1002
2024-09-18 10:27:44.775000,410.594355720559,6
2024-09-18 10:27:44.873000,410.5795524558905,1003
2024-09-18 10:27:44.958000,410.58624549655457,998
2024-09-18 10:27:44.997000,410.6004296230696,99
2024-09-18 10:27:45.039000,410.6037448787304,999
2024-09-18 10:27:45.057000,410.5511368127159,997
2024-09-18 10:27:45.186000,410.5262082959941,997
2024-09-18 10:27:45.206000,410.5530892285337,1003
2024-09-18 10:27:45.218000,410.5813747056664,105
2024-09-18 10:27:45.259000,410.5270177356701,1005
2024-09-18 10:27:45.272000,410.5495176279021,97
2024-09-18 10:27:45.375000,410.5545614384965,15
2024-09-18 10:27:45.386000,410.60908362984975,104
2024-09-18 10:27:45.426000,410.5860440982683,8
2024-09-18 10:27:45.495000,410.56322709400496,7
2024-09-18 10:27:45.586000,410.5766742148519,98
2024-09-18 10:27:45.714000,410.5523810356981,102
2024-09-18 10:27:45.835000,410.5628606643071,104
2024-09-18 10:27:45.889000,410.564668050324,97
2024-09-18 10:27:46.189000,410.5568309585738,7
2024-09-18 10:27:46.219000,410.6060503055099,103
2024-09-18 10:27:46.225000,410.59689945711074,102
2024-09-18 10:27:46.251000,410.60555746496857,10
2024-09-18 10:27:46.535000,410.5834241288604,15
2024-09-18 10:27:46.575000,410.5789789561809,95
2024-09-18 10:27:46.654000,410.57429964612936,999
2024-09-18 10:27:46.723000,410.5791137023094,13
2024-09-18 10:27:46.894000,410.6094608946877,15
2024-09-18 10:27:46.927000,410.5870067239968,95
2024-09-18 10:27:47.021000,410.61524734174776,996
2024-09-18 10:27:47.154000,410.61824168142766,95
2024-09-18 10:27:47.187000,410.6208222459793,9
2024-09-18 10:27:47.495000,410.62260242860935,96
2024-09-18 10:27:47.723000,410.63067673589086,100
2024-09-18 10:27:48.001000,410.6728306630589,15
2024-09-18 10:27:48.004000,410.7321292222368,100
2024-09-18 10:27:48.009000,410.676475226801,102
2024-09-18 10:27:48.041000,410.6555648582509,104
2024-09-18 10:27:48.042000,410.6462544933952,104
2024-09-18 10:27:48.043000,410.7075593953177,999
2024-09-18 10:27:48.090000,410.6810965678652,9
2024-09-18 10:27:48.198000,410.69209349569593,103
2024-09-18 10:27:48.215000,410.7038965888807,104
2024-09-18 10:27:48.241000,410.6879525807837,95
2024-09-18 10:27:48.270000,410.7447792407609,101
2024-09-18 10:27:48.290000,410.6307685460756,15
2024-09-18 10:27:48.295000,410.6830502386133,1000
2024-09-18 10:27:48.324000,410.7296010723589,998
2024-09-18 10:27:48.398000,410.6923029174682,100
2024-09-18 10:27:48.423000,410.6789706935699,1001
2024-09-18 10:27:48.462000,410.6464276419108,14
2024-09-18 10:27:48.488000,410.6681856133365,100
2024-09-18 10:27:48.526000,410.6636898928746,1000
2024-09-18 10:27:48.542000,410.6806392404767,98
2024-09-18 10:27:48.631000,410.658810578393,12
2024-09-18 10:27:48.640000,410.7420784167055,103
2024-09-18 10:27:48.733000,410.63665355497625,9
2024-09-18 10:27:48.739000,410.69813634673295,7
2024-09-18 10:27:48.816000,410.7541097652739,8
2024-09-18 10:27:48.868000,410.6531429706434,97
2024-09-18 10:27:49.091000,410.7180664753468,101
2024-09-18 10:27:49.140000,410.66204619646857,1004
2024-09-18 10:27:49.199000,410.6745031817587,998
2024-09-18 10:27:49.287000,410.71554820279584,103
2024-09-18 10:27:49.302000,410.6864934654922,998
2024-09-18 10:27:49.363000,410.7047837178219,96
2024-09-18 10:27:49.474000,410.6995492580064,102
2024-09-18 10:27:49.486000,410.7117972220153,95
2024-09-18 10:27:49.497000,410.7067904653275,1003
2024-09-18 10:27:49.506000,410.71375777069096,8
2024-09-18 10:27:49.591000,410.6689988249464,96
2024-09-18 10:27:49.598000,410.6922349572487,15
2024-09-18 10:27:49.633000,410.7038647310502,8
2024-09-18 10:27:49.797000,410.7018634592836,999
2024-09-18 10:27:49.799000,410.6586580617809,9
2024-09-18 10:27:49.891000,410.71222106458737,98
2024-09-18 10:27:49.904000,410.6647524513836,1001
2024-09-18 10:27:49.955000,410.7112328505199,95
2024-09-18 10:27:50.113000,410.7386447662645,10
2024-09-18 10:27:50.266000,410.7342731300743,998
2024-09-18 10:27:50.422000,410.7319021428289,102
2024-09-18 10:27:50.496000,410.74353369928633,996
2024-09-18 10:27:50.581000,410.7440786758443,1005
2024-09-18 10:27:50.585000,410.7147773931669,14
2024-09-18 10:27:50.643000,410.7352035754709,5
2024-09-18 10:27:50.987000,410.7199548360605,1002
2024-09-18 10:27:51.045000,410.8253675322886,998
2024-09-18 10:27:51.052000,410.7721096203041,995
2024-09-18 10:27:51.057000,410.7337189724207,100
2024-09-18 10:27:51.073000,410.78241806201584,103
2024-09-18 10:27:51.129000,410.7914765217097,6
2024-09-18 10:27:51.202000,410.8098358062361,9
2024-09-18 10:27:51.317000,410.8426093779372,997
2024-09-18 10:27:51.330000,410.8508613141667,103
2024-09-18 10:27:51.478000,410.8670806058236,1005
2024-09-18 10:27:51.535000,410.8449767288497,11
2024-09-18 10:27:51.658000,410.76968470072654,1003
2024-09-18 10:27:51.702000,410.7475168958828,95
2024-09-18 10:27:51.704000,410.844857320995,12
2024-09-18 10:27:51.720000,410.7856251223491,997
2024-09-18 10:27:51.773000,410.8717344415875,104
2024-09-18 10:27:51.823000,410.872631269481,12
2024-09-18 10:27:51.823000,410.7354407736695,11
2024-09-18 10:27:51.853000,410.8471129196028,998
2024-09-18 10:27:51.902000,410.7635275904725,102
2024-09-18 10:27:52.022000,410.8753460375653,10
2024-09-18 10:27:52.117000,410.86052618164274,998
2024-09-18 10:27:52.194000,410.8605391327556,98
2024-09-18 10:27:52.195000,410.8540999703389,8
2024-09-18 10:27:52.577000,410.8604259357752,95
2024-09-18 10:27:52.719000,410.87160948221975,10
2024-09-18 10:27:52.753000,410.8925199220801,96
2024-09-18 10:27:52.898000,410.85048685212007,999
2024-09-18 10:27:52.940000,410.8526752146774,998
2024-09-18 10:27:52.962000,410.86537336463545,100
2024-09-18 10:27:53.054000,410.95596931686833,999
2024-09-18 10:27:53.058000,410.87629868849285,97
2024-09-18 10:27:53.068000,410.918271786496,10
2024-09-18 10:27:53.083000,410.8753647726125,95
2024-09-18 10:27:53.188000,410.9072441545993,96
2024-09-18 10:27:53.192000,410.9380774538936,1005
2024-09-18 10:27:53.284000,410.931265475372,1005
2024-09-18 10:27:53.410000,410.89455565046217,14
2024-09-18 10:27:53.528000,410.8900115167459,8
2024-09-18 10:27:53.546000,410.93090715153824,14
2024-09-18 10:27:53.549000,410.95931167401625,1003
2024-09-18 10:27:53.612000,410.8852936733416,1001
2024-09-18 10:27:53.645000,410.9260245511669,1000
2024-09-18 10:27:53.659000,410.8844319437205,5
2024-09-18 10:27:53.693000,410.962222188796,98
2024-09-18 10:27:53.694000,410.9522008962645,6
2024-09-18 10:27:53.721000,410.939116300673,10
2024-09-18 10:27:53.781000,410.9053570511812,14
2024-09-18 10:27:53.792000,410.9398073371349,100
2024-09-18 10:27:53.841000,410.9613655856397,98
2024-09-18 10:27:53.917000,410.96009830940665,1002
2024-09-18 10:27:53.945000,410.9290681798497,10
2024-09-18 10:27:54.066000,410.9283652046425,13
2024-09-18 10:27:54.251000,410.9220577617861,7
2024-09-18 10:27:54.300000,410.9202204908885,97
2024-09-18 10:27:54.448000,410.9209701087682,10
2024-09-18 10:27:54.512000,410.9161796169221,1004
2024-09-18 10:27:54.579000,410.9132622954534,99
2024-09-18 10:27:54.621000,410.9092108148818,1002
2024-09-18 10:27:54.629000,410.9070061243439,1004
2024-09-18 10:27:54.795000,410.9023693605113,1002
2024-09-18 10:27:54.866000,410.9106749843355,1005
2024-09-18 10:27:54.900000,410.92197949628974,1005
2024-09-18 10:27:55.114000,410.9342499970717,105
2024-09-18 10:27:55.335000,410.9085873446955,9
2024-09-18 10:27:55.351000,410.9069746946244,9
2024-09-18 10:27:55.402000,410.9081662397969,101
2024-09-18 10:27:55.481000,410.9003967183916,101
2024-09-18 10:27:55.515000,410.9230644805632,11
2024-09-18 10:27:55.781000,410.9257777609718,6
2024-09-18 10:27:55.858000,410.9375951243761,100
2024-09-18 10:27:55.921000,410.9174198511521,101
2024-09-18 10:27:55.947000,410.9210417186056,97
2024-09-18 10:27:55.949000,410.9043246754943,999
2024-09-18 10:27:55.973000,410.89921975470816,104
2024-09-18 10:27:56.040000,410.9874239059308,10
2024-09-18 10:27:56.201000,410.9088785110634,6
2024-09-18 10:27:56.235000,410.9807563216781,996
2024-09-18 10:27:56.267000,410.92538176209735,98
2024-09-18 10:27:56.317000,410.9350379470214,7
2024-09-18 10:27:56.455000,410.9116358071602,997
2024-09-18 10:27:56.538000,410.9123539659916,100
2024-09-18 10:27:56.583000,410.9111614274041,1005
2024-09-18 10:27:56.584000,410.91180212543134,1004
2024-09-18 10:27:56.707000,410.90478528679233,10
2024-09-18 10:27:56.732000,410.9568452657056,1005
2024-09-18 10:27:56.744000,410.9490636686051,11
2024-09-18 10:27:56.800000,410.9890572444178,8
2024-09-18 10:27:56.933000,410.9987463267039,10
2024-09-18 10:27:56.989000,410.9375385169448,12
2024-09-18 10:27:57.021000,411.0240774996009,98
2024-09-18 10:27:57.096000,411.0651566322631,1004
2024-09-18 10:27:57.108000,411.01792072107486,1005
2024-09-18 10:27:57.162000,411.0426135201615,15
2024-09-18 10:27:57.183000,411.0710694109201,15
2024-09-18 10:27:57.189000,411.100172076049,104
2024-09-18 10:27:57.207000,411.0116911192603,1002
2024-09-18 10:27:57.224000,411.0951725266319,1001
2024-09-18 10:27:57.335000,411.0266420860896,1001
2024-09-18 10:27:57.482000,411.0726135678049,1004
2024-09-18 10:27:57.580000,411.0280894948462,6
2024-09-18 10:27:57.675000,411.0883416134022,1003
2024-09-18 10:27:57.759000,411.0777745636342,7
2024-09-18 10:27:57.764000,411.1026184015204,7
2024-09-18 10:27:57.800000,411.083061482759,1004
2024-09-18 10:27:57.806000,411.0001478047768,103
2024-09-18 10:27:57.979000,411.1059713543663,10
2024-09-18 10:27:58.015000,411.0688024443107,1005
2024-09-18 10:27:58.073000,411.0796365695545,96
2024-09-18 10:27:58.086000,411.079085151736,5
2024-09-18 10:27:58.095000,411.0634267739208,13
2024-09-18 10:27:58.201000,411.0883534983029,103
2024-09-18 10:27:58.240000,411.07619003915687,996
2024-09-18 10:27:58.399000,411.0923526455514,11
2024-09-18 10:27:58.570000,411.0734839854582,1000
2024-09-18 10:27:58.579000,411.0448694719103,1001
2024-09-18 10:27:58.620000,411.0787481265916,13
2024-09-18 10:27:58.690000,411.0787522115963,1002
2024-09-18 10:27:58.719000,411.0878825352557,10
2024-09-18 10:27:58.815000,411.0879170755728,995
2024-09-18 10:27:58.837000,411.0538287087492,15
2024-09-18 10:27:58.859000,411.0787505562022,13
2024-09-18 10:27:58.949000,411.08069189742514,15
2024-09-18 10:27:58.980000,411.0562494810848,997
2024-09-18 10:27:58.990000,411.07494416204736,97
2024-09-18 10:27:59.090000,411.07138045234416,15
2024-09-18 10:27:59.190000,411.0758365394421,15
2024-09-18 10:27:59.289000,411.0569799242088,1001
2024-09-18 10:27:59.342000,411.05567869906366,1000
2024-09-18 10:27:59.346000,411.0558011029573,10
2024-09-18 10:27:59.377000,411.0741356120858,96
2024-09-18 10:27:59.533000,411.0613256923439,995
2024-09-18 10:27:59.560000,411.0646797745358,10
2024-09-18 10:27:59.562000,411.0688139218778,10
2024-09-18 10:27:59.597000,411.070076069198,105
2024-09-18 10:27:59.622000,411.0772457346756,1004
2024-09-18 10:27:59.627000,411.096870416068,1003
2024-09-18 10:27:59.657000,411.0703024919498,102
2024-09-18 10:27:59.665000,411.088682545317,8
2024-09-18 10:27:59.844000,411.0695012820025,13
2024-09-18 10:27:59.903000,411.0977115384631,101
2024-09-18 10:27:59.948000,411.07699765580975,996
2024-09-18 10:27:59.955000,411.07586119600575,1004
