Timestamp,Price,Size
2024-09-16 11:28:00.073000,417.377096047222,9
2024-09-16 11:28:00.095000,417.39510134713095,95
2024-09-16 11:28:00.138000,417.35853684660384,996
2024-09-16 11:28:00.153000,417.36183400358544,996
2024-09-16 11:28:00.187000,417.3625387816346,999
2024-09-16 11:28:00.298000,417.3196222174566,999
2024-09-16 11:28:00.386000,417.3132090487979,997
2024-09-16 11:28:00.416000,417.3873298093234,12
2024-09-16 11:28:00.417000,417.3799761957816,999
2024-09-16 11:28:00.422000,417.3844774871479,999
2024-09-16 11:28:00.453000,417.3997517587671,105
2024-09-16 11:28:00.479000,417.3367411281961,995
2024-09-16 11:28:00.481000,417.4050941642798,997
2024-09-16 11:28:00.533000,417.31976298514,11
2024-09-16 11:28:00.534000,417.3715063391496,998
2024-09-16 11:28:00.565000,417.3972022156241,102
2024-09-16 11:28:00.570000,417.370934961929,997
2024-09-16 11:28:00.586000,417.3258491092872,8
2024-09-16 11:28:00.593000,417.3950300600528,103
2024-09-16 11:28:00.625000,417.3420125332596,6
2024-09-16 11:28:00.661000,417.378219715595,997
2024-09-16 11:28:00.661000,417.3931753064949,995
2024-09-16 11:28:00.680000,417.3494132047941,101
2024-09-16 11:28:00.762000,417.3340932874552,6
2024-09-16 11:28:00.763000,417.3824437238937,996
2024-09-16 11:28:00.778000,417.34345786277095,13
2024-09-16 11:28:00.803000,417.4228617538909,103
2024-09-16 11:28:00.888000,417.3324930348005,104
2024-09-16 11:28:00.929000,417.3729643593906,11
2024-09-16 11:28:00.993000,417.3706701756912,999
2024-09-16 11:28:01.019000,417.3245423808662,98
2024-09-16 11:28:01.032000,417.34526196505,15
2024-09-16 11:28:01.049000,417.3353161757481,104
2024-09-16 11:28:01.088000,417.3301725042634,15
2024-09-16 11:28:01.100000,417.3522191314041,100
2024-09-16 11:28:01.103000,417.3474850392413,105
2024-09-16 11:28:01.114000,417.3743464197655,6
2024-09-16 11:28:01.151000,417.3300396534953,1000
2024-09-16 11:28:01.169000,417.3425600747924,97
2024-09-16 11:28:01.223000,417.3320563464659,105
2024-09-16 11:28:01.247000,417.3718438865124,1002
2024-09-16 11:28:01.256000,417.33139820986446,12
2024-09-16 11:28:01.297000,417.3503476158708,95
2024-09-16 11:28:01.395000,417.3441391024031,12
2024-09-16 11:28:01.465000,417.37575877595617,12
2024-09-16 11:28:01.605000,417.3453185056815,14
2024-09-16 11:28:01.635000,417.34802347266753,14
2024-09-16 11:28:01.662000,417.32681912236393,96
2024-09-16 11:28:01.923000,417.36242504311537,95
2024-09-16 11:28:01.993000,417.3349913714882,95
2024-09-16 11:28:02.032000,417.32249871048987,995
2024-09-16 11:28:02.039000,417.3310888610222,1000
2024-09-16 11:28:02.075000,417.35461091222174,1004
2024-09-16 11:28:02.098000,417.3032261296377,998
2024-09-16 11:28:02.109000,417.3075734553688,11
2024-09-16 11:28:02.127000,417.3191308267452,6
2024-09-16 11:28:02.148000,417.3433392069032,102
2024-09-16 11:28:02.160000,417.3081416626036,1000
2024-09-16 11:28:02.191000,417.3100041750528,997
2024-09-16 11:28:02.216000,417.32262708464384,999
2024-09-16 11:28:02.398000,417.297037264394,1002
2024-09-16 11:28:02.406000,417.3165130473184,13
2024-09-16 11:28:02.459000,417.33549775880914,997
2024-09-16 11:28:02.501000,417.3133888454822,95
2024-09-16 11:28:02.568000,417.3313166134597,13
2024-09-16 11:28:02.577000,417.3655279241892,99
2024-09-16 11:28:02.657000,417.3376598652599,103
2024-09-16 11:28:02.689000,417.36550075453823,1002
2024-09-16 11:28:02.770000,417.3215087771621,101
2024-09-16 11:28:02.969000,417.319884945648,97
2024-09-16 11:28:02.996000,417.3673504058252,995
2024-09-16 11:28:03.013000,417.3070308446366,5
2024-09-16 11:28:03.078000,417.3437490500309,12
2024-09-16 11:28:03.085000,417.3000508274284,14
2024-09-16 11:28:03.114000,417.2945662862429,1005
2024-09-16 11:28:03.159000,417.35955795262015,1002
2024-09-16 11:28:03.288000,417.3068616827025,10
2024-09-16 11:28:03.312000,417.30901863637126,14
2024-09-16 11:28:03.349000,417.3321971565842,12
2024-09-16 11:28:03.422000,417.33697897881217,9
2024-09-16 11:28:03.494000,417.316213723928,104
2024-09-16 11:28:03.559000,417.3553641238981,1000
2024-09-16 11:28:03.619000,417.3543650738024,1004
2024-09-16 11:28:03.620000,417.31452341416406,105
2024-09-16 11:28:03.635000,417.31684259516567,96
2024-09-16 11:28:03.667000,417.31752290257975,1004
2024-09-16 11:28:03.668000,417.3210243799017,1001
2024-09-16 11:28:03.705000,417.3143423311429,1004
2024-09-16 11:28:03.872000,417.3252273911848,6
2024-09-16 11:28:04.003000,417.31130529576495,102
2024-09-16 11:28:04.010000,417.2831518479898,100
2024-09-16 11:28:04.017000,417.3227802605966,104
2024-09-16 11:28:04.055000,417.2858008115323,1001
2024-09-16 11:28:04.179000,417.3177537880024,6
2024-09-16 11:28:04.213000,417.3059225845283,999
2024-09-16 11:28:04.257000,417.2686085502697,10
2024-09-16 11:28:04.289000,417.30285051134393,996
2024-09-16 11:28:04.363000,417.32365710502177,15
2024-09-16 11:28:04.475000,417.3369507955952,11
2024-09-16 11:28:04.513000,417.2716105051944,1001
2024-09-16 11:28:04.529000,417.2647812292249,996
2024-09-16 11:28:04.550000,417.30092051608347,96
2024-09-16 11:28:04.588000,417.2824875916517,102
2024-09-16 11:28:04.633000,417.29641203171,14
2024-09-16 11:28:04.638000,417.3333328062836,101
2024-09-16 11:28:04.716000,417.3209786846898,11
2024-09-16 11:28:04.743000,417.30495877394014,97
2024-09-16 11:28:04.751000,417.26809905545497,1002
2024-09-16 11:28:04.759000,417.31940970731546,1001
2024-09-16 11:28:04.825000,417.3353008507516,100
2024-09-16 11:28:04.826000,417.2931519970711,103
2024-09-16 11:28:04.837000,417.2754644307721,8
2024-09-16 11:28:04.871000,417.32813369219446,99
2024-09-16 11:28:04.877000,417.28822548602375,998
2024-09-16 11:28:04.877000,417.3207559684433,6
2024-09-16 11:28:04.918000,417.28361086921416,11
2024-09-16 11:28:04.944000,417.3329219463032,11
2024-09-16 11:28:04.967000,417.3348298634809,997
2024-09-16 11:28:06.032000,417.2469717708293,101
2024-09-16 11:28:06.074000,417.26105747758754,996
2024-09-16 11:28:06.123000,417.26533549855736,995
2024-09-16 11:28:06.194000,417.213387386242,1003
2024-09-16 11:28:06.233000,417.2152460810541,1004
2024-09-16 11:28:06.264000,417.2670970159393,995
2024-09-16 11:28:06.344000,417.2578249921343,9
2024-09-16 11:28:06.395000,417.2301047580754,96
2024-09-16 11:28:06.425000,417.2635508379871,100
2024-09-16 11:28:06.484000,417.2337471968853,97
2024-09-16 11:28:06.532000,417.2410323931516,1005
2024-09-16 11:28:06.536000,417.2034407949552,1005
2024-09-16 11:28:06.539000,417.2226424421384,5
2024-09-16 11:28:06.637000,417.2652861754247,1001
2024-09-16 11:28:06.698000,417.2033043835279,1003
2024-09-16 11:28:06.717000,417.2534134078488,104
2024-09-16 11:28:06.764000,417.24916077338,1001
2024-09-16 11:28:06.871000,417.2456434901585,97
2024-09-16 11:28:06.902000,417.27016991104966,100
2024-09-16 11:28:06.915000,417.2315387544128,996
2024-09-16 11:28:06.942000,417.2392603013712,99
2024-09-16 11:28:06.954000,417.200903593998,101
2024-09-16 11:28:06.997000,417.2007752596823,997
2024-09-16 11:28:06.998000,417.240847457899,1001
2024-09-16 11:28:07.040000,417.2680642325878,1000
2024-09-16 11:28:07.042000,417.2371109880005,996
2024-09-16 11:28:07.058000,417.2762701126488,101
2024-09-16 11:28:07.068000,417.2452285223599,95
2024-09-16 11:28:07.101000,417.2863629172688,5
2024-09-16 11:28:07.118000,417.23979283436887,1001
2024-09-16 11:28:07.122000,417.2386622962576,97
2024-09-16 11:28:07.145000,417.2289757182497,10
2024-09-16 11:28:07.153000,417.314738121248,995
2024-09-16 11:28:07.288000,417.2951838481399,99
2024-09-16 11:28:07.296000,417.3009195651069,96
2024-09-16 11:28:07.299000,417.25116716465647,100
2024-09-16 11:28:07.353000,417.2587106417122,1005
2024-09-16 11:28:07.371000,417.3028471878589,100
2024-09-16 11:28:07.411000,417.2432803807958,14
2024-09-16 11:28:07.434000,417.2694910912768,101
2024-09-16 11:28:07.446000,417.2542422437375,1001
2024-09-16 11:28:07.905000,417.249968791118,996
2024-09-16 11:28:08.022000,417.2458611270914,1001
2024-09-16 11:28:08.106000,417.255287816872,8
2024-09-16 11:28:08.128000,417.2454870844266,6
2024-09-16 11:28:08.419000,417.2584336685533,15
2024-09-16 11:28:08.552000,417.26223985346,997
2024-09-16 11:28:08.696000,417.2580428060264,102
2024-09-16 11:28:08.780000,417.26361071257946,102
2024-09-16 11:28:08.926000,417.2689652941137,996
2024-09-16 11:28:09.103000,417.267184540973,105
2024-09-16 11:28:09.220000,417.2507064570223,11
2024-09-16 11:28:09.246000,417.256465449777,10
2024-09-16 11:28:09.297000,417.2019403310242,8
2024-09-16 11:28:09.397000,417.2642527923275,100
2024-09-16 11:28:09.406000,417.2282536726197,997
2024-09-16 11:28:09.447000,417.2001049096521,101
2024-09-16 11:28:09.468000,417.198014240369,99
2024-09-16 11:28:09.482000,417.189493853133,101
2024-09-16 11:28:09.532000,417.2200368404645,95
2024-09-16 11:28:09.595000,417.23352996760633,1004
2024-09-16 11:28:09.737000,417.26119800888273,1001
2024-09-16 11:28:09.762000,417.2173533862445,996
2024-09-16 11:28:09.785000,417.21784255295154,5
2024-09-16 11:28:09.808000,417.1697155422296,11
2024-09-16 11:28:09.836000,417.1968512473142,997
2024-09-16 11:28:09.870000,417.2573596195263,5
2024-09-16 11:28:09.922000,417.2204270291804,102
2024-09-16 11:28:09.996000,417.2066617649471,103
2024-09-16 11:28:10.056000,417.2216304745591,997
2024-09-16 11:28:10.130000,417.1401035592043,9
2024-09-16 11:28:10.316000,417.1982218537551,102
2024-09-16 11:28:10.451000,417.1628374374421,100
2024-09-16 11:28:10.468000,417.15879346322447,13
2024-09-16 11:28:10.587000,417.2102842647809,99
2024-09-16 11:28:10.611000,417.1566097887133,998
2024-09-16 11:28:10.630000,417.1123991601908,10
2024-09-16 11:28:10.737000,417.2104231582248,1000
2024-09-16 11:28:10.802000,417.218380078822,10
2024-09-16 11:28:10.864000,417.2043187132266,6
2024-09-16 11:28:10.919000,417.11812901679394,15
2024-09-16 11:28:10.932000,417.2115161416943,98
2024-09-16 11:28:10.970000,417.179688318323,105
2024-09-16 11:28:12.183000,417.1087499246428,100
2024-09-16 11:28:12.235000,417.1364589985733,1002
2024-09-16 11:28:12.406000,417.1723860976347,998
2024-09-16 11:28:12.448000,417.1123599415708,1004
2024-09-16 11:28:12.497000,417.1566792852798,9
2024-09-16 11:28:12.503000,417.1344036724027,998
2024-09-16 11:28:12.676000,417.1282751647714,995
2024-09-16 11:28:12.678000,417.16402803480696,1003
2024-09-16 11:28:12.768000,417.105537419265,996
2024-09-16 11:28:12.775000,417.1575019299708,102
2024-09-16 11:28:12.943000,417.174509491,96
2024-09-16 11:28:13.369000,417.1642516196728,1004
2024-09-16 11:28:13.521000,417.1700473878612,15
2024-09-16 11:28:14.074000,417.1515916890831,100
2024-09-16 11:28:14.161000,417.14279427738217,12
2024-09-16 11:28:14.237000,417.1251538522209,13
2024-09-16 11:28:14.296000,417.15097940599657,102
2024-09-16 11:28:14.345000,417.13421699907934,998
2024-09-16 11:28:14.616000,417.1517564414516,98
2024-09-16 11:28:14.665000,417.1655039636948,1000
2024-09-16 11:28:14.755000,417.154066156116,1004
2024-09-16 11:28:14.970000,417.1323480667924,102
2024-09-16 11:28:15.801000,417.14052851512673,995
2024-09-16 11:28:16.063000,417.152062511997,1002
2024-09-16 11:28:16.117000,417.13317000203233,14
2024-09-16 11:28:16.132000,417.15702322109735,6
2024-09-16 11:28:16.145000,417.1457884714791,5
2024-09-16 11:28:16.196000,417.137729420668,11
2024-09-16 11:28:16.236000,417.1394601352459,1002
2024-09-16 11:28:16.247000,417.14729507445855,997
2024-09-16 11:28:16.279000,417.1554887624115,1005
2024-09-16 11:28:16.594000,417.15090645204543,5
2024-09-16 11:28:16.648000,417.1205512793026,997
2024-09-16 11:28:16.733000,417.14716647785343,103
2024-09-16 11:28:16.786000,417.1420827347074,6
2024-09-16 11:28:16.904000,417.1408565682541,101
2024-09-16 11:28:16.973000,417.1631350167216,1002
2024-09-16 11:28:17.058000,417.106053920386,11
2024-09-16 11:28:17.166000,417.1143132276902,1002
2024-09-16 11:28:17.408000,417.12047400301344,96
2024-09-16 11:28:17.597000,417.1009132169033,5
2024-09-16 11:28:17.606000,417.0804149043025,98
2024-09-16 11:28:17.849000,417.08636282895367,100
2024-09-16 11:28:17.924000,417.07967957024255,95
2024-09-16 11:28:17.973000,417.0801062148548,95
2024-09-16 11:28:18.007000,417.1229549392873,999
2024-09-16 11:28:18.169000,417.0850934915974,1002
2024-09-16 11:28:18.200000,417.1402873814509,6
2024-09-16 11:28:18.233000,417.118145363868,102
2024-09-16 11:28:18.244000,417.1278858605911,99
2024-09-16 11:28:18.271000,417.14063602786456,96
2024-09-16 11:28:18.403000,417.0928688227662,1003
2024-09-16 11:28:18.484000,417.11275845819046,99
2024-09-16 11:28:18.737000,417.1247167758819,96
2024-09-16 11:28:18.753000,417.113024384863,8
2024-09-16 11:28:18.808000,417.1162342566163,1003
2024-09-16 11:28:18.876000,417.146244036658,999
2024-09-16 11:28:18.894000,417.10303067236566,104
2024-09-16 11:28:19.226000,417.1021357923095,999
2024-09-16 11:28:19.237000,417.1091288809216,1003
2024-09-16 11:28:19.262000,417.1134835226962,101
2024-09-16 11:28:19.363000,417.1006569102657,995
2024-09-16 11:28:19.455000,417.1203182207364,998
2024-09-16 11:28:19.457000,417.11465773463095,1003
2024-09-16 11:28:19.539000,417.1302531493748,103
2024-09-16 11:28:19.624000,417.1271660819352,9
2024-09-16 11:28:19.723000,417.1236653806033,97
2024-09-16 11:28:19.753000,417.14054422575913,99
2024-09-16 11:28:19.962000,417.1143689272825,10
2024-09-16 11:28:21.016000,417.1036921254941,14
2024-09-16 11:28:21.225000,417.100540042668,1002
2024-09-16 11:28:21.238000,417.0725184596136,12
2024-09-16 11:28:21.342000,417.08748635937474,996
2024-09-16 11:28:21.350000,417.0672663270643,1003
2024-09-16 11:28:21.414000,417.069304089181,6
2024-09-16 11:28:21.497000,417.06665638262734,5
2024-09-16 11:28:21.563000,417.0834859232935,1002
2024-09-16 11:28:21.685000,417.10467173785946,101
2024-09-16 11:28:21.732000,417.0696808624439,105
2024-09-16 11:28:21.759000,417.0872470443218,99
2024-09-16 11:28:21.992000,417.0802953362032,996
2024-09-16 11:28:22.143000,417.1188082040529,98
2024-09-16 11:28:22.180000,417.11917641306144,95
2024-09-16 11:28:22.184000,417.0661861330107,98
2024-09-16 11:28:22.251000,417.0754152237341,10
2024-09-16 11:28:22.373000,417.1361875036922,15
2024-09-16 11:28:22.525000,417.0775282300881,96
2024-09-16 11:28:22.609000,417.0991631003848,6
2024-09-16 11:28:22.693000,417.0996941425134,1001
2024-09-16 11:28:22.713000,417.0721205149413,1002
2024-09-16 11:28:22.761000,417.1389922779355,96
2024-09-16 11:28:22.820000,417.136921140102,105
2024-09-16 11:28:22.961000,417.0864108871754,5
2024-09-16 11:28:22.978000,417.0653642872519,5
2024-09-16 11:28:23.007000,417.1581194644177,100
2024-09-16 11:28:23.065000,417.18586582290345,103
2024-09-16 11:28:23.109000,417.14467715571647,95
2024-09-16 11:28:23.127000,417.1944238791279,1002
2024-09-16 11:28:23.147000,417.16757946292375,14
2024-09-16 11:28:23.178000,417.1370428546507,996
2024-09-16 11:28:23.189000,417.1453013854178,104
2024-09-16 11:28:23.199000,417.150102522224,99
2024-09-16 11:28:23.200000,417.18662160472576,14
2024-09-16 11:28:23.312000,417.15924204644085,99
2024-09-16 11:28:23.337000,417.1347372825255,104
2024-09-16 11:28:23.412000,417.1536000774902,102
2024-09-16 11:28:23.422000,417.1713675921545,102
2024-09-16 11:28:23.491000,417.1367553056701,96
2024-09-16 11:28:23.500000,417.14997056429854,104
2024-09-16 11:28:23.602000,417.1475153547096,103
2024-09-16 11:28:23.612000,417.17971735416575,5
2024-09-16 11:28:23.630000,417.1550814414262,100
2024-09-16 11:28:23.724000,417.14593623925873,7
2024-09-16 11:28:23.735000,417.1821654510782,1005
2024-09-16 11:28:23.778000,417.1507849597348,998
2024-09-16 11:28:23.780000,417.14544531298577,13
2024-09-16 11:28:23.782000,417.1602764412482,999
2024-09-16 11:28:23.856000,417.1584489556434,96
2024-09-16 11:28:24.024000,417.2294752772628,100
2024-09-16 11:28:24.077000,417.2771857607488,95
2024-09-16 11:28:24.119000,417.21822761542177,9
2024-09-16 11:28:24.128000,417.2674412793633,14
2024-09-16 11:28:24.147000,417.2217496020859,10
2024-09-16 11:28:24.171000,417.2549145488729,102
2024-09-16 11:28:24.214000,417.227959110469,95
2024-09-16 11:28:24.250000,417.2280293770888,8
2024-09-16 11:28:24.267000,417.2204525831316,101
2024-09-16 11:28:24.285000,417.20812460316967,1003
2024-09-16 11:28:24.298000,417.24243658647737,1001
2024-09-16 11:28:24.345000,417.2138516848402,96
2024-09-16 11:28:24.383000,417.22647544232416,97
2024-09-16 11:28:24.387000,417.256648531663,15
2024-09-16 11:28:24.441000,417.2058297007463,6
2024-09-16 11:28:24.478000,417.2409779442619,11
2024-09-16 11:28:24.519000,417.2273488442605,995
2024-09-16 11:28:24.556000,417.2797654950838,103
2024-09-16 11:28:24.645000,417.2352529579339,100
2024-09-16 11:28:24.805000,417.22891307465846,6
2024-09-16 11:28:24.818000,417.1997072271393,1005
2024-09-16 11:28:24.907000,417.265741379447,100
2024-09-16 11:28:24.960000,417.2147903685525,101
2024-09-16 11:28:24.960000,417.27312553407336,997
2024-09-16 11:28:25.106000,417.18139421299776,100
2024-09-16 11:28:25.209000,417.20016568445294,997
2024-09-16 11:28:25.257000,417.16408503988174,101
2024-09-16 11:28:25.483000,417.18413544545234,996
2024-09-16 11:28:25.523000,417.14525599524256,11
2024-09-16 11:28:25.805000,417.16958511281945,101
2024-09-16 11:28:25.823000,417.1899965751193,999
2024-09-16 11:28:26.249000,417.1585110185968,5
2024-09-16 11:28:26.618000,417.1479430684843,1005
2024-09-16 11:28:26.704000,417.13545814735727,995
2024-09-16 11:28:26.752000,417.1448382696079,101
2024-09-16 11:28:26.850000,417.12151865607217,995
2024-09-16 11:28:26.884000,417.13876953933016,100
2024-09-16 11:28:26.942000,417.14574022189504,997
2024-09-16 11:28:27.030000,417.159767562738,10
2024-09-16 11:28:27.039000,417.1681281608203,95
2024-09-16 11:28:27.047000,417.1989629156044,14
2024-09-16 11:28:27.115000,417.1401468209252,997
2024-09-16 11:28:27.166000,417.12634542848434,97
2024-09-16 11:28:27.166000,417.1467283784802,1001
2024-09-16 11:28:27.244000,417.1095484931766,104
2024-09-16 11:28:27.257000,417.1854301443996,9
2024-09-16 11:28:27.324000,417.1255829850514,12
2024-09-16 11:28:27.388000,417.1695822566314,103
2024-09-16 11:28:27.435000,417.1699119291642,998
2024-09-16 11:28:27.542000,417.1556689165235,13
2024-09-16 11:28:27.567000,417.2088932914225,98
2024-09-16 11:28:27.582000,417.1794799789898,11
2024-09-16 11:28:27.682000,417.15177564936295,9
2024-09-16 11:28:27.695000,417.1465964753962,96
2024-09-16 11:28:27.708000,417.12425056688295,95
2024-09-16 11:28:27.774000,417.1804352903267,1000
2024-09-16 11:28:27.824000,417.1209434882181,14
2024-09-16 11:28:27.852000,417.1225576470306,997
2024-09-16 11:28:27.894000,417.1392274009995,95
2024-09-16 11:28:27.937000,417.137944622409,99
2024-09-16 11:28:27.942000,417.1309810550764,7
2024-09-16 11:28:27.950000,417.1706168371886,997
2024-09-16 11:28:28.028000,417.2150791263573,99
2024-09-16 11:28:28.058000,417.20163604558456,100
2024-09-16 11:28:28.159000,417.2207603327849,100
2024-09-16 11:28:28.208000,417.1806088492834,999
2024-09-16 11:28:28.209000,417.1399688838257,8
2024-09-16 11:28:28.219000,417.14091986070895,1001
2024-09-16 11:28:28.230000,417.14892367005575,1001
2024-09-16 11:28:28.294000,417.118002311691,5
2024-09-16 11:28:28.362000,417.069171259673,14
2024-09-16 11:28:28.377000,417.20013383931575,12
2024-09-16 11:28:28.389000,417.1296451268586,5
2024-09-16 11:28:28.434000,417.1033278837986,1005
2024-09-16 11:28:28.452000,417.2156716060685,11
2024-09-16 11:28:28.479000,417.16124833704254,105
2024-09-16 11:28:28.482000,417.12715320390953,1000
2024-09-16 11:28:28.508000,417.17515328052633,1001
2024-09-16 11:28:28.551000,417.12107467929457,95
2024-09-16 11:28:28.595000,417.1415639156749,1000
2024-09-16 11:28:28.613000,417.1882601330461,104
2024-09-16 11:28:28.616000,417.16971406976734,6
2024-09-16 11:28:28.654000,417.12049071883,13
2024-09-16 11:28:28.676000,417.13905607294095,1002
2024-09-16 11:28:28.701000,417.2055060161367,95
2024-09-16 11:28:28.711000,417.1956285323023,97
2024-09-16 11:28:28.739000,417.1033161343157,104
2024-09-16 11:28:28.784000,417.1053438191237,5
2024-09-16 11:28:28.790000,417.2185253908734,1000
2024-09-16 11:28:28.903000,417.0893252625928,8
2024-09-16 11:28:28.909000,417.0975131278146,1005
2024-09-16 11:28:29.430000,417.0188894573771,14
2024-09-16 11:28:29.583000,417.0799954102248,12
2024-09-16 11:28:29.655000,417.0210322944969,1001
2024-09-16 11:28:29.672000,417.0186964638508,998
2024-09-16 11:28:29.689000,417.03469363509794,10
2024-09-16 11:28:29.728000,417.0474035010544,1003
2024-09-16 11:28:29.762000,417.03088206436814,102
2024-09-16 11:28:29.787000,417.0313990691645,1005
2024-09-16 11:28:29.796000,417.0281185770821,1005
2024-09-16 11:28:29.943000,417.0246764881923,997
2024-09-16 11:28:31.129000,417.0358630167302,8
2024-09-16 11:28:31.236000,417.0429586823297,1000
2024-09-16 11:28:31.258000,417.05111387566086,5
2024-09-16 11:28:31.325000,417.0733714208231,10
2024-09-16 11:28:31.363000,417.0636969422264,5
2024-09-16 11:28:31.420000,417.0400960526638,97
2024-09-16 11:28:31.536000,417.0516085738223,8
2024-09-16 11:28:31.770000,417.0522863917651,13
2024-09-16 11:28:31.847000,417.05767378423633,999
2024-09-16 11:28:31.911000,417.0433359537913,101
2024-09-16 11:28:32.058000,417.0449955110958,13
2024-09-16 11:28:32.190000,417.0493645514262,100
2024-09-16 11:28:32.285000,417.0315384645608,996
2024-09-16 11:28:32.351000,417.05170805806944,96
2024-09-16 11:28:32.438000,417.0247773835432,996
2024-09-16 11:28:32.607000,417.017149177086,14
2024-09-16 11:28:33.217000,417.0147935853763,13
2024-09-16 11:28:33.332000,417.03029700357234,95
2024-09-16 11:28:33.399000,417.0029926895577,99
2024-09-16 11:28:33.469000,417.0225569633512,1003
2024-09-16 11:28:33.671000,417.0106483525452,104
2024-09-16 11:28:33.740000,417.0014516864596,96
2024-09-16 11:28:33.872000,417.0099992249841,1001
2024-09-16 11:28:33.932000,417.03696273015305,1000
2024-09-16 11:28:34.048000,417.0940849859903,1003
2024-09-16 11:28:34.065000,417.1003834991941,995
2024-09-16 11:28:34.083000,417.08290424936456,103
2024-09-16 11:28:34.119000,417.107251296835,100
2024-09-16 11:28:34.135000,417.02923911505343,97
2024-09-16 11:28:34.168000,417.11218696092845,998
2024-09-16 11:28:34.176000,417.1283461494447,96
2024-09-16 11:28:34.191000,417.0848989661661,1004
2024-09-16 11:28:34.195000,417.1249364989699,996
2024-09-16 11:28:34.257000,417.0804236147656,100
2024-09-16 11:28:34.296000,417.0170706023776,998
2024-09-16 11:28:34.324000,417.0781899823982,999
2024-09-16 11:28:34.327000,417.0617956319225,5
2024-09-16 11:28:34.339000,417.01084077018703,7
2024-09-16 11:28:34.346000,417.11737135344254,104
2024-09-16 11:28:34.352000,417.0452246161456,1004
2024-09-16 11:28:34.406000,417.1114034788322,15
2024-09-16 11:28:34.466000,417.1007921969668,1004
2024-09-16 11:28:34.475000,417.08095297348814,13
2024-09-16 11:28:34.520000,417.0593696769229,12
2024-09-16 11:28:34.528000,417.12866622978135,102
2024-09-16 11:28:34.649000,417.067644526798,103
2024-09-16 11:28:34.730000,416.999791654144,1001
2024-09-16 11:28:34.813000,417.1130809546185,1001
2024-09-16 11:28:34.824000,417.0916168302744,13
2024-09-16 11:28:34.864000,417.0489858945459,1004
2024-09-16 11:28:34.958000,417.1181389375172,997
2024-09-16 11:28:34.965000,417.0803747336713,101
2024-09-16 11:28:35.067000,417.0144933932322,103
2024-09-16 11:28:35.112000,416.9506510420103,99
2024-09-16 11:28:35.113000,416.9626828371918,998
2024-09-16 11:28:35.244000,416.954467066518,101
2024-09-16 11:28:35.337000,416.9642013437912,998
2024-09-16 11:28:35.341000,416.9849395512297,995
2024-09-16 11:28:35.345000,417.05717303939775,96
2024-09-16 11:28:35.371000,417.046125035323,104
2024-09-16 11:28:35.472000,416.9539025909687,1002
2024-09-16 11:28:35.549000,417.046774921636,98
2024-09-16 11:28:35.662000,416.9913823747822,104
2024-09-16 11:28:35.697000,416.9839552560824,6
2024-09-16 11:28:35.756000,417.0492329824841,1000
2024-09-16 11:28:35.800000,416.99723666279374,1000
2024-09-16 11:28:35.881000,416.94928583065655,1002
2024-09-16 11:28:35.969000,417.0392449955938,100
2024-09-16 11:28:35.976000,417.04325949906166,1003
2024-09-16 11:28:35.977000,416.9594138396378,15
2024-09-16 11:28:36.171000,416.9890213424968,998
2024-09-16 11:28:36.172000,416.9945617306988,8
2024-09-16 11:28:36.222000,417.00163559194016,5
2024-09-16 11:28:36.384000,417.0008880396641,105
2024-09-16 11:28:36.441000,416.9938113949085,1003
2024-09-16 11:28:36.507000,417.0139464657433,104
2024-09-16 11:28:36.551000,416.9865537823799,998
2024-09-16 11:28:36.719000,416.9963693796724,96
2024-09-16 11:28:36.831000,416.98271784506267,999
2024-09-16 11:28:36.872000,417.0007069336836,995
2024-09-16 11:28:37.191000,417.040745680814,104
2024-09-16 11:28:37.371000,417.0503763269741,1004
2024-09-16 11:28:37.418000,417.0187789242744,102
2024-09-16 11:28:37.564000,417.0393267255774,9
2024-09-16 11:28:37.656000,417.0223999434616,7
2024-09-16 11:28:38.074000,417.0085487033232,998
2024-09-16 11:28:38.335000,417.0216175678205,95
2024-09-16 11:28:38.396000,417.0027823589996,1003
2024-09-16 11:28:38.580000,417.00225095126063,104
2024-09-16 11:28:38.610000,417.0161337090868,1005
2024-09-16 11:28:38.784000,417.0159102850224,15
2024-09-16 11:28:38.854000,417.02816289178514,999
2024-09-16 11:28:38.935000,417.0193651907747,1005
2024-09-16 11:28:38.970000,417.0032510652784,98
2024-09-16 11:28:39.145000,416.9656145634002,1004
2024-09-16 11:28:39.158000,417.0177521290146,13
2024-09-16 11:28:39.233000,417.000567104272,8
2024-09-16 11:28:39.235000,416.9917209981537,96
2024-09-16 11:28:39.254000,416.9625999168907,995
2024-09-16 11:28:39.295000,416.9637854153905,998
2024-09-16 11:28:39.390000,416.97655606857165,95
2024-09-16 11:28:39.419000,416.96816865764265,100
2024-09-16 11:28:39.467000,417.011102219378,1000
2024-09-16 11:28:39.486000,417.03085101788,102
2024-09-16 11:28:39.551000,416.9551710163557,12
2024-09-16 11:28:39.599000,417.0177250411054,99
2024-09-16 11:28:39.613000,416.9935399472933,103
2024-09-16 11:28:39.618000,416.99239897884,997
2024-09-16 11:28:39.622000,416.9751443603296,10
2024-09-16 11:28:39.631000,416.9886374794124,101
2024-09-16 11:28:39.711000,416.9534496537253,5
2024-09-16 11:28:39.720000,417.02101190216894,104
2024-09-16 11:28:39.722000,416.9946496663919,998
2024-09-16 11:28:39.726000,416.98332059227033,102
2024-09-16 11:28:39.741000,417.00895157409866,998
2024-09-16 11:28:39.747000,416.964754725282,1003
2024-09-16 11:28:39.791000,416.96450599036217,995
2024-09-16 11:28:39.801000,417.0018836932566,1003
2024-09-16 11:28:39.801000,416.98984176059,14
2024-09-16 11:28:39.908000,417.01253468764975,104
2024-09-16 11:28:39.950000,417.0267297970837,1001
2024-09-16 11:28:39.950000,416.9771624661419,13
2024-09-16 11:28:39.956000,416.99776624667874,103
2024-09-16 11:28:40.018000,417.0157872703528,1001
2024-09-16 11:28:40.089000,417.0255159338144,103
2024-09-16 11:28:40.150000,417.0404715000053,99
2024-09-16 11:28:40.212000,416.9944791071633,1000
2024-09-16 11:28:40.366000,417.0132665187013,995
2024-09-16 11:28:40.375000,417.02315022119865,8
2024-09-16 11:28:40.390000,417.0141822931523,998
2024-09-16 11:28:40.460000,417.0248287035213,99
2024-09-16 11:28:40.538000,417.0046157903213,100
2024-09-16 11:28:40.741000,417.0058807569255,998
2024-09-16 11:28:40.762000,417.0435107706874,8
2024-09-16 11:28:40.808000,417.02405174588046,97
2024-09-16 11:28:40.810000,417.0244595032127,101
2024-09-16 11:28:40.906000,417.0454508560903,997
2024-09-16 11:28:40.918000,417.0064652524993,100
2024-09-16 11:28:40.989000,417.02329531142686,998
2024-09-16 11:28:42.091000,417.0198963380775,104
2024-09-16 11:28:42.114000,417.0594283308189,999
2024-09-16 11:28:42.127000,417.0169431275301,996
2024-09-16 11:28:42.142000,417.0490411841948,96
2024-09-16 11:28:42.152000,416.984438117796,95
2024-09-16 11:28:42.214000,416.9903463700692,104
2024-09-16 11:28:42.230000,416.9925388160416,997
2024-09-16 11:28:42.249000,417.0062396945058,998
2024-09-16 11:28:42.298000,417.0379682469469,103
2024-09-16 11:28:42.335000,417.0357078649934,12
2024-09-16 11:28:42.367000,416.99004179567663,5
2024-09-16 11:28:42.374000,417.06059052008646,105
2024-09-16 11:28:42.436000,417.0192112003962,1002
2024-09-16 11:28:42.524000,417.0069756207319,998
2024-09-16 11:28:42.549000,417.0412966989023,996
2024-09-16 11:28:42.621000,416.9912896182501,5
2024-09-16 11:28:42.702000,416.99827853857227,11
2024-09-16 11:28:42.765000,417.0428877639225,12
2024-09-16 11:28:42.812000,417.0615279293172,104
2024-09-16 11:28:42.814000,417.0073994047031,103
2024-09-16 11:28:42.890000,416.9939997084728,9
2024-09-16 11:28:42.953000,417.01086898858034,1003
2024-09-16 11:28:42.971000,417.0057806280488,996
2024-09-16 11:28:42.991000,416.9892565672693,1001
2024-09-16 11:28:43.014000,417.0812640098577,999
2024-09-16 11:28:43.027000,417.101205004257,11
2024-09-16 11:28:43.031000,417.0514977752548,998
2024-09-16 11:28:43.137000,417.0462597671298,10
2024-09-16 11:28:43.217000,417.10792684549386,10
2024-09-16 11:28:43.279000,417.06128128576574,98
2024-09-16 11:28:43.287000,417.04813484525766,995
2024-09-16 11:28:43.365000,417.0619236697399,13
2024-09-16 11:28:43.428000,417.1002168632904,7
2024-09-16 11:28:43.512000,417.0607317298968,1005
2024-09-16 11:28:43.515000,417.094083042734,104
2024-09-16 11:28:43.532000,417.0838903836631,105
2024-09-16 11:28:43.563000,417.117731378621,7
2024-09-16 11:28:43.565000,417.06587447795664,1005
2024-09-16 11:28:43.574000,417.0453994528282,101
2024-09-16 11:28:43.631000,417.1128708746763,95
2024-09-16 11:28:43.690000,417.0490047281355,995
2024-09-16 11:28:43.722000,417.093714682036,13
2024-09-16 11:28:43.764000,417.10974486475055,101
2024-09-16 11:28:43.776000,417.1138683174223,1003
2024-09-16 11:28:43.800000,417.0746030926117,999
2024-09-16 11:28:43.804000,417.0752913615092,10
2024-09-16 11:28:43.847000,417.0773056926975,998
2024-09-16 11:28:43.899000,417.082121382472,98
2024-09-16 11:28:43.940000,417.0961202905424,1000
2024-09-16 11:28:43.960000,417.04967028502665,6
2024-09-16 11:28:43.984000,417.1032902310773,12
2024-09-16 11:28:44.048000,417.0924242307654,13
2024-09-16 11:28:44.158000,417.1147438669192,100
2024-09-16 11:28:44.175000,417.0819013965237,998
2024-09-16 11:28:44.364000,417.0712002262733,997
2024-09-16 11:28:44.395000,417.1228143514778,995
2024-09-16 11:28:44.531000,417.0976460782416,1002
2024-09-16 11:28:44.538000,417.10891618823706,1004
2024-09-16 11:28:44.610000,417.0851927091208,105
2024-09-16 11:28:44.614000,417.1042179250455,1004
2024-09-16 11:28:44.621000,417.0995564584098,13
2024-09-16 11:28:44.630000,417.0891846162867,95
2024-09-16 11:28:44.638000,417.0949837050848,13
2024-09-16 11:28:44.728000,417.1124519829067,97
2024-09-16 11:28:44.747000,417.054736570225,5
2024-09-16 11:28:44.764000,417.0982206728588,1001
2024-09-16 11:28:44.821000,417.10081904718896,14
2024-09-16 11:28:44.865000,417.112407443742,103
2024-09-16 11:28:44.874000,417.1039073808759,1005
2024-09-16 11:28:44.936000,417.10517091200194,8
2024-09-16 11:28:45.102000,417.0960694393349,97
2024-09-16 11:28:45.130000,417.1184500100232,11
2024-09-16 11:28:45.148000,417.103925619967,95
2024-09-16 11:28:45.277000,417.1114786074282,103
2024-09-16 11:28:45.287000,417.0938327724208,97
2024-09-16 11:28:45.303000,417.09316320429855,996
2024-09-16 11:28:45.377000,417.080116093892,13
2024-09-16 11:28:45.418000,417.1205929937683,104
2024-09-16 11:28:45.423000,417.0875918476605,100
2024-09-16 11:28:45.581000,417.0908617605371,1001
2024-09-16 11:28:45.603000,417.0961562664122,101
2024-09-16 11:28:45.646000,417.0945627624982,97
2024-09-16 11:28:45.696000,417.1000466650447,8
2024-09-16 11:28:45.816000,417.0993693867714,1001
2024-09-16 11:28:45.895000,417.08382804340346,105
2024-09-16 11:28:45.922000,417.0953804677424,98
2024-09-16 11:28:45.932000,417.09871757640286,99
2024-09-16 11:28:45.940000,417.07568974265695,102
2024-09-16 11:28:45.993000,417.08879639900994,12
2024-09-16 11:28:46.038000,417.1127983632971,1003
2024-09-16 11:28:46.079000,417.1247425815056,9
2024-09-16 11:28:46.140000,417.1178981878778,7
2024-09-16 11:28:46.149000,417.1207844163425,98
2024-09-16 11:28:46.659000,417.1247320529236,12
2024-09-16 11:28:46.806000,417.1374273937332,14
2024-09-16 11:28:46.879000,417.13065835799694,14
2024-09-16 11:28:47.050000,417.1158569176625,14
2024-09-16 11:28:47.100000,417.1659419864792,96
2024-09-16 11:28:47.111000,417.13589845923,105
2024-09-16 11:28:47.171000,417.14657626604384,997
2024-09-16 11:28:47.172000,417.14301035096594,99
2024-09-16 11:28:47.184000,417.09220723191146,998
2024-09-16 11:28:47.191000,417.10396337580346,103
2024-09-16 11:28:47.232000,417.0905717462456,1005
2024-09-16 11:28:47.304000,417.11184371613336,997
2024-09-16 11:28:47.324000,417.1023755502836,1002
2024-09-16 11:28:47.393000,417.1574841213565,96
2024-09-16 11:28:47.450000,417.1173079448214,997
2024-09-16 11:28:47.518000,417.10543408152427,1005
2024-09-16 11:28:47.627000,417.1754365018733,98
2024-09-16 11:28:47.646000,417.1718706722841,98
2024-09-16 11:28:47.721000,417.1726103474375,1001
2024-09-16 11:28:47.753000,417.0999192876432,8
2024-09-16 11:28:47.812000,417.11038599703534,9
2024-09-16 11:28:47.884000,417.1631447029259,8
2024-09-16 11:28:47.892000,417.1253150464412,10
2024-09-16 11:28:47.915000,417.10505145577486,12
2024-09-16 11:28:47.987000,417.1015231577798,15
2024-09-16 11:28:48.020000,417.1715666070365,1000
2024-09-16 11:28:48.046000,417.1747036448994,15
2024-09-16 11:28:48.061000,417.21554824369855,1005
2024-09-16 11:28:48.103000,417.1950118571692,13
2024-09-16 11:28:48.111000,417.186789413137,96
2024-09-16 11:28:48.185000,417.1760551286096,96
2024-09-16 11:28:48.301000,417.199332008861,7
2024-09-16 11:28:48.416000,417.1549590487968,9
2024-09-16 11:28:48.432000,417.1857854275584,1004
2024-09-16 11:28:48.467000,417.176655735497,104
2024-09-16 11:28:48.475000,417.1979873820636,97
2024-09-16 11:28:48.527000,417.1782404813517,1004
2024-09-16 11:28:48.607000,417.1934294549346,1003
2024-09-16 11:28:48.611000,417.19658502539926,1001
2024-09-16 11:28:48.627000,417.1933767758157,11
2024-09-16 11:28:48.753000,417.2141848109466,98
2024-09-16 11:28:48.813000,417.2008059931285,102
2024-09-16 11:28:48.895000,417.15765144117086,12
2024-09-16 11:28:48.907000,417.1731932095365,1005
2024-09-16 11:28:48.929000,417.1652910608821,104
2024-09-16 11:28:48.988000,417.14603388344295,15
2024-09-16 11:28:48.994000,417.19737850823606,99
2024-09-16 11:28:48.995000,417.1949531919333,1003
2024-09-16 11:28:49.349000,417.1841114126034,999
2024-09-16 11:28:49.384000,417.1917044194906,103
2024-09-16 11:28:49.399000,417.19688086359446,995
2024-09-16 11:28:49.512000,417.1912289894922,9
2024-09-16 11:28:49.596000,417.1995226152764,95
2024-09-16 11:28:50.078000,417.2231252445271,12
2024-09-16 11:28:50.100000,417.2034887405846,11
2024-09-16 11:28:50.158000,417.1959741305496,98
2024-09-16 11:28:50.189000,417.1816512782955,10
2024-09-16 11:28:50.231000,417.2087586228867,95
2024-09-16 11:28:50.236000,417.2055801311623,15
2024-09-16 11:28:50.313000,417.2003003912263,100
2024-09-16 11:28:50.332000,417.2151807120343,99
2024-09-16 11:28:50.468000,417.1919327745909,997
2024-09-16 11:28:50.493000,417.1799072073851,14
2024-09-16 11:28:50.494000,417.2257343958843,11
2024-09-16 11:28:50.557000,417.20293607688393,100
2024-09-16 11:28:50.596000,417.2359637027629,997
2024-09-16 11:28:50.597000,417.2035484826017,11
2024-09-16 11:28:50.721000,417.1870778262152,998
2024-09-16 11:28:50.760000,417.2024818957729,999
2024-09-16 11:28:50.821000,417.16975530779166,101
2024-09-16 11:28:50.834000,417.2110185119337,7
2024-09-16 11:28:50.931000,417.219985369846,10
2024-09-16 11:28:50.948000,417.1950919930968,97
2024-09-16 11:28:51.013000,417.16621286783504,98
2024-09-16 11:28:51.029000,417.18972408549786,8
2024-09-16 11:28:51.031000,417.208486230723,5
2024-09-16 11:28:51.221000,417.2222294636348,1004
2024-09-16 11:28:51.236000,417.2146474869773,102
2024-09-16 11:28:51.325000,417.1874203432776,1001
2024-09-16 11:28:51.360000,417.1634826170381,999
2024-09-16 11:28:51.468000,417.2347573891751,14
2024-09-16 11:28:51.559000,417.1935716384767,1001
2024-09-16 11:28:51.743000,417.1934669402695,11
2024-09-16 11:28:51.794000,417.211584101276,97
2024-09-16 11:28:51.839000,417.21173954578114,1004
2024-09-16 11:28:51.874000,417.2115617257316,101
2024-09-16 11:28:51.915000,417.1820547053966,100
2024-09-16 11:28:51.958000,417.21014289915513,1001
2024-09-16 11:28:51.959000,417.1931937589723,998
2024-09-16 11:28:51.960000,417.1824623072038,11
2024-09-16 11:28:52.301000,417.1404021669349,97
2024-09-16 11:28:52.468000,417.1566473723077,995
2024-09-16 11:28:52.555000,417.1579032726379,8
2024-09-16 11:28:52.708000,417.1499631447227,1003
2024-09-16 11:28:52.757000,417.14710666105447,13
2024-09-16 11:28:53.189000,417.1554185697221,102
2024-09-16 11:28:53.211000,417.1543322797143,100
2024-09-16 11:28:53.708000,417.1753166191147,103
2024-09-16 11:28:53.909000,417.1406409493197,1003
2024-09-16 11:28:54.073000,417.11027914372,6
2024-09-16 11:28:54.241000,417.1473256322087,95
2024-09-16 11:28:54.314000,417.1486227222869,13
2024-09-16 11:28:54.363000,417.1108774546617,1002
2024-09-16 11:28:54.436000,417.1364426399186,103
2024-09-16 11:28:54.466000,417.1443776215822,7
2024-09-16 11:28:54.477000,417.1322179610879,9
2024-09-16 11:28:54.540000,417.1494090821524,1001
2024-09-16 11:28:54.596000,417.127922722482,105
2024-09-16 11:28:54.928000,417.1436358807956,14
2024-09-16 11:28:54.929000,417.12307143512703,101
2024-09-16 11:28:55.016000,417.11128386541634,102
2024-09-16 11:28:55.018000,417.1605843375228,15
2024-09-16 11:28:55.086000,417.0931250084919,9
2024-09-16 11:28:55.163000,417.1180082213213,9
2024-09-16 11:28:55.163000,417.1504219003132,996
2024-09-16 11:28:55.252000,417.1068307520175,999
2024-09-16 11:28:55.276000,417.1251590330367,15
2024-09-16 11:28:55.329000,417.1272140713228,1003
2024-09-16 11:28:55.373000,417.1473481600025,14
2024-09-16 11:28:55.448000,417.0743883096198,12
2024-09-16 11:28:55.636000,417.1118330752016,97
2024-09-16 11:28:55.669000,417.06755151879327,7
2024-09-16 11:28:55.705000,417.1159116288288,1000
2024-09-16 11:28:55.723000,417.126619285114,102
2024-09-16 11:28:55.741000,417.10802746370166,999
2024-09-16 11:28:55.830000,417.07589834411885,999
2024-09-16 11:28:55.896000,417.1742413056792,10
2024-09-16 11:28:56.079000,417.17556198281545,13
2024-09-16 11:28:56.082000,417.2387309383964,1005
2024-09-16 11:28:56.121000,417.2031086594488,99
2024-09-16 11:28:56.164000,417.1958751294448,13
2024-09-16 11:28:56.174000,417.2264585515212,5
2024-09-16 11:28:56.209000,417.2057079591528,101
2024-09-16 11:28:56.330000,417.18352150713866,101
2024-09-16 11:28:56.334000,417.2391419251399,1003
2024-09-16 11:28:56.404000,417.2366328932805,15
2024-09-16 11:28:56.440000,417.205198213138,103
2024-09-16 11:28:56.520000,417.2145769551452,6
2024-09-16 11:28:56.524000,417.22043472379306,1001
2024-09-16 11:28:56.640000,417.2479647205319,103
2024-09-16 11:28:56.717000,417.237742507337,96
2024-09-16 11:28:56.754000,417.2143540406404,105
2024-09-16 11:28:56.826000,417.2105013249108,1001
2024-09-16 11:28:56.840000,417.23728528830384,104
2024-09-16 11:28:56.888000,417.2108306937081,105
2024-09-16 11:28:56.899000,417.2379450248847,5
2024-09-16 11:28:56.957000,417.1799899872011,105
2024-09-16 11:28:56.976000,417.238706631549,999
2024-09-16 11:28:57.146000,417.1709861939741,96
2024-09-16 11:28:57.382000,417.200292766788,1001
2024-09-16 11:28:57.527000,417.1733669697579,6
2024-09-16 11:28:57.581000,417.1629241027521,1001
2024-09-16 11:28:57.610000,417.16987455865313,98
2024-09-16 11:28:57.881000,417.1784195031124,1000
2024-09-16 11:28:57.889000,417.200220447606,998
2024-09-16 11:28:58.041000,417.17615580951787,6
2024-09-16 11:28:58.160000,417.1512613778484,11
2024-09-16 11:28:58.162000,417.1604286707105,8
2024-09-16 11:28:58.285000,417.1130531115535,7
2024-09-16 11:28:58.303000,417.139484185396,8
2024-09-16 11:28:58.321000,417.1639507730338,8
2024-09-16 11:28:58.438000,417.1229153512824,996
2024-09-16 11:28:58.943000,417.1308576223181,1004
2024-09-16 11:28:59.076000,417.1061625732458,11
2024-09-16 11:28:59.146000,417.0520338201007,5
2024-09-16 11:28:59.251000,417.0502876438349,1004
2024-09-16 11:28:59.280000,417.0813695825151,103
2024-09-16 11:28:59.341000,417.10024132266017,1003
2024-09-16 11:28:59.454000,417.074949726526,7
2024-09-16 11:28:59.485000,417.0734440815046,1002
2024-09-16 11:28:59.563000,417.0580812574365,12
2024-09-16 11:28:59.733000,417.0858442816181,15
2024-09-16 11:28:59.754000,417.1170099391006,13
2024-09-16 11:28:59.803000,417.0920194358121,6
2024-09-16 11:28:59.837000,417.1266554062988,1002
2024-09-16 11:28:59.847000,417.1070011842641,1005
2024-09-16 11:28:59.867000,417.10498704188086,14
2024-09-16 11:28:59.927000,417.0883868885253,1005
