Timestamp,Price,Size
2024-09-16 13:32:00.030000,415.24811123336696,1005
2024-09-16 13:32:00.059000,415.2473207234346,1004
2024-09-16 13:32:00.455000,415.2739163457089,1004
2024-09-16 13:32:00.539000,415.24183237228016,100
2024-09-16 13:32:00.564000,415.24453992512025,14
2024-09-16 13:32:00.652000,415.23587231574913,98
2024-09-16 13:32:00.667000,415.2622016265246,11
2024-09-16 13:32:00.692000,415.2537758291001,995
2024-09-16 13:32:00.848000,415.24495740179714,102
2024-09-16 13:32:00.859000,415.2574983762914,100
2024-09-16 13:32:00.909000,415.2587116295476,11
2024-09-16 13:32:01.005000,415.3224364303904,14
2024-09-16 13:32:01.020000,415.2808645182636,997
2024-09-16 13:32:01.036000,415.2841021808396,995
2024-09-16 13:32:01.066000,415.2817889048183,104
2024-09-16 13:32:01.150000,415.2901516737129,995
2024-09-16 13:32:01.156000,415.3182068900748,1001
2024-09-16 13:32:01.182000,415.3098760703283,5
2024-09-16 13:32:01.186000,415.2990261916729,1000
2024-09-16 13:32:01.221000,415.2907410558109,1000
2024-09-16 13:32:01.227000,415.3109209389351,11
2024-09-16 13:32:01.277000,415.2849673955749,998
2024-09-16 13:32:01.295000,415.2988462940584,95
2024-09-16 13:32:01.376000,415.3198071366592,1004
2024-09-16 13:32:01.399000,415.3052857650954,102
2024-09-16 13:32:01.412000,415.28129619949294,11
2024-09-16 13:32:01.415000,415.2866310937941,96
2024-09-16 13:32:01.425000,415.2962448187988,999
2024-09-16 13:32:01.429000,415.2804487471869,1001
2024-09-16 13:32:01.435000,415.3016661281496,13
2024-09-16 13:32:01.529000,415.2962549779417,97
2024-09-16 13:32:01.580000,415.2930522485976,1002
2024-09-16 13:32:01.698000,415.2818131672107,7
2024-09-16 13:32:01.793000,415.31281823560846,995
2024-09-16 13:32:01.807000,415.2909579445529,15
2024-09-16 13:32:01.858000,415.2752437494401,996
2024-09-16 13:32:01.941000,415.2945974397996,1003
2024-09-16 13:32:01.998000,415.28164455464406,1000
2024-09-16 13:32:02.028000,415.25695067790616,8
2024-09-16 13:32:02.095000,415.2503120155951,13
2024-09-16 13:32:02.126000,415.2130013256992,102
2024-09-16 13:32:02.135000,415.2581412138143,14
2024-09-16 13:32:02.163000,415.3084410448925,99
2024-09-16 13:32:02.199000,415.2333525755514,997
2024-09-16 13:32:02.226000,415.2199148979825,95
2024-09-16 13:32:02.235000,415.23685697785567,13
2024-09-16 13:32:02.324000,415.2549102162525,8
2024-09-16 13:32:02.335000,415.28847871779766,1001
2024-09-16 13:32:02.345000,415.217232541715,96
2024-09-16 13:32:02.388000,415.2871613823188,8
2024-09-16 13:32:02.422000,415.2499246018885,1004
2024-09-16 13:32:02.482000,415.2750481945039,11
2024-09-16 13:32:02.496000,415.2323729323281,103
2024-09-16 13:32:02.568000,415.2579122986423,11
2024-09-16 13:32:02.699000,415.2559198570042,13
2024-09-16 13:32:02.714000,415.2386881735696,6
2024-09-16 13:32:02.717000,415.2872790578917,101
2024-09-16 13:32:02.869000,415.2594186994686,102
2024-09-16 13:32:02.890000,415.2570049407544,6
2024-09-16 13:32:02.900000,415.2629069857197,96
2024-09-16 13:32:03.021000,415.1606822185631,1004
2024-09-16 13:32:03.047000,415.2592941850327,103
2024-09-16 13:32:03.051000,415.2680509323933,104
2024-09-16 13:32:03.088000,415.1468705857881,996
2024-09-16 13:32:03.120000,415.2466267154397,15
2024-09-16 13:32:03.144000,415.1468653338597,102
2024-09-16 13:32:03.205000,415.2704901824504,998
2024-09-16 13:32:03.292000,415.2557929462623,6
2024-09-16 13:32:03.295000,415.2667818415211,1001
2024-09-16 13:32:03.348000,415.2280511685668,1004
2024-09-16 13:32:03.354000,415.1486594863847,1004
2024-09-16 13:32:03.372000,415.2474098081897,1002
2024-09-16 13:32:03.385000,415.26519311202463,1004
2024-09-16 13:32:03.433000,415.1553419978507,1003
2024-09-16 13:32:03.550000,415.2217324824044,997
2024-09-16 13:32:03.588000,415.1431453107843,14
2024-09-16 13:32:03.662000,415.1599177087341,9
2024-09-16 13:32:03.726000,415.2240477438238,1003
2024-09-16 13:32:03.760000,415.2706220113422,1002
2024-09-16 13:32:03.813000,415.1933234620377,98
2024-09-16 13:32:03.816000,415.2026622856025,1005
2024-09-16 13:32:03.830000,415.23133073477015,11
2024-09-16 13:32:03.891000,415.1573230777748,8
2024-09-16 13:32:03.918000,415.2249628130465,98
2024-09-16 13:32:03.920000,415.2297247874037,995
2024-09-16 13:32:03.933000,415.184104176375,98
2024-09-16 13:32:03.983000,415.2590101878213,10
2024-09-16 13:32:03.989000,415.27621190906353,7
2024-09-16 13:32:04.016000,415.1972317870289,105
2024-09-16 13:32:04.109000,415.1676253689723,95
2024-09-16 13:32:04.121000,415.17049397844033,995
2024-09-16 13:32:04.152000,415.1684789854508,95
2024-09-16 13:32:04.231000,415.1952318061912,95
2024-09-16 13:32:04.256000,415.1888068995724,98
2024-09-16 13:32:04.357000,415.171388707084,102
2024-09-16 13:32:04.367000,415.1535176060794,103
2024-09-16 13:32:04.383000,415.1407786011911,102
2024-09-16 13:32:04.498000,415.1923712071184,97
2024-09-16 13:32:04.507000,415.1446635494868,1000
2024-09-16 13:32:04.569000,415.1639135432649,1003
2024-09-16 13:32:04.581000,415.1709142919804,5
2024-09-16 13:32:04.594000,415.1748992990972,995
2024-09-16 13:32:04.604000,415.168680012993,1000
2024-09-16 13:32:04.614000,415.1931451746024,11
2024-09-16 13:32:04.655000,415.1596692143756,6
2024-09-16 13:32:04.661000,415.1553269903585,1002
2024-09-16 13:32:04.663000,415.1693435007079,6
2024-09-16 13:32:04.673000,415.194200821306,7
2024-09-16 13:32:04.718000,415.1723751150553,96
2024-09-16 13:32:04.763000,415.1737413476036,6
2024-09-16 13:32:04.774000,415.1773960469452,9
2024-09-16 13:32:04.779000,415.14737908733736,96
2024-09-16 13:32:04.796000,415.1474122359881,13
2024-09-16 13:32:04.934000,415.14686488307206,998
2024-09-16 13:32:04.965000,415.1513895559686,97
2024-09-16 13:32:05.083000,415.1589879033489,9
2024-09-16 13:32:05.119000,415.1906996946452,104
2024-09-16 13:32:05.135000,415.18112320474086,6
2024-09-16 13:32:05.225000,415.1599052768104,997
2024-09-16 13:32:05.315000,415.1964862179551,13
2024-09-16 13:32:05.327000,415.180053164223,104
2024-09-16 13:32:05.489000,415.1932540553912,995
2024-09-16 13:32:05.515000,415.1627249085596,1002
2024-09-16 13:32:05.547000,415.1820565846649,7
2024-09-16 13:32:05.658000,415.1890135345425,95
2024-09-16 13:32:05.663000,415.1826522839489,97
2024-09-16 13:32:05.726000,415.1803758638517,99
2024-09-16 13:32:05.802000,415.1729615372497,12
2024-09-16 13:32:05.865000,415.199587844293,1005
2024-09-16 13:32:05.910000,415.19483087859305,997
2024-09-16 13:32:05.934000,415.1740764676001,98
2024-09-16 13:32:06.077000,414.9569660305079,100
2024-09-16 13:32:06.097000,415.1269336032432,12
2024-09-16 13:32:06.107000,415.0438216173402,996
2024-09-16 13:32:06.206000,414.9807932228242,95
2024-09-16 13:32:06.234000,414.9570157306978,1005
2024-09-16 13:32:06.249000,414.9929411834245,12
2024-09-16 13:32:06.317000,415.03373395718427,14
2024-09-16 13:32:06.381000,415.01360422105626,97
2024-09-16 13:32:06.469000,414.9437083175693,101
2024-09-16 13:32:06.471000,414.9753696325644,99
2024-09-16 13:32:06.497000,415.0652787634426,99
2024-09-16 13:32:06.528000,414.9531665039653,13
2024-09-16 13:32:06.678000,415.0239953151703,12
2024-09-16 13:32:06.696000,415.1396201397622,98
2024-09-16 13:32:06.712000,415.04993621202567,1001
2024-09-16 13:32:06.761000,415.043597731948,95
2024-09-16 13:32:06.818000,415.1013842358586,99
2024-09-16 13:32:06.834000,414.9815145697222,997
2024-09-16 13:32:06.936000,414.9431473047474,14
2024-09-16 13:32:07.050000,415.0070111391574,8
2024-09-16 13:32:07.081000,415.0338716526022,9
2024-09-16 13:32:07.163000,415.01672643700334,997
2024-09-16 13:32:07.191000,415.0259314616528,998
2024-09-16 13:32:07.265000,415.025496715489,96
2024-09-16 13:32:07.281000,415.0070424752605,11
2024-09-16 13:32:07.288000,414.95137983491793,98
2024-09-16 13:32:07.343000,414.9601512289531,1005
2024-09-16 13:32:07.455000,415.0010759337078,95
2024-09-16 13:32:07.478000,415.0078672540057,8
2024-09-16 13:32:07.479000,414.9935898819791,1002
2024-09-16 13:32:07.574000,414.99899421085246,11
2024-09-16 13:32:07.662000,414.95890402424106,1003
2024-09-16 13:32:07.695000,414.9878763985442,9
2024-09-16 13:32:07.700000,414.98902493065526,15
2024-09-16 13:32:07.766000,414.95288333866375,1005
2024-09-16 13:32:07.840000,415.00230219337766,8
2024-09-16 13:32:07.851000,414.98702621883353,95
2024-09-16 13:32:07.870000,415.0132396920504,998
2024-09-16 13:32:07.999000,415.0213034306197,1002
2024-09-16 13:32:08.177000,414.9828714122563,5
2024-09-16 13:32:08.250000,414.9882286023476,998
2024-09-16 13:32:08.288000,414.9834012207098,1004
2024-09-16 13:32:08.319000,414.9826733431165,7
2024-09-16 13:32:08.655000,414.9825224993461,99
2024-09-16 13:32:08.955000,414.99294995731873,1000
2024-09-16 13:32:10.407000,414.98205827230913,1005
2024-09-16 13:32:10.737000,414.9778760694963,1000
2024-09-16 13:32:10.759000,414.9766177976376,13
2024-09-16 13:32:10.886000,414.9830624500121,11
2024-09-16 13:32:11.016000,414.9793272013519,8
2024-09-16 13:32:11.043000,414.9636035435523,1002
2024-09-16 13:32:11.076000,414.9593789818856,1004
2024-09-16 13:32:11.122000,414.9696284829896,100
2024-09-16 13:32:11.178000,414.9759321775524,1002
2024-09-16 13:32:11.310000,414.98536232205737,98
2024-09-16 13:32:11.427000,414.983984382082,10
2024-09-16 13:32:11.435000,414.9959583649813,97
2024-09-16 13:32:11.493000,414.9800142014769,14
2024-09-16 13:32:11.501000,414.9851600625341,1004
2024-09-16 13:32:11.598000,414.9779262805792,104
2024-09-16 13:32:11.667000,414.9766688300055,9
2024-09-16 13:32:11.813000,414.9684813116252,1002
2024-09-16 13:32:11.927000,414.9804040414649,100
2024-09-16 13:32:11.967000,414.9944381988779,98
2024-09-16 13:32:11.976000,414.9671811404994,99
2024-09-16 13:32:12.015000,414.98296661106747,7
2024-09-16 13:32:12.089000,414.9587328326984,995
2024-09-16 13:32:12.147000,414.96289326804185,7
2024-09-16 13:32:12.149000,414.97944166936,11
2024-09-16 13:32:12.154000,414.97061234026353,102
2024-09-16 13:32:12.195000,414.9347579766243,7
2024-09-16 13:32:12.195000,414.955977274641,101
2024-09-16 13:32:12.224000,414.97257825746186,104
2024-09-16 13:32:12.473000,414.93521290045896,15
2024-09-16 13:32:12.501000,414.9472411352274,8
2024-09-16 13:32:12.599000,414.9470514272993,1005
2024-09-16 13:32:12.611000,414.98706207655215,13
2024-09-16 13:32:12.662000,414.97738441505913,997
2024-09-16 13:32:12.674000,414.9937456238254,101
2024-09-16 13:32:12.675000,414.9804953717519,995
2024-09-16 13:32:12.772000,414.9375400022491,1001
2024-09-16 13:32:12.799000,414.9663058720526,1004
2024-09-16 13:32:12.805000,414.9394103316727,105
2024-09-16 13:32:12.908000,414.9577762338152,6
2024-09-16 13:32:12.915000,414.970227205792,96
2024-09-16 13:32:12.927000,414.94360074519193,99
2024-09-16 13:32:12.932000,414.998498788018,99
2024-09-16 13:32:12.958000,414.92454107891166,14
2024-09-16 13:32:12.980000,414.9558797178113,103
2024-09-16 13:32:12.993000,414.9708717290319,999
2024-09-16 13:32:12.997000,414.9502763522525,10
2024-09-16 13:32:13.041000,414.96148659699503,996
2024-09-16 13:32:13.077000,414.9624481407216,10
2024-09-16 13:32:13.096000,414.923909690057,1004
2024-09-16 13:32:13.135000,414.9524032240124,101
2024-09-16 13:32:13.207000,414.9853052065872,100
2024-09-16 13:32:13.219000,414.9672694827623,96
2024-09-16 13:32:13.309000,414.9708988380798,12
2024-09-16 13:32:13.341000,414.9120929135428,995
2024-09-16 13:32:13.350000,414.94594373555634,10
2024-09-16 13:32:13.405000,414.9209642711844,9
2024-09-16 13:32:13.424000,414.9822670024165,996
2024-09-16 13:32:13.463000,414.9660977774684,97
2024-09-16 13:32:13.478000,414.9495891248832,5
2024-09-16 13:32:13.542000,414.94075028157806,13
2024-09-16 13:32:13.543000,414.963720034268,9
2024-09-16 13:32:13.545000,414.9448898488752,6
2024-09-16 13:32:13.570000,414.9066657223003,8
2024-09-16 13:32:13.581000,414.916752852021,11
2024-09-16 13:32:13.681000,414.980835247565,101
2024-09-16 13:32:13.698000,414.97376190403327,6
2024-09-16 13:32:13.763000,414.9556913149449,1001
2024-09-16 13:32:13.766000,414.9044921320826,95
2024-09-16 13:32:13.798000,414.9742946477447,97
2024-09-16 13:32:13.848000,414.9120759513326,13
2024-09-16 13:32:13.854000,414.9441279759215,1005
2024-09-16 13:32:13.958000,414.9248323005283,5
2024-09-16 13:32:14.153000,415.0109760085505,95
2024-09-16 13:32:14.289000,414.9970619284583,100
2024-09-16 13:32:14.314000,415.0378176850548,1000
2024-09-16 13:32:14.368000,415.0088509907851,15
2024-09-16 13:32:14.502000,415.0304484030799,7
2024-09-16 13:32:14.520000,415.03669786044446,99
2024-09-16 13:32:14.961000,414.9903215674855,104
2024-09-16 13:32:15.125000,414.96735505247136,104
2024-09-16 13:32:15.152000,415.0082821179378,102
2024-09-16 13:32:15.160000,415.01673559312536,999
2024-09-16 13:32:15.189000,414.9770697376269,104
2024-09-16 13:32:15.246000,414.9773050928452,997
2024-09-16 13:32:15.264000,415.00174202790447,11
2024-09-16 13:32:15.286000,415.0140705533682,998
2024-09-16 13:32:15.313000,415.0249169377599,97
2024-09-16 13:32:15.328000,415.0003030040148,1004
2024-09-16 13:32:15.497000,415.0315842980814,8
2024-09-16 13:32:15.547000,415.0097521463818,14
2024-09-16 13:32:15.621000,414.99044491629553,998
2024-09-16 13:32:15.827000,414.9909237462597,1005
2024-09-16 13:32:15.945000,414.9781852900327,1000
2024-09-16 13:32:16.072000,414.9806642536929,995
2024-09-16 13:32:16.085000,414.9772391589663,103
2024-09-16 13:32:16.096000,414.945785279458,11
2024-09-16 13:32:16.138000,414.9812502366401,101
2024-09-16 13:32:16.142000,414.9419807762301,998
2024-09-16 13:32:16.186000,414.9751752604096,997
2024-09-16 13:32:16.300000,414.9681684535657,98
2024-09-16 13:32:16.319000,414.9562829744174,1000
2024-09-16 13:32:16.355000,414.9675646760263,998
2024-09-16 13:32:16.386000,414.96023009223296,14
2024-09-16 13:32:16.409000,414.940438847238,102
2024-09-16 13:32:16.447000,414.9665037254359,1001
2024-09-16 13:32:16.487000,414.9694559746193,105
2024-09-16 13:32:16.611000,414.96642184650926,96
2024-09-16 13:32:16.640000,414.9574928180937,99
2024-09-16 13:32:16.773000,414.94479343362985,104
2024-09-16 13:32:16.787000,414.96194136328745,15
2024-09-16 13:32:16.932000,414.9806649940512,11
2024-09-16 13:32:17.055000,414.9739262422136,105
2024-09-16 13:32:17.600000,414.9893314675733,103
2024-09-16 13:32:17.661000,414.96368319061946,101
2024-09-16 13:32:18.292000,414.9806581756837,95
2024-09-16 13:32:19.430000,414.9749222180756,104
2024-09-16 13:32:19.533000,414.9784239513007,997
2024-09-16 13:32:19.559000,414.9790717985412,105
2024-09-16 13:32:19.837000,414.982074305271,1005
2024-09-16 13:32:21.051000,415.01548199383774,99
2024-09-16 13:32:21.054000,414.9864743909129,1002
2024-09-16 13:32:21.208000,415.00335223321343,999
2024-09-16 13:32:21.247000,414.9712279588349,99
2024-09-16 13:32:21.341000,414.98461247502007,1004
2024-09-16 13:32:21.343000,414.9719655490748,105
2024-09-16 13:32:21.360000,414.9822787349884,1000
2024-09-16 13:32:21.363000,415.01707199503534,1003
2024-09-16 13:32:21.363000,414.9990385895311,13
2024-09-16 13:32:21.368000,414.9787253226887,998
2024-09-16 13:32:21.469000,414.99731444623166,95
2024-09-16 13:32:21.554000,415.0053307284693,7
2024-09-16 13:32:21.693000,414.957883299051,10
2024-09-16 13:32:21.708000,414.962144383936,12
2024-09-16 13:32:21.754000,414.981968521354,1003
2024-09-16 13:32:21.765000,414.9864557711068,105
2024-09-16 13:32:21.769000,415.01764553724206,13
2024-09-16 13:32:21.807000,414.9777713488408,7
2024-09-16 13:32:21.858000,414.9955299373727,1000
2024-09-16 13:32:21.883000,414.9969376137773,1001
2024-09-16 13:32:21.893000,415.016541073393,6
2024-09-16 13:32:21.920000,414.954760314936,1001
2024-09-16 13:32:21.962000,414.9832212799641,13
2024-09-16 13:32:21.962000,414.9789530730458,8
2024-09-16 13:32:22.059000,414.9817566391117,99
2024-09-16 13:32:22.499000,415.0014039595517,97
2024-09-16 13:32:22.817000,414.9738481135056,96
2024-09-16 13:32:22.832000,414.9711150946617,12
2024-09-16 13:32:23.185000,414.9942981733308,98
2024-09-16 13:32:23.410000,414.9828053082365,96
2024-09-16 13:32:23.577000,414.9930798674004,7
2024-09-16 13:32:23.615000,414.96309142177887,998
2024-09-16 13:32:23.984000,414.97363295510826,8
2024-09-16 13:32:24.883000,414.98681234120056,6
2024-09-16 13:32:25.040000,414.8557730355778,104
2024-09-16 13:32:25.134000,415.00002153440187,1001
2024-09-16 13:32:25.150000,414.87164173802125,99
2024-09-16 13:32:25.235000,414.9079095544837,1003
2024-09-16 13:32:25.290000,414.9356458463442,997
2024-09-16 13:32:25.494000,415.0097014077216,103
2024-09-16 13:32:25.494000,415.00218878858686,996
2024-09-16 13:32:25.537000,414.9211040708017,1005
2024-09-16 13:32:25.538000,414.88899090168087,100
2024-09-16 13:32:25.570000,414.968222450165,9
2024-09-16 13:32:25.618000,414.9689227587089,1005
2024-09-16 13:32:25.628000,414.96428195621706,96
2024-09-16 13:32:25.639000,414.9085595855304,996
2024-09-16 13:32:25.646000,414.98904977598414,11
2024-09-16 13:32:25.723000,414.8806629798881,9
2024-09-16 13:32:25.742000,414.9730747113626,9
2024-09-16 13:32:25.746000,414.97581950955873,1003
2024-09-16 13:32:25.767000,414.9513138735963,15
2024-09-16 13:32:25.803000,414.9803025516964,96
2024-09-16 13:32:25.808000,414.97772331479536,8
2024-09-16 13:32:25.868000,414.9794542443312,1003
2024-09-16 13:32:25.918000,414.985084160579,5
2024-09-16 13:32:25.923000,414.9646110707388,11
2024-09-16 13:32:25.941000,414.93869274744935,11
2024-09-16 13:32:25.981000,414.89381341378686,102
2024-09-16 13:32:26.008000,414.8044879311439,998
2024-09-16 13:32:26.038000,414.7967938599668,100
2024-09-16 13:32:26.051000,414.7921680274069,1003
2024-09-16 13:32:26.059000,414.81369125764166,1005
2024-09-16 13:32:26.147000,414.7945930766073,1001
2024-09-16 13:32:26.223000,414.7823946287939,15
2024-09-16 13:32:26.286000,414.8080609412626,104
2024-09-16 13:32:26.297000,414.785844173545,100
2024-09-16 13:32:26.363000,414.7884623943898,104
2024-09-16 13:32:26.389000,414.7893029856386,15
2024-09-16 13:32:26.436000,414.7924041306825,6
2024-09-16 13:32:26.484000,414.83647583394287,96
2024-09-16 13:32:26.560000,414.824361689143,996
2024-09-16 13:32:26.612000,414.776434164784,95
2024-09-16 13:32:26.620000,414.76799839968527,996
2024-09-16 13:32:26.707000,414.7764094357578,105
2024-09-16 13:32:26.720000,414.7758157638967,99
2024-09-16 13:32:26.763000,414.836008690418,105
2024-09-16 13:32:26.805000,414.7886987694516,9
2024-09-16 13:32:26.834000,414.7922958006236,105
2024-09-16 13:32:26.865000,414.8056472210309,96
2024-09-16 13:32:26.956000,414.78563795637865,1004
2024-09-16 13:32:26.976000,414.7867176285407,15
2024-09-16 13:32:26.982000,414.8193255162112,1005
2024-09-16 13:32:28.191000,414.8149585603624,7
2024-09-16 13:32:28.600000,414.8076198966243,10
2024-09-16 13:32:28.684000,414.8108372069944,99
2024-09-16 13:32:29.279000,414.7723179369391,98
2024-09-16 13:32:29.568000,414.79400182753193,95
2024-09-16 13:32:29.687000,414.8033484073704,12
2024-09-16 13:32:29.758000,414.8025217921268,100
2024-09-16 13:32:30.027000,414.7690684544349,102
2024-09-16 13:32:30.043000,414.77145849373136,105
2024-09-16 13:32:30.114000,414.7580657666296,1004
2024-09-16 13:32:30.219000,414.7827223778156,1002
2024-09-16 13:32:30.318000,414.78511035339,102
2024-09-16 13:32:30.319000,414.7626392546988,13
2024-09-16 13:32:30.337000,414.77314128832825,997
2024-09-16 13:32:30.338000,414.77873686172086,96
2024-09-16 13:32:30.371000,414.7581988097555,995
2024-09-16 13:32:30.393000,414.7900292853442,8
2024-09-16 13:32:30.403000,414.7884787991077,97
2024-09-16 13:32:30.433000,414.76635841770286,102
2024-09-16 13:32:30.437000,414.7694120175649,999
2024-09-16 13:32:30.513000,414.7639436408092,11
2024-09-16 13:32:30.642000,414.7709213796086,995
2024-09-16 13:32:30.710000,414.755701996114,1002
2024-09-16 13:32:30.749000,414.7673663812258,995
2024-09-16 13:32:30.752000,414.7566243513765,12
2024-09-16 13:32:30.763000,414.77282025037454,101
2024-09-16 13:32:30.778000,414.7831100165448,10
2024-09-16 13:32:30.919000,414.786967176032,9
2024-09-16 13:32:31.004000,414.7118164410152,1005
2024-09-16 13:32:31.014000,414.7576122912329,11
2024-09-16 13:32:31.051000,414.7592148088661,995
2024-09-16 13:32:31.069000,414.77834899306646,9
2024-09-16 13:32:31.111000,414.7102209388282,14
2024-09-16 13:32:31.191000,414.7689637257101,10
2024-09-16 13:32:31.298000,414.71787853017946,104
2024-09-16 13:32:31.319000,414.7151782234631,5
2024-09-16 13:32:31.348000,414.69929286079287,10
2024-09-16 13:32:31.388000,414.71682246304977,102
2024-09-16 13:32:31.422000,414.72951698989766,6
2024-09-16 13:32:31.448000,414.7206094785665,98
2024-09-16 13:32:31.467000,414.7715634731527,11
2024-09-16 13:32:31.505000,414.72013337310017,98
2024-09-16 13:32:31.509000,414.7295121748559,13
2024-09-16 13:32:31.560000,414.7531933436189,1004
2024-09-16 13:32:31.617000,414.6908305487686,1005
2024-09-16 13:32:31.662000,414.7490867053098,6
2024-09-16 13:32:31.699000,414.7565649951038,1001
2024-09-16 13:32:31.713000,414.7298433989593,995
2024-09-16 13:32:31.726000,414.7563414152812,997
2024-09-16 13:32:31.804000,414.7082871285009,15
2024-09-16 13:32:31.893000,414.73340060435095,103
2024-09-16 13:32:31.930000,414.7780706579488,10
2024-09-16 13:32:31.956000,414.729604911034,1001
2024-09-16 13:32:34.189000,414.7516768499968,997
2024-09-16 13:32:34.209000,414.75096796415977,100
2024-09-16 13:32:34.305000,414.7476918581739,1004
2024-09-16 13:32:34.341000,414.757601189152,7
2024-09-16 13:32:34.357000,414.76472234615,1002
2024-09-16 13:32:34.447000,414.7646605287496,999
2024-09-16 13:32:34.956000,414.7419226509464,11
2024-09-16 13:32:35,414.7510727482989,103
2024-09-16 13:32:35.084000,414.6882186910027,6
2024-09-16 13:32:35.098000,414.75104623632586,96
2024-09-16 13:32:35.146000,414.6169421384988,1005
2024-09-16 13:32:35.257000,414.7116322008111,1001
2024-09-16 13:32:35.261000,414.7249661269484,6
2024-09-16 13:32:35.332000,414.59326100575777,998
2024-09-16 13:32:35.369000,414.7317817595658,99
2024-09-16 13:32:35.369000,414.6067126067816,6
2024-09-16 13:32:35.403000,414.7067852357694,104
2024-09-16 13:32:35.413000,414.74271007869487,95
2024-09-16 13:32:35.519000,414.73275514641625,6
2024-09-16 13:32:35.549000,414.7462516265185,103
2024-09-16 13:32:35.554000,414.6950637199652,101
2024-09-16 13:32:35.692000,414.62862994434886,15
2024-09-16 13:32:35.839000,414.6709324368162,6
2024-09-16 13:32:35.850000,414.7514005193778,105
2024-09-16 13:32:35.919000,414.6456379614237,96
2024-09-16 13:32:35.991000,414.7104788726043,8
2024-09-16 13:32:36.125000,414.6293141860422,1005
2024-09-16 13:32:36.282000,414.5892421782596,101
2024-09-16 13:32:36.360000,414.5806202766201,997
2024-09-16 13:32:36.405000,414.5985359012934,1002
2024-09-16 13:32:36.414000,414.6015112469007,6
2024-09-16 13:32:36.462000,414.612375264277,98
2024-09-16 13:32:36.522000,414.5844754207748,103
2024-09-16 13:32:36.557000,414.6197395214642,995
2024-09-16 13:32:36.593000,414.6281399518808,6
2024-09-16 13:32:36.605000,414.6011771391688,996
2024-09-16 13:32:36.615000,414.6044925733497,101
2024-09-16 13:32:36.833000,414.6246605905106,998
2024-09-16 13:32:36.974000,414.5886433525413,15
2024-09-16 13:32:36.984000,414.6054453464675,104
2024-09-16 13:32:37.049000,414.6562795290099,11
2024-09-16 13:32:37.268000,414.6425509156375,103
2024-09-16 13:32:37.309000,414.6642849599141,7
2024-09-16 13:32:37.323000,414.6415920282704,13
2024-09-16 13:32:37.350000,414.64148833199135,105
2024-09-16 13:32:37.441000,414.6397010531841,105
2024-09-16 13:32:37.461000,414.64920913367945,1000
2024-09-16 13:32:37.474000,414.6267243407074,5
2024-09-16 13:32:37.577000,414.67056769529495,15
2024-09-16 13:32:37.632000,414.6640905246219,9
2024-09-16 13:32:37.641000,414.6468479678176,98
2024-09-16 13:32:37.705000,414.6579673011511,105
2024-09-16 13:32:37.766000,414.6665351708996,102
2024-09-16 13:32:37.787000,414.6212650532602,105
2024-09-16 13:32:37.788000,414.6423705060458,14
2024-09-16 13:32:37.831000,414.6480503159116,1003
2024-09-16 13:32:37.841000,414.6074178700291,14
2024-09-16 13:32:37.873000,414.692307239905,98
2024-09-16 13:32:38.015000,414.6906991373178,996
2024-09-16 13:32:38.070000,414.7094034294412,96
2024-09-16 13:32:38.474000,414.7044247173232,97
2024-09-16 13:32:38.558000,414.6778599545058,96
2024-09-16 13:32:38.558000,414.7321205575577,96
2024-09-16 13:32:38.666000,414.6682021021168,1001
2024-09-16 13:32:38.681000,414.70160300001214,9
2024-09-16 13:32:38.714000,414.7052830835035,104
2024-09-16 13:32:38.872000,414.6881570836129,99
2024-09-16 13:32:38.893000,414.71637078366825,995
2024-09-16 13:32:38.935000,414.7001282771449,11
2024-09-16 13:32:38.984000,414.7192512300948,1000
2024-09-16 13:32:39.116000,414.6413914836928,998
2024-09-16 13:32:39.219000,414.6260921271761,95
2024-09-16 13:32:39.321000,414.6899465237192,999
2024-09-16 13:32:39.470000,414.6808741861616,98
2024-09-16 13:32:39.489000,414.68162535031,1005
2024-09-16 13:32:39.539000,414.6559241861227,5
2024-09-16 13:32:39.546000,414.6779249389657,102
2024-09-16 13:32:39.595000,414.68682336388815,12
2024-09-16 13:32:39.631000,414.6877306198385,1003
2024-09-16 13:32:39.712000,414.6712585645014,102
2024-09-16 13:32:39.782000,414.6968169627263,998
2024-09-16 13:32:39.794000,414.6900382665028,1000
2024-09-16 13:32:39.877000,414.679780420063,997
2024-09-16 13:32:39.881000,414.6656598897596,15
2024-09-16 13:32:39.895000,414.6918235475114,996
2024-09-16 13:32:39.926000,414.6321648658701,9
2024-09-16 13:32:39.949000,414.6794374370476,14
2024-09-16 13:32:39.973000,414.67709217333424,1003
2024-09-16 13:32:39.981000,414.6807688625239,995
2024-09-16 13:32:39.985000,414.6836958899043,99
2024-09-16 13:32:39.997000,414.6873856423533,11
2024-09-16 13:32:40.045000,414.6658026467592,1002
2024-09-16 13:32:40.047000,414.65240636855873,98
2024-09-16 13:32:40.086000,414.6301152916678,98
2024-09-16 13:32:40.100000,414.63655472913706,10
2024-09-16 13:32:40.133000,414.6294052865108,997
2024-09-16 13:32:40.227000,414.6287839985534,6
2024-09-16 13:32:40.327000,414.62512188800486,103
2024-09-16 13:32:40.398000,414.62573935768506,103
2024-09-16 13:32:40.403000,414.63211409879096,102
2024-09-16 13:32:40.452000,414.6238150790037,999
2024-09-16 13:32:40.459000,414.6424893258415,1004
2024-09-16 13:32:40.467000,414.6568929916108,8
2024-09-16 13:32:40.495000,414.6342028753071,13
2024-09-16 13:32:40.511000,414.6623098838484,1003
2024-09-16 13:32:40.551000,414.6305982761343,10
2024-09-16 13:32:40.565000,414.6315192067931,6
2024-09-16 13:32:40.597000,414.64895950012607,102
2024-09-16 13:32:40.731000,414.6580937450964,104
2024-09-16 13:32:40.740000,414.638209773915,998
2024-09-16 13:32:40.888000,414.6238322934168,1005
2024-09-16 13:32:40.973000,414.6516711864908,6
2024-09-16 13:32:40.982000,414.6503192089633,101
2024-09-16 13:32:41.001000,414.5314005199274,98
2024-09-16 13:32:41.039000,414.5738612134077,8
2024-09-16 13:32:41.039000,414.56151710427855,1003
2024-09-16 13:32:41.070000,414.56308025238377,98
2024-09-16 13:32:41.095000,414.5629641703176,98
2024-09-16 13:32:41.150000,414.5766921230854,997
2024-09-16 13:32:41.166000,414.5660779347767,105
2024-09-16 13:32:41.188000,414.6008065825196,103
2024-09-16 13:32:41.206000,414.52903125909,102
2024-09-16 13:32:41.223000,414.5762483552188,14
2024-09-16 13:32:41.226000,414.5801169632153,96
2024-09-16 13:32:41.321000,414.5678954277498,14
2024-09-16 13:32:41.347000,414.5732578243234,1004
2024-09-16 13:32:41.401000,414.6053755578645,996
2024-09-16 13:32:41.403000,414.53315302901314,997
2024-09-16 13:32:41.411000,414.5839323949354,9
2024-09-16 13:32:41.420000,414.58361038791446,14
2024-09-16 13:32:41.443000,414.6083912778983,5
2024-09-16 13:32:41.463000,414.572215666353,1000
2024-09-16 13:32:41.474000,414.5309941018226,6
2024-09-16 13:32:41.519000,414.57820932357714,102
2024-09-16 13:32:41.576000,414.59178357360224,996
2024-09-16 13:32:41.651000,414.55759353117696,10
2024-09-16 13:32:41.699000,414.5391477337487,13
2024-09-16 13:32:41.712000,414.5792072971195,8
2024-09-16 13:32:41.719000,414.5336095633101,8
2024-09-16 13:32:41.875000,414.5823483078667,5
2024-09-16 13:32:41.923000,414.5451708622593,1005
2024-09-16 13:32:41.972000,414.5818244569705,98
2024-09-16 13:32:42.074000,414.479437374705,5
2024-09-16 13:32:42.098000,414.3857722062287,1003
2024-09-16 13:32:42.116000,414.4728052662194,997
2024-09-16 13:32:42.173000,414.4582368678375,100
2024-09-16 13:32:42.174000,414.50809598414594,97
2024-09-16 13:32:42.184000,414.51403990356727,9
2024-09-16 13:32:42.212000,414.48799546737416,997
2024-09-16 13:32:42.262000,414.4406922456174,1000
2024-09-16 13:32:42.328000,414.3997197268333,1001
2024-09-16 13:32:42.338000,414.4907890237042,13
2024-09-16 13:32:42.345000,414.5227762228216,1004
2024-09-16 13:32:42.370000,414.5252288580364,101
2024-09-16 13:32:42.371000,414.5142801946629,98
2024-09-16 13:32:42.442000,414.3848709801375,99
2024-09-16 13:32:42.456000,414.5060820410668,13
2024-09-16 13:32:42.583000,414.4370223763767,1002
2024-09-16 13:32:42.620000,414.5231811076437,6
2024-09-16 13:32:42.634000,414.3974513244424,1001
2024-09-16 13:32:42.645000,414.4445885749464,95
2024-09-16 13:32:42.649000,414.4211968930972,13
2024-09-16 13:32:42.686000,414.47556264039696,1005
2024-09-16 13:32:42.786000,414.457647496725,102
2024-09-16 13:32:42.799000,414.4186713235935,9
2024-09-16 13:32:42.849000,414.3938396583889,5
2024-09-16 13:32:42.935000,414.3901368931813,1002
2024-09-16 13:32:43.066000,414.4442639062999,8
2024-09-16 13:32:43.099000,414.4681352224168,997
2024-09-16 13:32:43.171000,414.4696116705526,1005
2024-09-16 13:32:43.198000,414.4839535683102,5
2024-09-16 13:32:43.253000,414.4751705981701,98
2024-09-16 13:32:43.473000,414.4747083061123,8
2024-09-16 13:32:43.494000,414.4316765397533,11
2024-09-16 13:32:43.549000,414.4012335513856,98
2024-09-16 13:32:43.617000,414.4201265196359,997
2024-09-16 13:32:43.631000,414.471618335213,996
2024-09-16 13:32:43.636000,414.4273299557256,1000
2024-09-16 13:32:43.646000,414.41214574347526,999
2024-09-16 13:32:43.672000,414.4693505121825,102
2024-09-16 13:32:43.786000,414.4623742477476,997
2024-09-16 13:32:43.821000,414.4329772522406,1004
2024-09-16 13:32:43.860000,414.46326041005614,104
2024-09-16 13:32:43.874000,414.47396687459184,1002
2024-09-16 13:32:43.887000,414.46572031493554,1004
2024-09-16 13:32:43.946000,414.4310509878886,5
2024-09-16 13:32:43.963000,414.4766254946784,1003
2024-09-16 13:32:43.964000,414.3915167746903,15
2024-09-16 13:32:44.020000,414.3841354843776,103
2024-09-16 13:32:44.126000,414.4564567060585,14
2024-09-16 13:32:44.171000,414.39983782364993,101
2024-09-16 13:32:44.247000,414.44295079148446,1005
2024-09-16 13:32:44.333000,414.4254003590206,99
2024-09-16 13:32:44.361000,414.4307529604325,97
2024-09-16 13:32:44.462000,414.4063147924886,7
2024-09-16 13:32:44.498000,414.4605025525984,999
2024-09-16 13:32:44.602000,414.4275272184132,1001
2024-09-16 13:32:44.721000,414.3869010569404,15
2024-09-16 13:32:44.744000,414.4487525877529,103
2024-09-16 13:32:44.752000,414.4461255560843,1001
2024-09-16 13:32:44.798000,414.43139109666936,104
2024-09-16 13:32:44.885000,414.3923531488575,11
2024-09-16 13:32:44.945000,414.36396359792576,105
2024-09-16 13:32:44.975000,414.4615748668424,105
2024-09-16 13:32:45.028000,414.3882557996188,103
2024-09-16 13:32:45.095000,414.41299778346337,8
2024-09-16 13:32:45.161000,414.40899313166193,8
2024-09-16 13:32:45.164000,414.3681849536301,98
2024-09-16 13:32:45.246000,414.4085699370577,1002
2024-09-16 13:32:45.314000,414.40449945593474,103
2024-09-16 13:32:45.386000,414.36441703979625,997
2024-09-16 13:32:45.483000,414.40917129116616,6
2024-09-16 13:32:45.531000,414.4225636825786,14
2024-09-16 13:32:45.574000,414.4049872415985,15
2024-09-16 13:32:45.589000,414.4124838329976,1002
2024-09-16 13:32:45.609000,414.4035423738238,96
2024-09-16 13:32:45.622000,414.39942400305057,7
2024-09-16 13:32:45.649000,414.3665098618333,1001
2024-09-16 13:32:45.670000,414.3706779588546,103
2024-09-16 13:32:45.714000,414.3751711371615,999
2024-09-16 13:32:45.767000,414.38093758243616,999
2024-09-16 13:32:45.769000,414.3961098202192,99
2024-09-16 13:32:45.771000,414.4119794134816,6
2024-09-16 13:32:45.776000,414.3809740423721,1002
2024-09-16 13:32:45.823000,414.3863810496519,5
2024-09-16 13:32:45.825000,414.3935744810696,999
2024-09-16 13:32:45.839000,414.3733551956476,1000
2024-09-16 13:32:45.859000,414.3982145062064,95
2024-09-16 13:32:45.896000,414.3699512587761,5
2024-09-16 13:32:45.984000,414.4172884425958,98
2024-09-16 13:32:45.997000,414.378601624237,1005
2024-09-16 13:32:46.022000,414.47463164860426,995
2024-09-16 13:32:46.036000,414.4645027004544,97
2024-09-16 13:32:46.117000,414.4064553199446,96
2024-09-16 13:32:46.213000,414.4743241418693,997
2024-09-16 13:32:46.320000,414.42913751418,999
2024-09-16 13:32:46.362000,414.4901087736168,11
2024-09-16 13:32:46.392000,414.4988056327608,1002
2024-09-16 13:32:46.398000,414.45434907553806,999
2024-09-16 13:32:46.404000,414.4342824981726,103
2024-09-16 13:32:46.415000,414.4998548290244,7
2024-09-16 13:32:46.450000,414.408502332056,9
2024-09-16 13:32:46.504000,414.4530605607492,999
2024-09-16 13:32:46.527000,414.4404462915944,100
2024-09-16 13:32:46.535000,414.4583785876425,96
2024-09-16 13:32:46.536000,414.4542772901922,104
2024-09-16 13:32:46.540000,414.4821507586197,1001
2024-09-16 13:32:46.574000,414.4978335764772,105
2024-09-16 13:32:46.614000,414.4754259551788,105
2024-09-16 13:32:46.631000,414.4758696746336,999
2024-09-16 13:32:46.640000,414.3934277626757,1000
2024-09-16 13:32:46.710000,414.4362716049875,101
2024-09-16 13:32:46.804000,414.4975336867817,105
2024-09-16 13:32:46.840000,414.4906256956292,997
2024-09-16 13:32:46.890000,414.4962773773412,12
2024-09-16 13:32:46.920000,414.4823643419264,15
2024-09-16 13:32:46.952000,414.4860144198258,996
2024-09-16 13:32:46.975000,414.400285752984,98
2024-09-16 13:32:46.990000,414.4524596219287,11
2024-09-16 13:32:47.022000,414.5089595550252,6
2024-09-16 13:32:47.076000,414.4650457345082,1002
2024-09-16 13:32:47.126000,414.5134325978324,13
2024-09-16 13:32:47.185000,414.4599994678101,995
2024-09-16 13:32:47.249000,414.4619046408728,997
2024-09-16 13:32:47.353000,414.4814475329893,1004
2024-09-16 13:32:47.424000,414.466486499416,1005
2024-09-16 13:32:47.586000,414.4833262338455,100
2024-09-16 13:32:47.588000,414.4833082884969,11
2024-09-16 13:32:47.727000,414.4883609632633,1002
2024-09-16 13:32:47.777000,414.4704061783846,104
2024-09-16 13:32:47.808000,414.4924613258873,6
2024-09-16 13:32:47.879000,414.4823503018297,10
2024-09-16 13:32:47.946000,414.4649986821229,1001
2024-09-16 13:32:47.951000,414.5039464846029,98
2024-09-16 13:32:47.962000,414.4808837095127,999
2024-09-16 13:32:47.982000,414.485693513188,998
2024-09-16 13:32:47.987000,414.4747078121191,9
2024-09-16 13:32:48.287000,414.4376834979551,102
2024-09-16 13:32:48.326000,414.47586871825456,98
2024-09-16 13:32:48.380000,414.4297739957268,8
2024-09-16 13:32:48.460000,414.43725887276366,96
2024-09-16 13:32:48.550000,414.46855037213146,9
2024-09-16 13:32:48.564000,414.4374373551266,1004
2024-09-16 13:32:48.603000,414.4585480974926,1002
2024-09-16 13:32:48.691000,414.4651460244991,999
2024-09-16 13:32:48.707000,414.4555331707522,1001
2024-09-16 13:32:49.002000,414.5226488140656,105
2024-09-16 13:32:49.155000,414.531751892145,102
2024-09-16 13:32:49.158000,414.528408074686,15
2024-09-16 13:32:49.356000,414.5138116534383,7
2024-09-16 13:32:49.388000,414.491458243042,1002
2024-09-16 13:32:49.664000,414.5287629856884,999
2024-09-16 13:32:49.827000,414.5304101729829,1004
2024-09-16 13:32:49.914000,414.5063769816274,1004
2024-09-16 13:32:49.928000,414.5001679863608,104
2024-09-16 13:32:49.938000,414.51680048055465,101
2024-09-16 13:32:51.235000,414.5141024669171,13
2024-09-16 13:32:51.357000,414.53107226360805,995
2024-09-16 13:32:51.417000,414.5408022411395,9
2024-09-16 13:32:51.462000,414.5191721827362,105
2024-09-16 13:32:51.581000,414.5062421949722,103
2024-09-16 13:32:51.591000,414.507826185984,1001
2024-09-16 13:32:51.795000,414.53593555633904,95
2024-09-16 13:32:51.831000,414.5279752418001,100
2024-09-16 13:32:52.192000,414.5342562280624,13
2024-09-16 13:32:52.303000,414.5256704161701,1001
2024-09-16 13:32:52.493000,414.5095543674979,101
2024-09-16 13:32:52.553000,414.5194489201982,997
2024-09-16 13:32:52.625000,414.5454823227694,97
2024-09-16 13:32:52.692000,414.5425439889394,102
2024-09-16 13:32:52.833000,414.4977286401797,101
2024-09-16 13:32:52.872000,414.4903921874399,102
2024-09-16 13:32:53.381000,414.5647188174999,11
2024-09-16 13:32:53.549000,414.5396725364052,100
2024-09-16 13:32:54.017000,414.5266782072036,11
2024-09-16 13:32:54.088000,414.571224549432,1000
2024-09-16 13:32:54.110000,414.5692683470074,95
2024-09-16 13:32:54.189000,414.5690840891255,103
2024-09-16 13:32:54.215000,414.5542977408148,105
2024-09-16 13:32:54.273000,414.5650123213172,11
2024-09-16 13:32:54.289000,414.5272279764791,105
2024-09-16 13:32:54.297000,414.5465639069543,100
2024-09-16 13:32:54.308000,414.56747832656526,10
2024-09-16 13:32:54.316000,414.5137577480924,15
2024-09-16 13:32:54.324000,414.5683780333099,100
2024-09-16 13:32:54.512000,414.5887841388217,105
2024-09-16 13:32:54.599000,414.562127018336,1004
2024-09-16 13:32:54.622000,414.5388114389416,1001
2024-09-16 13:32:54.661000,414.5677987196599,95
2024-09-16 13:32:54.715000,414.5234973023279,98
2024-09-16 13:32:54.718000,414.56854884083407,13
2024-09-16 13:32:54.777000,414.5519105855845,7
2024-09-16 13:32:54.786000,414.52229713202513,999
2024-09-16 13:32:54.801000,414.5851969818748,101
2024-09-16 13:32:54.805000,414.5498909114333,999
2024-09-16 13:32:54.857000,414.5516201941364,95
2024-09-16 13:32:54.898000,414.56523117903765,995
2024-09-16 13:32:54.929000,414.5184078623154,1000
2024-09-16 13:32:55.084000,414.5376050837728,104
2024-09-16 13:32:55.181000,414.5374371565029,95
2024-09-16 13:32:55.220000,414.5691530390856,15
2024-09-16 13:32:55.347000,414.55732218932405,8
2024-09-16 13:32:55.357000,414.5432549142824,1005
2024-09-16 13:32:55.371000,414.54805061780814,11
2024-09-16 13:32:55.379000,414.5400909490123,15
2024-09-16 13:32:55.436000,414.58710676081,1004
2024-09-16 13:32:55.510000,414.5588812773573,1001
2024-09-16 13:32:55.565000,414.5378077263888,1001
2024-09-16 13:32:55.617000,414.55955161617686,101
2024-09-16 13:32:55.623000,414.54556890541295,105
2024-09-16 13:32:55.625000,414.53765616210313,1003
2024-09-16 13:32:55.802000,414.5607393463771,104
2024-09-16 13:32:55.818000,414.5829293823367,995
2024-09-16 13:32:55.880000,414.5517674006545,999
2024-09-16 13:32:55.911000,414.5488255105008,10
2024-09-16 13:32:55.985000,414.56397272676736,100
2024-09-16 13:32:56.063000,414.4899050717233,13
2024-09-16 13:32:56.231000,414.4387195525388,5
2024-09-16 13:32:56.259000,414.533308854413,995
2024-09-16 13:32:56.290000,414.53006123281375,7
2024-09-16 13:32:56.295000,414.4508974494733,1003
2024-09-16 13:32:56.316000,414.47600986438505,95
2024-09-16 13:32:56.333000,414.444135783305,1002
2024-09-16 13:32:56.359000,414.5267303313458,102
2024-09-16 13:32:56.364000,414.5009362604397,1003
2024-09-16 13:32:56.385000,414.4663293395607,98
2024-09-16 13:32:56.396000,414.52195426327,102
2024-09-16 13:32:56.397000,414.4467333668409,999
2024-09-16 13:32:56.486000,414.5453207349693,995
2024-09-16 13:32:56.592000,414.4818360252351,10
2024-09-16 13:32:56.617000,414.5673645159441,1001
2024-09-16 13:32:56.664000,414.4515518855624,15
2024-09-16 13:32:56.697000,414.492524606536,7
2024-09-16 13:32:56.795000,414.5128356182436,9
2024-09-16 13:32:56.833000,414.5252050943659,10
2024-09-16 13:32:56.834000,414.4595147920213,99
2024-09-16 13:32:56.848000,414.4910770413655,998
2024-09-16 13:32:56.873000,414.5306757905387,999
2024-09-16 13:32:56.883000,414.57142596480446,995
2024-09-16 13:32:56.891000,414.4414201311696,102
2024-09-16 13:32:56.892000,414.4685639925305,9
2024-09-16 13:32:57.217000,414.41726729439694,995
2024-09-16 13:32:57.291000,414.4226652176611,1003
2024-09-16 13:32:57.407000,414.4206262334831,98
2024-09-16 13:32:57.522000,414.416680419689,997
2024-09-16 13:32:57.587000,414.4160645899523,98
2024-09-16 13:32:57.611000,414.4169648664749,7
2024-09-16 13:32:57.772000,414.4298633571303,999
2024-09-16 13:32:57.966000,414.4144083830004,7
2024-09-16 13:32:58.245000,414.4018063407608,1001
2024-09-16 13:32:58.255000,414.39774912288266,7
2024-09-16 13:32:58.256000,414.3784281221287,102
2024-09-16 13:32:58.351000,414.38436742852406,12
2024-09-16 13:32:58.492000,414.3913039410626,999
2024-09-16 13:32:58.566000,414.4140085431778,995
2024-09-16 13:32:58.828000,414.3746603525194,97
2024-09-16 13:32:58.892000,414.400144655458,1002
2024-09-16 13:32:58.952000,414.413919769585,1003
2024-09-16 13:32:59.088000,414.4025741570879,9
2024-09-16 13:32:59.250000,414.3976678492832,15
2024-09-16 13:32:59.257000,414.3925311326635,996
2024-09-16 13:32:59.320000,414.4015955613669,99
2024-09-16 13:32:59.354000,414.4209587078515,5
2024-09-16 13:32:59.387000,414.3812076869122,10
2024-09-16 13:32:59.444000,414.441911136365,103
2024-09-16 13:32:59.488000,414.3867548617796,99
2024-09-16 13:32:59.490000,414.3798831516475,5
2024-09-16 13:32:59.530000,414.3988382168579,1004
2024-09-16 13:32:59.553000,414.4444233015198,96
2024-09-16 13:32:59.590000,414.3740857551678,96
2024-09-16 13:32:59.663000,414.3943225683741,97
2024-09-16 13:32:59.695000,414.413029850774,14
2024-09-16 13:32:59.761000,414.4090960351169,11
2024-09-16 13:32:59.871000,414.3810168645512,103
2024-09-16 13:32:59.961000,414.427752129377,1002
