Timestamp,Price,Size
2024-09-19 12:38:00,424.9884527309257,9
2024-09-19 12:38:00.015000,424.9825760511824,1003
2024-09-19 12:38:00.019000,424.967861067269,995
2024-09-19 12:38:00.047000,424.98316475688256,1002
2024-09-19 12:38:00.055000,424.9776658592645,12
2024-09-19 12:38:00.074000,424.95062114738863,11
2024-09-19 12:38:00.080000,424.98630755951706,995
2024-09-19 12:38:00.232000,425.00811049878473,97
2024-09-19 12:38:00.241000,424.9391601100136,98
2024-09-19 12:38:00.270000,424.9790808815309,104
2024-09-19 12:38:00.345000,424.9940250369919,1001
2024-09-19 12:38:00.466000,424.988835174896,1000
2024-09-19 12:38:00.518000,424.97285118894905,11
2024-09-19 12:38:00.521000,424.9875447678679,105
2024-09-19 12:38:00.597000,424.97694547252297,9
2024-09-19 12:38:00.702000,424.9807169454022,995
2024-09-19 12:38:00.711000,424.94517485445937,5
2024-09-19 12:38:00.725000,424.9772249603182,6
2024-09-19 12:38:00.755000,424.9907828070139,7
2024-09-19 12:38:00.822000,424.927104808897,1005
2024-09-19 12:38:00.835000,424.9715116089105,1005
2024-09-19 12:38:00.837000,424.97632763203904,14
2024-09-19 12:38:00.855000,424.9771982272771,15
2024-09-19 12:38:00.909000,424.972545367904,5
2024-09-19 12:38:00.910000,424.934519523585,9
2024-09-19 12:38:00.967000,424.9763593058884,9
2024-09-19 12:38:00.972000,425.0005935193556,15
2024-09-19 12:38:00.985000,424.9407039718253,1000
2024-09-19 12:38:00.988000,424.96613404907725,7
2024-09-19 12:38:00.990000,424.9586934510784,99
2024-09-19 12:38:01.032000,424.9898149303657,15
2024-09-19 12:38:01.042000,424.98192603483625,1003
2024-09-19 12:38:01.294000,425.0073221883541,97
2024-09-19 12:38:01.367000,424.983816888158,95
2024-09-19 12:38:01.404000,424.98857169295513,8
2024-09-19 12:38:01.423000,424.99492933639056,9
2024-09-19 12:38:01.515000,424.9765618801263,105
2024-09-19 12:38:01.544000,424.9955117779092,10
2024-09-19 12:38:01.557000,424.9830100119344,6
2024-09-19 12:38:01.684000,424.9918811407367,105
2024-09-19 12:38:01.704000,424.9819318070311,95
2024-09-19 12:38:01.721000,424.9401183691596,5
2024-09-19 12:38:01.819000,424.9540669770207,95
2024-09-19 12:38:01.877000,424.9823480002337,98
2024-09-19 12:38:01.881000,424.9804869798321,98
2024-09-19 12:38:01.886000,424.96173225746674,98
2024-09-19 12:38:01.917000,424.959711219423,1005
2024-09-19 12:38:02.126000,425.001159644956,6
2024-09-19 12:38:02.893000,425.0221448987891,13
2024-09-19 12:38:03.099000,425.0000597705429,999
2024-09-19 12:38:03.146000,425.0144335314916,999
2024-09-19 12:38:03.208000,424.97931665101993,98
2024-09-19 12:38:03.217000,424.9819309241708,999
2024-09-19 12:38:03.261000,424.9772630223376,8
2024-09-19 12:38:03.303000,425.0065054697633,5
2024-09-19 12:38:03.323000,425.0028963082074,97
2024-09-19 12:38:03.393000,424.98582887420815,1002
2024-09-19 12:38:03.397000,425.0078635182976,100
2024-09-19 12:38:03.555000,425.0162618109426,12
2024-09-19 12:38:03.805000,425.003024292097,11
2024-09-19 12:38:04.184000,425.0161417047262,105
2024-09-19 12:38:04.241000,425.0138104058561,996
2024-09-19 12:38:04.453000,424.9887529646144,105
2024-09-19 12:38:04.552000,425.01910347422427,15
2024-09-19 12:38:04.686000,425.0251985539651,7
2024-09-19 12:38:04.740000,425.0057014663839,105
2024-09-19 12:38:05.030000,425.1916873993056,105
2024-09-19 12:38:05.043000,425.0331260959294,1002
2024-09-19 12:38:05.079000,425.10181973384834,995
2024-09-19 12:38:05.083000,425.0842203206795,97
2024-09-19 12:38:05.087000,425.1816856782095,103
2024-09-19 12:38:05.094000,425.1166001465229,104
2024-09-19 12:38:05.108000,425.16711889877774,995
2024-09-19 12:38:05.131000,425.0920405171576,105
2024-09-19 12:38:05.157000,425.090305696697,11
2024-09-19 12:38:05.177000,425.0463325655214,6
2024-09-19 12:38:05.199000,425.1304356133566,1001
2024-09-19 12:38:05.204000,425.1670400732477,104
2024-09-19 12:38:05.256000,425.19441622459175,10
2024-09-19 12:38:05.257000,425.1906905787927,104
2024-09-19 12:38:05.284000,425.0825706779689,101
2024-09-19 12:38:05.388000,425.1654265876824,6
2024-09-19 12:38:05.421000,425.0038212065754,104
2024-09-19 12:38:05.437000,425.1641586447919,7
2024-09-19 12:38:05.504000,425.055419576503,998
2024-09-19 12:38:05.549000,425.1510336811302,1002
2024-09-19 12:38:05.561000,425.0676472365965,97
2024-09-19 12:38:05.682000,425.0668197500141,8
2024-09-19 12:38:05.831000,425.1975690357296,9
2024-09-19 12:38:05.888000,425.07043703519207,99
2024-09-19 12:38:06.473000,425.1632053164045,8
2024-09-19 12:38:06.841000,425.2062196417044,104
2024-09-19 12:38:06.949000,425.17921237721134,1004
2024-09-19 12:38:07.030000,425.20592392054704,103
2024-09-19 12:38:07.066000,425.1815504051091,1004
2024-09-19 12:38:07.082000,425.22890140832,100
2024-09-19 12:38:07.196000,425.2221726374324,998
2024-09-19 12:38:07.433000,425.1464473097194,1001
2024-09-19 12:38:07.512000,425.15439747844346,12
2024-09-19 12:38:07.538000,425.2063397529599,1002
2024-09-19 12:38:07.641000,425.1841523931428,95
2024-09-19 12:38:07.690000,425.18869263010953,9
2024-09-19 12:38:07.860000,425.2187531231394,8
2024-09-19 12:38:07.896000,425.2328508437991,14
2024-09-19 12:38:08.020000,425.16447744214537,995
2024-09-19 12:38:08.082000,425.1877827673858,9
2024-09-19 12:38:08.217000,425.165621602461,998
2024-09-19 12:38:08.276000,425.1819876411363,1005
2024-09-19 12:38:08.319000,425.1813789239849,8
2024-09-19 12:38:08.337000,425.1678148652104,999
2024-09-19 12:38:08.344000,425.1856908446633,14
2024-09-19 12:38:08.442000,425.222540498171,96
2024-09-19 12:38:08.460000,425.1957639680805,999
2024-09-19 12:38:08.475000,425.18793554392073,102
2024-09-19 12:38:08.545000,425.1894029231132,1001
2024-09-19 12:38:08.552000,425.2282930801602,9
2024-09-19 12:38:08.574000,425.2106341902166,102
2024-09-19 12:38:08.586000,425.1624767399404,9
2024-09-19 12:38:08.623000,425.179739095396,1001
2024-09-19 12:38:08.658000,425.18193278334064,11
2024-09-19 12:38:08.698000,425.2147133529326,996
2024-09-19 12:38:08.731000,425.157700082452,1003
2024-09-19 12:38:08.832000,425.1795793768132,100
2024-09-19 12:38:08.883000,425.1971010327277,1005
2024-09-19 12:38:08.896000,425.1993198787196,1000
2024-09-19 12:38:08.918000,425.18603500187066,1000
2024-09-19 12:38:08.932000,425.17417616926593,99
2024-09-19 12:38:08.960000,425.1752863033833,14
2024-09-19 12:38:08.976000,425.1740493306813,6
2024-09-19 12:38:09.572000,425.1796322875255,15
2024-09-19 12:38:09.943000,425.1652721829724,95
2024-09-19 12:38:10.010000,425.2455372804703,5
2024-09-19 12:38:10.115000,425.2046950153275,11
2024-09-19 12:38:10.132000,425.2300372397572,101
2024-09-19 12:38:10.148000,425.1970988949034,9
2024-09-19 12:38:10.160000,425.1912635579951,105
2024-09-19 12:38:10.206000,425.2309098223624,101
2024-09-19 12:38:10.219000,425.235063907125,995
2024-09-19 12:38:10.271000,425.2041384518985,95
2024-09-19 12:38:10.625000,425.2134375946269,100
2024-09-19 12:38:10.683000,425.2303115805816,97
2024-09-19 12:38:10.823000,425.2281726586206,98
2024-09-19 12:38:10.853000,425.19176066265845,98
2024-09-19 12:38:10.867000,425.23191755523766,9
2024-09-19 12:38:10.910000,425.2185905003574,5
2024-09-19 12:38:10.958000,425.243931852939,995
2024-09-19 12:38:10.980000,425.1911147543874,14
2024-09-19 12:38:10.980000,425.2002654713024,11
2024-09-19 12:38:11.051000,425.18770651447767,1003
2024-09-19 12:38:11.190000,425.1806617055111,995
2024-09-19 12:38:11.226000,425.2036044063212,1001
2024-09-19 12:38:11.304000,425.1936534701232,9
2024-09-19 12:38:11.350000,425.1811887658175,1005
2024-09-19 12:38:11.357000,425.2042855838274,8
2024-09-19 12:38:11.449000,425.1688156320698,996
2024-09-19 12:38:11.459000,425.182467260564,1000
2024-09-19 12:38:11.512000,425.204048713943,99
2024-09-19 12:38:11.565000,425.180784442617,7
2024-09-19 12:38:11.583000,425.1934047388322,1005
2024-09-19 12:38:11.791000,425.17163329568007,995
2024-09-19 12:38:11.816000,425.1815961573876,96
2024-09-19 12:38:11.831000,425.176258814104,13
2024-09-19 12:38:11.833000,425.1911057861692,999
2024-09-19 12:38:11.859000,425.1721778537124,15
2024-09-19 12:38:11.893000,425.18196546029816,13
2024-09-19 12:38:11.989000,425.1906246141397,996
2024-09-19 12:38:12.112000,425.05119626646285,103
2024-09-19 12:38:12.244000,425.0816264869269,5
2024-09-19 12:38:12.264000,425.1183842235583,995
2024-09-19 12:38:12.287000,425.1041560918399,101
2024-09-19 12:38:12.334000,425.062162248326,95
2024-09-19 12:38:12.479000,425.0949998948997,5
2024-09-19 12:38:12.531000,425.1604415541046,97
2024-09-19 12:38:12.610000,425.1350450999224,9
2024-09-19 12:38:12.688000,425.1109894179755,97
2024-09-19 12:38:12.750000,425.0442272984431,101
2024-09-19 12:38:12.870000,425.111345748013,995
2024-09-19 12:38:13.007000,425.1046489294848,9
2024-09-19 12:38:13.055000,425.0848344097256,1001
2024-09-19 12:38:13.067000,425.0635897198783,12
2024-09-19 12:38:13.093000,425.11076695186256,14
2024-09-19 12:38:13.154000,425.05376623479873,12
2024-09-19 12:38:13.192000,425.0815591814412,995
2024-09-19 12:38:13.201000,425.11368558644455,13
2024-09-19 12:38:13.278000,425.09094498625024,96
2024-09-19 12:38:13.419000,425.1129344676269,9
2024-09-19 12:38:13.445000,425.118776963359,998
2024-09-19 12:38:13.568000,425.0538167821095,1003
2024-09-19 12:38:13.821000,425.072427770475,995
2024-09-19 12:38:13.938000,425.0598414554921,13
2024-09-19 12:38:14.025000,425.0623443564979,1005
2024-09-19 12:38:14.082000,425.1084195244559,12
2024-09-19 12:38:14.096000,425.1243186805693,6
2024-09-19 12:38:14.101000,425.1317598972261,97
2024-09-19 12:38:14.228000,425.108131482224,98
2024-09-19 12:38:14.245000,425.13418372905824,95
2024-09-19 12:38:14.298000,425.1066194009672,1001
2024-09-19 12:38:14.313000,425.0419402270266,10
2024-09-19 12:38:14.421000,425.0500167050717,999
2024-09-19 12:38:14.480000,425.0530641511879,1003
2024-09-19 12:38:14.585000,425.12201010476673,13
2024-09-19 12:38:14.600000,425.12403711385656,11
2024-09-19 12:38:14.694000,425.0840985782022,1003
2024-09-19 12:38:14.773000,425.06912867500574,98
2024-09-19 12:38:14.792000,425.0560823424231,998
2024-09-19 12:38:14.822000,425.1071218790744,999
2024-09-19 12:38:14.841000,425.0910069713686,12
2024-09-19 12:38:14.842000,425.0832618124,1005
2024-09-19 12:38:14.849000,425.0687819093943,9
2024-09-19 12:38:14.907000,425.09019591278695,5
2024-09-19 12:38:14.937000,425.09329157092617,96
2024-09-19 12:38:14.953000,425.11021665830407,11
2024-09-19 12:38:14.967000,425.0931692348421,8
2024-09-19 12:38:15.255000,425.1350164098036,104
2024-09-19 12:38:15.273000,425.14529936220407,6
2024-09-19 12:38:15.314000,425.11758383092666,103
2024-09-19 12:38:15.348000,425.0892037109442,8
2024-09-19 12:38:15.432000,425.12072989994505,1005
2024-09-19 12:38:15.445000,425.1209281014216,14
2024-09-19 12:38:15.711000,425.09777375978285,15
2024-09-19 12:38:15.720000,425.0905879166536,6
2024-09-19 12:38:16.040000,425.1152565953194,102
2024-09-19 12:38:16.041000,425.14600212694745,997
2024-09-19 12:38:16.057000,425.1275044965497,1002
2024-09-19 12:38:16.059000,425.1561951533647,13
2024-09-19 12:38:16.079000,425.1211859910185,12
2024-09-19 12:38:16.102000,425.16648026020135,96
2024-09-19 12:38:16.112000,425.1212385116292,999
2024-09-19 12:38:16.135000,425.1522314122682,103
2024-09-19 12:38:16.177000,425.1503029625036,10
2024-09-19 12:38:16.224000,425.128087542237,997
2024-09-19 12:38:16.249000,425.15241291281166,997
2024-09-19 12:38:16.277000,425.1479587990633,102
2024-09-19 12:38:16.301000,425.1445155071589,100
2024-09-19 12:38:16.469000,425.1490829153077,1000
2024-09-19 12:38:16.487000,425.1252107968624,1002
2024-09-19 12:38:16.495000,425.1688525971183,13
2024-09-19 12:38:16.498000,425.14509555874224,1003
2024-09-19 12:38:16.507000,425.1104447987712,10
2024-09-19 12:38:16.602000,425.1376543728484,1000
2024-09-19 12:38:16.614000,425.1333792261687,96
2024-09-19 12:38:16.635000,425.1374205489311,11
2024-09-19 12:38:16.667000,425.162919808888,105
2024-09-19 12:38:16.896000,425.148203500618,98
2024-09-19 12:38:16.910000,425.15355312124245,8
2024-09-19 12:38:16.922000,425.1470476950162,105
2024-09-19 12:38:16.934000,425.1131369547489,101
2024-09-19 12:38:18.071000,425.1280960458539,98
2024-09-19 12:38:18.644000,425.1392056058487,999
2024-09-19 12:38:19.236000,425.1330659784166,996
2024-09-19 12:38:19.522000,425.1389831414039,1001
2024-09-19 12:38:19.522000,425.1183526364625,13
2024-09-19 12:38:19.550000,425.10823306710006,95
2024-09-19 12:38:19.592000,425.11356830335785,98
2024-09-19 12:38:19.626000,425.1283229318967,1001
2024-09-19 12:38:19.666000,425.1308685097896,6
2024-09-19 12:38:19.819000,425.1284730195316,6
2024-09-19 12:38:19.833000,425.15263301754857,1003
2024-09-19 12:38:19.842000,425.1401353027919,998
2024-09-19 12:38:19.880000,425.131468115374,8
2024-09-19 12:38:19.886000,425.1230665609472,11
2024-09-19 12:38:19.920000,425.14576480410415,10
2024-09-19 12:38:19.948000,425.1203814232292,1002
2024-09-19 12:38:19.961000,425.11717781646007,8
2024-09-19 12:38:19.977000,425.1231857456392,98
2024-09-19 12:38:20.027000,425.2027307612059,13
2024-09-19 12:38:20.125000,425.1826832511565,1002
2024-09-19 12:38:20.131000,425.1695187537726,105
2024-09-19 12:38:20.397000,425.1829754732085,102
2024-09-19 12:38:20.433000,425.1846327835699,15
2024-09-19 12:38:20.496000,425.1813908354691,7
2024-09-19 12:38:20.539000,425.1982963926188,1003
2024-09-19 12:38:20.693000,425.1916694004265,998
2024-09-19 12:38:20.709000,425.193187530018,13
2024-09-19 12:38:20.873000,425.1838257413152,8
2024-09-19 12:38:20.938000,425.20039813126925,6
2024-09-19 12:38:20.953000,425.2140203525648,104
2024-09-19 12:38:20.976000,425.1950420405876,11
2024-09-19 12:38:20.992000,425.1926288872946,12
2024-09-19 12:38:21.070000,425.1866338289854,15
2024-09-19 12:38:21.334000,425.1729396483741,101
2024-09-19 12:38:21.373000,425.1464407622222,104
2024-09-19 12:38:21.562000,425.1982368199128,10
2024-09-19 12:38:21.570000,425.1861902713319,99
2024-09-19 12:38:21.668000,425.1917585027278,997
2024-09-19 12:38:21.680000,425.1415902233683,100
2024-09-19 12:38:21.761000,425.19069398186815,11
2024-09-19 12:38:21.884000,425.1948125072204,10
2024-09-19 12:38:21.990000,425.2003020212061,1002
2024-09-19 12:38:22.072000,425.1100957210208,98
2024-09-19 12:38:22.080000,425.0918474201292,5
2024-09-19 12:38:22.176000,425.10499560156825,13
2024-09-19 12:38:22.280000,425.08317276973526,100
2024-09-19 12:38:22.352000,425.1418206137704,997
2024-09-19 12:38:22.428000,425.14062611699495,14
2024-09-19 12:38:22.472000,425.0995017994674,1002
2024-09-19 12:38:22.472000,425.117581979067,14
2024-09-19 12:38:22.516000,425.0958915870584,102
2024-09-19 12:38:22.727000,425.12602495788,104
2024-09-19 12:38:22.865000,425.0997243693585,100
2024-09-19 12:38:22.876000,425.0911684843286,103
2024-09-19 12:38:22.914000,425.0824290502187,999
2024-09-19 12:38:23.161000,425.1648755652674,14
2024-09-19 12:38:23.233000,425.1373083235994,97
2024-09-19 12:38:23.257000,425.1449035012391,1004
2024-09-19 12:38:23.429000,425.1446501624616,101
2024-09-19 12:38:23.444000,425.1124499726438,1000
2024-09-19 12:38:23.608000,425.1420724949425,1004
2024-09-19 12:38:23.642000,425.1427504084384,5
2024-09-19 12:38:23.716000,425.1308722826352,105
2024-09-19 12:38:23.736000,425.1408149565109,96
2024-09-19 12:38:23.760000,425.1489317684466,1004
2024-09-19 12:38:24.014000,425.13767630906193,14
2024-09-19 12:38:24.108000,425.1213379801367,997
2024-09-19 12:38:24.185000,425.1298474547558,1005
2024-09-19 12:38:24.270000,425.10964662978216,1004
2024-09-19 12:38:24.478000,425.12568429326615,14
2024-09-19 12:38:24.487000,425.1398357919053,1001
2024-09-19 12:38:24.595000,425.1567766895111,12
2024-09-19 12:38:24.657000,425.12341440852566,995
2024-09-19 12:38:24.810000,425.1387705094697,98
2024-09-19 12:38:24.886000,425.12781271314265,1002
2024-09-19 12:38:25.001000,425.1531289167435,997
2024-09-19 12:38:25.043000,425.14483944378713,97
2024-09-19 12:38:25.047000,425.1639239588656,1004
2024-09-19 12:38:25.091000,425.1228108505126,13
2024-09-19 12:38:25.123000,425.1670800040226,1004
2024-09-19 12:38:25.143000,425.11945155136186,1001
2024-09-19 12:38:25.241000,425.1595905466818,995
2024-09-19 12:38:25.261000,425.1378322241797,105
2024-09-19 12:38:25.268000,425.1306709351858,99
2024-09-19 12:38:25.408000,425.1338797342951,101
2024-09-19 12:38:25.412000,425.1364608100587,11
2024-09-19 12:38:25.477000,425.1518822730288,998
2024-09-19 12:38:25.479000,425.1569252897313,1003
2024-09-19 12:38:25.482000,425.1518115253327,100
2024-09-19 12:38:25.520000,425.1515326492578,97
2024-09-19 12:38:25.556000,425.15170074460434,100
2024-09-19 12:38:25.650000,425.1272056332583,96
2024-09-19 12:38:25.682000,425.1451904161395,99
2024-09-19 12:38:25.719000,425.1672048791044,96
2024-09-19 12:38:25.744000,425.15550069938354,999
2024-09-19 12:38:25.783000,425.157460438501,101
2024-09-19 12:38:25.854000,425.17138008697856,98
2024-09-19 12:38:25.962000,425.13716078047656,995
2024-09-19 12:38:25.978000,425.14969310555097,98
2024-09-19 12:38:25.981000,425.1507521297822,95
2024-09-19 12:38:25.992000,425.1651689168825,5
2024-09-19 12:38:26.068000,425.17336320117465,95
2024-09-19 12:38:26.097000,425.2796934916006,96
2024-09-19 12:38:26.126000,425.2707693510618,9
2024-09-19 12:38:26.192000,425.2730596118277,104
2024-09-19 12:38:26.232000,425.23173284574887,100
2024-09-19 12:38:26.290000,425.24411781589686,996
2024-09-19 12:38:26.324000,425.1829197245362,10
2024-09-19 12:38:26.410000,425.1941331852521,997
2024-09-19 12:38:26.443000,425.2944452953828,7
2024-09-19 12:38:26.479000,425.2949874642124,100
2024-09-19 12:38:26.511000,425.1449880809403,96
2024-09-19 12:38:26.518000,425.2418160998339,5
2024-09-19 12:38:26.522000,425.2746528909093,101
2024-09-19 12:38:26.523000,425.26509351591056,996
2024-09-19 12:38:26.605000,425.214017495892,1004
2024-09-19 12:38:26.605000,425.2599800053429,14
2024-09-19 12:38:26.666000,425.2917047355528,7
2024-09-19 12:38:26.784000,425.2054866398437,996
2024-09-19 12:38:26.802000,425.1410177189667,15
2024-09-19 12:38:26.834000,425.2815276843911,999
2024-09-19 12:38:26.881000,425.1561907368789,996
2024-09-19 12:38:26.891000,425.245387562956,5
2024-09-19 12:38:27.020000,425.30044752552914,995
2024-09-19 12:38:27.026000,425.30503337014886,1004
2024-09-19 12:38:27.028000,425.31370204742274,995
2024-09-19 12:38:27.040000,425.31893881616776,97
2024-09-19 12:38:27.112000,425.2923163035407,1004
2024-09-19 12:38:27.301000,425.2954791703047,10
2024-09-19 12:38:27.368000,425.2854632874204,105
2024-09-19 12:38:27.437000,425.31647512926895,6
2024-09-19 12:38:27.476000,425.3069782978126,101
2024-09-19 12:38:27.477000,425.28397651674015,104
2024-09-19 12:38:27.487000,425.3033945901549,6
2024-09-19 12:38:27.544000,425.2941150545363,1000
2024-09-19 12:38:27.573000,425.2578152224529,97
2024-09-19 12:38:27.600000,425.32421474177335,999
2024-09-19 12:38:27.691000,425.3039652579377,99
2024-09-19 12:38:27.699000,425.28611733916375,10
2024-09-19 12:38:27.745000,425.30868122751787,1004
2024-09-19 12:38:27.856000,425.3052089470577,99
2024-09-19 12:38:27.888000,425.25825734970334,104
2024-09-19 12:38:27.959000,425.3025090965425,14
2024-09-19 12:38:27.981000,425.2589028941491,12
2024-09-19 12:38:28.175000,425.3444701929138,105
2024-09-19 12:38:28.197000,425.3248787597956,999
2024-09-19 12:38:28.197000,425.3296374046685,11
2024-09-19 12:38:28.222000,425.3511398214418,1003
2024-09-19 12:38:28.338000,425.31028141916033,103
2024-09-19 12:38:28.506000,425.3619905569146,100
2024-09-19 12:38:28.624000,425.33654931594975,105
2024-09-19 12:38:28.719000,425.3368621497631,95
2024-09-19 12:38:28.753000,425.3890705547698,1004
2024-09-19 12:38:28.793000,425.3446416321619,5
2024-09-19 12:38:28.868000,425.37107510187,9
2024-09-19 12:38:28.916000,425.33382243705705,5
2024-09-19 12:38:28.985000,425.3559931544667,5
2024-09-19 12:38:29.086000,425.35785115244994,1005
2024-09-19 12:38:29.096000,425.35653189542217,13
2024-09-19 12:38:29.116000,425.37700239616186,997
2024-09-19 12:38:29.161000,425.3647412006098,995
2024-09-19 12:38:29.211000,425.3571925166583,8
2024-09-19 12:38:29.290000,425.353048245778,7
2024-09-19 12:38:29.356000,425.3687302969516,99
2024-09-19 12:38:29.367000,425.3514550338005,102
2024-09-19 12:38:29.485000,425.3706012997001,104
2024-09-19 12:38:29.533000,425.3830085763669,95
2024-09-19 12:38:29.564000,425.3861562301116,100
2024-09-19 12:38:29.721000,425.3712829149974,999
2024-09-19 12:38:29.737000,425.35843527199097,1004
2024-09-19 12:38:29.794000,425.3560515504651,101
2024-09-19 12:38:29.843000,425.3795733956137,7
2024-09-19 12:38:29.988000,425.373420740812,1000
2024-09-19 12:38:30.037000,425.3874531917581,104
2024-09-19 12:38:30.043000,425.34302823116894,98
2024-09-19 12:38:30.098000,425.36336788637294,14
2024-09-19 12:38:30.170000,425.3761648086651,997
2024-09-19 12:38:30.229000,425.3781618510196,10
2024-09-19 12:38:30.236000,425.3846294889725,9
2024-09-19 12:38:30.300000,425.3919672920142,15
2024-09-19 12:38:30.348000,425.3900785997189,13
2024-09-19 12:38:30.350000,425.3444232401053,102
2024-09-19 12:38:30.368000,425.33515190697545,101
2024-09-19 12:38:30.423000,425.3455274289083,1004
2024-09-19 12:38:30.488000,425.3684958831849,5
2024-09-19 12:38:30.492000,425.3506820083181,97
2024-09-19 12:38:30.523000,425.3744202415125,100
2024-09-19 12:38:30.670000,425.38012734495913,102
2024-09-19 12:38:30.840000,425.346902147412,1000
2024-09-19 12:38:30.870000,425.3594122816708,14
2024-09-19 12:38:31.084000,425.38678952632296,8
2024-09-19 12:38:31.217000,425.3931734323715,1002
2024-09-19 12:38:31.410000,425.3868662994766,997
2024-09-19 12:38:31.440000,425.3937728817874,1004
2024-09-19 12:38:31.441000,425.4185172635172,103
2024-09-19 12:38:31.443000,425.4104272305344,11
2024-09-19 12:38:31.518000,425.3766378685763,99
2024-09-19 12:38:31.678000,425.3827075774788,103
2024-09-19 12:38:31.763000,425.4098947815776,14
2024-09-19 12:38:31.963000,425.4011793527062,95
2024-09-19 12:38:32.266000,425.39808749374487,1005
2024-09-19 12:38:32.699000,425.3864134172698,1005
2024-09-19 12:38:32.951000,425.39072307420247,12
2024-09-19 12:38:33.015000,425.3759464610781,101
2024-09-19 12:38:33.077000,425.3902855672149,7
2024-09-19 12:38:33.201000,425.3903021421758,8
2024-09-19 12:38:33.307000,425.3456323322113,996
2024-09-19 12:38:33.346000,425.3729352048488,998
2024-09-19 12:38:33.448000,425.36219125634807,997
2024-09-19 12:38:33.597000,425.3653619359375,100
2024-09-19 12:38:33.810000,425.3592964311176,1001
2024-09-19 12:38:33.962000,425.388399649459,98
2024-09-19 12:38:34.012000,425.2624123500821,105
2024-09-19 12:38:34.026000,425.2232788379024,101
2024-09-19 12:38:34.027000,425.23108223080266,105
2024-09-19 12:38:34.097000,425.3362065447454,105
2024-09-19 12:38:34.124000,425.3323804645452,1003
2024-09-19 12:38:34.153000,425.2800364035097,999
2024-09-19 12:38:34.194000,425.2498305852865,998
2024-09-19 12:38:34.235000,425.3391905679897,997
2024-09-19 12:38:34.238000,425.307180737026,1000
2024-09-19 12:38:34.289000,425.2554965844657,104
2024-09-19 12:38:34.359000,425.2705362832108,9
2024-09-19 12:38:34.440000,425.31805756381766,1001
2024-09-19 12:38:34.475000,425.2600485847512,1002
2024-09-19 12:38:34.496000,425.2769944823065,97
2024-09-19 12:38:34.571000,425.3672353040303,97
2024-09-19 12:38:34.598000,425.2546381917044,1000
2024-09-19 12:38:34.614000,425.335830089122,7
2024-09-19 12:38:34.684000,425.31958756333626,13
2024-09-19 12:38:34.687000,425.2791925232801,1004
2024-09-19 12:38:34.688000,425.2519252160545,1005
2024-09-19 12:38:34.796000,425.2769668333075,6
2024-09-19 12:38:34.798000,425.27489718449056,7
2024-09-19 12:38:34.816000,425.28376020502657,103
2024-09-19 12:38:34.889000,425.28037048551255,98
2024-09-19 12:38:34.907000,425.3225239332802,1002
2024-09-19 12:38:34.940000,425.24717240529367,99
2024-09-19 12:38:35.064000,425.2130707347518,105
2024-09-19 12:38:35.287000,425.1737822612595,97
2024-09-19 12:38:35.458000,425.19166388037365,11
2024-09-19 12:38:35.480000,425.2063216740321,11
2024-09-19 12:38:35.560000,425.1642345594613,1002
2024-09-19 12:38:35.569000,425.16000304601255,1002
2024-09-19 12:38:35.663000,425.1820446786729,100
2024-09-19 12:38:35.688000,425.2182480057891,98
2024-09-19 12:38:35.750000,425.1969041043665,101
2024-09-19 12:38:35.753000,425.1665677945103,1005
2024-09-19 12:38:35.812000,425.2399605413956,5
2024-09-19 12:38:35.860000,425.2137952931387,5
2024-09-19 12:38:35.882000,425.18650515228336,11
2024-09-19 12:38:35.886000,425.177689451025,8
2024-09-19 12:38:35.890000,425.227215364274,1005
2024-09-19 12:38:35.892000,425.1631487306935,1003
2024-09-19 12:38:35.903000,425.2051394173466,12
2024-09-19 12:38:35.904000,425.2445816481013,995
2024-09-19 12:38:35.908000,425.1737234561443,996
2024-09-19 12:38:35.966000,425.20986850782543,999
2024-09-19 12:38:35.982000,425.2147356392491,11
2024-09-19 12:38:36.044000,425.1971711668377,5
2024-09-19 12:38:36.062000,425.1530456542295,999
2024-09-19 12:38:36.093000,425.1900272047216,6
2024-09-19 12:38:36.164000,425.20164472506326,9
2024-09-19 12:38:36.251000,425.2080215370602,9
2024-09-19 12:38:36.387000,425.2194420397437,7
2024-09-19 12:38:36.416000,425.2073172666098,15
2024-09-19 12:38:36.481000,425.18184344950816,99
2024-09-19 12:38:36.504000,425.2211399590244,999
2024-09-19 12:38:36.627000,425.2171341750767,101
2024-09-19 12:38:36.647000,425.2090342168168,15
2024-09-19 12:38:36.663000,425.1991108058715,103
2024-09-19 12:38:36.719000,425.17489541549287,100
2024-09-19 12:38:36.790000,425.1988396017085,97
2024-09-19 12:38:36.892000,425.1492985326232,11
2024-09-19 12:38:36.909000,425.1826951524118,14
2024-09-19 12:38:36.920000,425.2153848763471,10
2024-09-19 12:38:36.954000,425.160870713126,6
2024-09-19 12:38:37.063000,425.1509489948597,100
2024-09-19 12:38:37.439000,425.16576594512406,8
2024-09-19 12:38:37.900000,425.1456982708957,9
2024-09-19 12:38:38.136000,425.1541504200792,15
2024-09-19 12:38:38.158000,425.13759552650464,1001
2024-09-19 12:38:38.211000,425.1419667499496,7
2024-09-19 12:38:38.264000,425.1735179420616,7
2024-09-19 12:38:38.279000,425.1538382226301,12
2024-09-19 12:38:38.355000,425.1454991933325,999
2024-09-19 12:38:38.380000,425.1609112977164,1004
2024-09-19 12:38:38.400000,425.1512869803058,6
2024-09-19 12:38:38.410000,425.1779194690161,101
2024-09-19 12:38:38.419000,425.1821937390563,105
2024-09-19 12:38:38.455000,425.1468576286335,101
2024-09-19 12:38:38.476000,425.16091815776,95
2024-09-19 12:38:38.510000,425.1350272039618,102
2024-09-19 12:38:38.576000,425.1275076966053,96
2024-09-19 12:38:38.582000,425.13205719630577,96
2024-09-19 12:38:38.601000,425.1331558090593,9
2024-09-19 12:38:38.618000,425.15119481854725,96
2024-09-19 12:38:38.663000,425.16800220914746,1003
2024-09-19 12:38:38.686000,425.16539246165615,105
2024-09-19 12:38:38.687000,425.14417881403386,7
2024-09-19 12:38:38.760000,425.1417345996007,1002
2024-09-19 12:38:38.788000,425.1626742269954,102
2024-09-19 12:38:38.833000,425.1389320113487,1005
2024-09-19 12:38:38.890000,425.1299760106698,10
2024-09-19 12:38:38.914000,425.14995803130375,12
2024-09-19 12:38:38.919000,425.14694837328494,12
2024-09-19 12:38:38.966000,425.1706049311948,998
2024-09-19 12:38:38.971000,425.1157725253751,98
2024-09-19 12:38:39.015000,425.1797889420629,95
2024-09-19 12:38:39.139000,425.1931066096553,102
2024-09-19 12:38:39.158000,425.1881064925576,1001
2024-09-19 12:38:39.333000,425.1792776880983,1001
2024-09-19 12:38:39.358000,425.1511272196157,9
2024-09-19 12:38:39.745000,425.1428992771964,12
2024-09-19 12:38:39.779000,425.17595940118457,14
2024-09-19 12:38:39.937000,425.17388373929856,102
2024-09-19 12:38:39.966000,425.1544378832931,14
2024-09-19 12:38:40.153000,425.1491790787233,104
2024-09-19 12:38:40.222000,425.1672730631584,997
2024-09-19 12:38:40.417000,425.1740011390309,5
2024-09-19 12:38:40.626000,425.1317547225819,6
2024-09-19 12:38:40.866000,425.1707739201631,997
2024-09-19 12:38:41.039000,425.17865775162846,96
2024-09-19 12:38:41.057000,425.18606770436014,14
2024-09-19 12:38:41.122000,425.1488752648679,14
2024-09-19 12:38:41.245000,425.1141243463312,5
2024-09-19 12:38:41.268000,425.1479760851519,104
2024-09-19 12:38:41.270000,425.1247530020426,95
2024-09-19 12:38:41.343000,425.1559502232592,8
2024-09-19 12:38:41.387000,425.1482109964279,11
2024-09-19 12:38:41.612000,425.13081690131696,95
2024-09-19 12:38:41.656000,425.1607829490282,95
2024-09-19 12:38:41.693000,425.1939146233456,998
2024-09-19 12:38:41.744000,425.1324476914572,5
2024-09-19 12:38:41.779000,425.1774914969263,5
2024-09-19 12:38:41.866000,425.1564453902839,99
2024-09-19 12:38:41.866000,425.1473650899002,95
2024-09-19 12:38:41.892000,425.18597243611913,12
2024-09-19 12:38:41.908000,425.16032300911866,7
2024-09-19 12:38:41.941000,425.166000635472,1005
2024-09-19 12:38:42.104000,425.0783927065697,995
2024-09-19 12:38:42.288000,425.1137498661543,98
2024-09-19 12:38:42.353000,425.0753717603034,97
2024-09-19 12:38:42.385000,425.0945938090329,101
2024-09-19 12:38:42.513000,425.06126728912994,6
2024-09-19 12:38:42.550000,425.0685810872914,15
2024-09-19 12:38:42.956000,425.0706769250909,105
2024-09-19 12:38:43.009000,425.0979460016807,8
2024-09-19 12:38:43.051000,424.9971848094375,1004
2024-09-19 12:38:43.072000,425.0291554591798,1004
2024-09-19 12:38:43.107000,424.9885736561588,999
2024-09-19 12:38:43.119000,424.9879494513361,95
2024-09-19 12:38:43.136000,425.05185805746834,998
2024-09-19 12:38:43.162000,425.0448944464503,1003
2024-09-19 12:38:43.178000,424.99380169052455,97
2024-09-19 12:38:43.264000,424.9981605734175,12
2024-09-19 12:38:43.264000,425.0292998520166,7
2024-09-19 12:38:43.337000,425.0805754413303,97
2024-09-19 12:38:43.377000,425.0853081196146,100
2024-09-19 12:38:43.608000,425.0102015047072,1001
2024-09-19 12:38:43.667000,424.98868384054543,1002
2024-09-19 12:38:43.700000,424.99304672605217,9
2024-09-19 12:38:43.710000,425.0411977368102,995
2024-09-19 12:38:43.752000,425.0644295747278,15
2024-09-19 12:38:43.753000,425.01349625578047,15
2024-09-19 12:38:43.776000,425.0372031562868,1003
2024-09-19 12:38:43.800000,425.0835146123167,103
2024-09-19 12:38:43.805000,425.0195876393425,5
2024-09-19 12:38:43.806000,424.9876353592903,12
2024-09-19 12:38:43.919000,425.0768409323428,1000
2024-09-19 12:38:43.986000,425.0601254122221,96
2024-09-19 12:38:43.995000,425.0239042458421,5
2024-09-19 12:38:44.060000,425.1514064584369,95
2024-09-19 12:38:44.098000,425.15539934041976,99
2024-09-19 12:38:44.116000,425.057930581353,96
2024-09-19 12:38:44.159000,425.162622242175,1005
2024-09-19 12:38:44.190000,425.1557384493573,102
2024-09-19 12:38:44.213000,425.07552007936624,1003
2024-09-19 12:38:44.269000,425.1104010323909,999
2024-09-19 12:38:44.278000,425.065838823928,10
2024-09-19 12:38:44.429000,425.0827393129343,14
2024-09-19 12:38:44.483000,425.0755567067921,101
2024-09-19 12:38:44.491000,425.0821324402039,11
2024-09-19 12:38:44.506000,425.0800360345874,1004
2024-09-19 12:38:44.526000,425.0684627814507,99
2024-09-19 12:38:44.541000,425.08433339702594,8
2024-09-19 12:38:44.543000,425.066321260847,9
2024-09-19 12:38:44.547000,425.0726222664811,999
2024-09-19 12:38:44.557000,425.12827808212,95
2024-09-19 12:38:44.599000,425.1620103801066,7
2024-09-19 12:38:44.676000,425.1607273837672,97
2024-09-19 12:38:44.683000,425.15652596659856,7
2024-09-19 12:38:44.698000,425.1713674790498,1004
2024-09-19 12:38:44.738000,425.0449704704431,1001
2024-09-19 12:38:44.744000,425.1517600870313,996
2024-09-19 12:38:44.749000,425.0825104423056,1004
2024-09-19 12:38:44.756000,425.0655947113572,99
2024-09-19 12:38:44.798000,425.0902540690016,999
2024-09-19 12:38:44.856000,425.08603137426405,98
2024-09-19 12:38:44.877000,425.06918013611977,103
2024-09-19 12:38:44.908000,425.1576081240536,997
2024-09-19 12:38:45.016000,425.1802997220211,1000
2024-09-19 12:38:45.152000,425.1735501877938,99
2024-09-19 12:38:45.208000,425.24649213272056,14
2024-09-19 12:38:45.211000,425.2583598092161,997
2024-09-19 12:38:45.214000,425.1525392232472,998
2024-09-19 12:38:45.231000,425.2500893439644,999
2024-09-19 12:38:45.237000,425.1771906945944,13
2024-09-19 12:38:45.315000,425.15859338178507,101
2024-09-19 12:38:45.327000,425.20828212630215,9
2024-09-19 12:38:45.453000,425.23033717207255,1003
2024-09-19 12:38:45.506000,425.2287277687324,95
2024-09-19 12:38:45.529000,425.195434395287,98
2024-09-19 12:38:45.554000,425.2368733661752,1005
2024-09-19 12:38:45.626000,425.2052915371111,1002
2024-09-19 12:38:45.766000,425.1868139031235,6
2024-09-19 12:38:45.799000,425.1952186307054,1005
2024-09-19 12:38:45.846000,425.2451322176919,1000
2024-09-19 12:38:45.930000,425.19367698155565,100
2024-09-19 12:38:45.966000,425.226745894564,103
2024-09-19 12:38:45.997000,425.1614027725808,105
2024-09-19 12:38:46.912000,425.2580845017905,997
2024-09-19 12:38:47.016000,425.2659732876618,105
2024-09-19 12:38:47.021000,425.27819981911193,1003
2024-09-19 12:38:47.084000,425.2619164156753,996
2024-09-19 12:38:47.132000,425.2626741479668,1002
2024-09-19 12:38:47.140000,425.2750413599679,14
2024-09-19 12:38:47.169000,425.2672430901705,1003
2024-09-19 12:38:47.212000,425.28126316697137,105
2024-09-19 12:38:47.235000,425.2666682343409,100
2024-09-19 12:38:47.317000,425.2796729811564,103
2024-09-19 12:38:47.391000,425.27408375449073,95
2024-09-19 12:38:47.435000,425.2515513894048,101
2024-09-19 12:38:47.470000,425.265647730256,1000
2024-09-19 12:38:47.472000,425.2611350642533,8
2024-09-19 12:38:47.546000,425.2689988451214,1005
2024-09-19 12:38:47.554000,425.2712698217954,1004
2024-09-19 12:38:47.718000,425.27031678028266,104
2024-09-19 12:38:47.758000,425.2585733024204,6
2024-09-19 12:38:47.766000,425.270306043486,996
2024-09-19 12:38:47.782000,425.2826728002075,995
2024-09-19 12:38:47.798000,425.25412005769454,96
2024-09-19 12:38:47.833000,425.2678534624866,99
2024-09-19 12:38:47.854000,425.275023636948,1001
2024-09-19 12:38:47.869000,425.25308938820064,9
2024-09-19 12:38:47.913000,425.2697483210811,999
2024-09-19 12:38:47.915000,425.2858486685933,100
2024-09-19 12:38:47.977000,425.27217499859006,6
2024-09-19 12:38:49.525000,425.25730374377673,96
2024-09-19 12:38:49.544000,425.2626951212986,1005
2024-09-19 12:38:49.692000,425.2995405903712,11
2024-09-19 12:38:49.809000,425.3057385464965,1004
2024-09-19 12:38:49.868000,425.31069571758206,95
2024-09-19 12:38:49.903000,425.2786516239781,6
2024-09-19 12:38:50.054000,425.2042494995325,1002
2024-09-19 12:38:50.066000,425.2427054823623,12
2024-09-19 12:38:50.161000,425.2160939987904,6
2024-09-19 12:38:50.176000,425.22041487355295,1005
2024-09-19 12:38:50.177000,425.2107799174178,10
2024-09-19 12:38:50.267000,425.2699699723165,1003
2024-09-19 12:38:50.365000,425.2828577786166,1001
2024-09-19 12:38:50.428000,425.2742217899444,997
2024-09-19 12:38:50.494000,425.235110853006,997
2024-09-19 12:38:50.502000,425.2105190769205,99
2024-09-19 12:38:50.601000,425.2246065061562,98
2024-09-19 12:38:50.601000,425.2317186888344,96
2024-09-19 12:38:50.609000,425.2609108938611,998
2024-09-19 12:38:50.638000,425.2078191289995,1002
2024-09-19 12:38:50.652000,425.2492426761016,996
2024-09-19 12:38:50.655000,425.21193993989857,999
2024-09-19 12:38:50.765000,425.2893974863027,99
2024-09-19 12:38:50.817000,425.2358056366218,105
2024-09-19 12:38:50.835000,425.2201013830038,101
2024-09-19 12:38:50.861000,425.1921974133569,98
2024-09-19 12:38:50.924000,425.2162017507159,996
2024-09-19 12:38:50.926000,425.2064919118051,998
2024-09-19 12:38:50.958000,425.2755241391233,5
2024-09-19 12:38:50.958000,425.2173572878468,100
2024-09-19 12:38:50.978000,425.2425282041627,1004
2024-09-19 12:38:51.014000,425.1893176584948,101
2024-09-19 12:38:51.166000,425.2117139974332,105
2024-09-19 12:38:51.186000,425.1986023896106,1003
2024-09-19 12:38:51.212000,425.2023065666329,6
2024-09-19 12:38:51.223000,425.2091984391872,996
2024-09-19 12:38:51.350000,425.2083465243193,1001
2024-09-19 12:38:51.491000,425.23305406236943,97
2024-09-19 12:38:51.514000,425.20135134872095,1003
2024-09-19 12:38:51.516000,425.20170610425566,997
2024-09-19 12:38:51.574000,425.2392362923583,998
2024-09-19 12:38:51.575000,425.1677256235577,104
2024-09-19 12:38:51.666000,425.22807128550505,104
2024-09-19 12:38:51.672000,425.184057841309,998
2024-09-19 12:38:51.782000,425.2050793261002,9
2024-09-19 12:38:51.898000,425.18341284238255,104
2024-09-19 12:38:51.917000,425.2100970059924,1001
2024-09-19 12:38:51.979000,425.1835784911731,98
2024-09-19 12:38:52.051000,425.1699311367415,14
2024-09-19 12:38:52.072000,425.1927217666328,104
2024-09-19 12:38:52.100000,425.1962929243769,12
2024-09-19 12:38:52.206000,425.2266711439691,1004
2024-09-19 12:38:52.252000,425.2327505363114,104
2024-09-19 12:38:52.276000,425.1625957667886,95
2024-09-19 12:38:52.383000,425.2278793319049,104
2024-09-19 12:38:52.436000,425.1995770619611,7
2024-09-19 12:38:52.488000,425.1987395914278,6
2024-09-19 12:38:52.522000,425.2093620987999,996
2024-09-19 12:38:52.593000,425.2277392285324,7
2024-09-19 12:38:52.628000,425.1916418125204,996
2024-09-19 12:38:52.640000,425.1479787667667,105
2024-09-19 12:38:52.669000,425.1519052516969,95
2024-09-19 12:38:52.687000,425.20042165043134,1000
2024-09-19 12:38:52.746000,425.18758389379366,996
2024-09-19 12:38:52.754000,425.12759251097054,103
2024-09-19 12:38:52.780000,425.2129801666755,95
2024-09-19 12:38:52.786000,425.17328464809054,103
2024-09-19 12:38:52.928000,425.2012955023724,13
2024-09-19 12:38:52.933000,425.12988690832776,8
2024-09-19 12:38:53.060000,425.2441405195233,100
2024-09-19 12:38:53.071000,425.17883923476006,15
2024-09-19 12:38:53.201000,425.31237033468665,13
2024-09-19 12:38:53.376000,425.25306152330165,1005
2024-09-19 12:38:53.419000,425.2349986181852,101
2024-09-19 12:38:53.481000,425.2187176300106,997
2024-09-19 12:38:53.543000,425.1907056281706,104
2024-09-19 12:38:53.548000,425.29803069370354,995
2024-09-19 12:38:53.636000,425.1848930213602,97
2024-09-19 12:38:53.757000,425.2155852739257,9
2024-09-19 12:38:53.908000,425.2703240536705,5
2024-09-19 12:38:53.934000,425.19486228934136,10
2024-09-19 12:38:53.934000,425.2967982474462,11
2024-09-19 12:38:53.952000,425.2972424550976,103
2024-09-19 12:38:54.160000,425.3044988120068,104
2024-09-19 12:38:54.183000,425.290011923794,995
2024-09-19 12:38:54.259000,425.2780039968541,998
2024-09-19 12:38:54.280000,425.2948300134762,97
2024-09-19 12:38:54.408000,425.2797146950489,104
2024-09-19 12:38:54.414000,425.2981847049814,8
2024-09-19 12:38:54.533000,425.30023706060905,15
2024-09-19 12:38:54.630000,425.2984037104656,102
2024-09-19 12:38:54.655000,425.2884449310346,15
2024-09-19 12:38:54.766000,425.2864901044642,5
2024-09-19 12:38:54.900000,425.295041763912,12
2024-09-19 12:38:54.916000,425.2896355137949,1005
2024-09-19 12:38:54.944000,425.29357891131394,103
2024-09-19 12:38:55.036000,425.2896842852968,11
2024-09-19 12:38:55.767000,425.2646471616318,8
2024-09-19 12:38:55.823000,425.2823258795391,100
2024-09-19 12:38:56.027000,425.29724321272926,15
2024-09-19 12:38:56.039000,425.34705932996513,98
2024-09-19 12:38:56.055000,425.355671104352,997
2024-09-19 12:38:56.101000,425.3412351090018,102
2024-09-19 12:38:56.110000,425.3861073915228,8
2024-09-19 12:38:56.140000,425.3455070439196,103
2024-09-19 12:38:56.172000,425.3890554260422,95
2024-09-19 12:38:56.384000,425.406839484816,7
2024-09-19 12:38:56.386000,425.29101223931474,101
2024-09-19 12:38:56.467000,425.2993565501078,5
2024-09-19 12:38:56.508000,425.3488320206783,1005
2024-09-19 12:38:56.512000,425.28063765316085,1003
2024-09-19 12:38:56.532000,425.3117194262592,14
2024-09-19 12:38:56.658000,425.3471604600012,95
2024-09-19 12:38:56.673000,425.3686846456928,12
2024-09-19 12:38:56.724000,425.3018040373687,997
2024-09-19 12:38:56.822000,425.2825943741377,998
2024-09-19 12:38:56.894000,425.2910767621375,95
2024-09-19 12:38:57.011000,425.4046671974847,102
2024-09-19 12:38:57.037000,425.4050364666795,998
2024-09-19 12:38:57.059000,425.426925091827,13
2024-09-19 12:38:57.139000,425.4125389349264,1004
2024-09-19 12:38:57.179000,425.4291432000868,10
2024-09-19 12:38:57.268000,425.3993222926781,11
2024-09-19 12:38:57.292000,425.4246549927918,10
2024-09-19 12:38:57.353000,425.4072102788935,999
2024-09-19 12:38:57.384000,425.4061306732163,15
2024-09-19 12:38:57.393000,425.3765156903075,99
2024-09-19 12:38:57.404000,425.39396084203145,5
2024-09-19 12:38:57.413000,425.4005298150598,98
2024-09-19 12:38:57.497000,425.41234840697393,8
2024-09-19 12:38:57.568000,425.4389947037863,997
2024-09-19 12:38:57.573000,425.4278722616573,95
2024-09-19 12:38:57.587000,425.43177880884633,995
2024-09-19 12:38:57.622000,425.431402837738,103
2024-09-19 12:38:57.634000,425.405907114163,999
2024-09-19 12:38:57.640000,425.4005169217396,999
2024-09-19 12:38:57.680000,425.4051732177746,1004
2024-09-19 12:38:57.769000,425.4231442954257,98
2024-09-19 12:38:57.796000,425.40939818398175,7
2024-09-19 12:38:57.830000,425.408060500614,1000
2024-09-19 12:38:57.864000,425.3991796354766,6
2024-09-19 12:38:57.893000,425.40871711683695,996
2024-09-19 12:38:57.899000,425.4317083016173,102
2024-09-19 12:38:57.905000,425.3944560110972,1002
2024-09-19 12:38:57.937000,425.3966495541324,105
2024-09-19 12:38:57.951000,425.3960624270599,97
2024-09-19 12:38:58.101000,425.42564767661617,7
2024-09-19 12:38:58.110000,425.40101719395255,10
2024-09-19 12:38:58.126000,425.4151296510965,98
2024-09-19 12:38:58.209000,425.39557010384897,1001
2024-09-19 12:38:58.249000,425.5120429194725,105
2024-09-19 12:38:58.272000,425.4003764699066,99
2024-09-19 12:38:58.345000,425.4621764682017,96
2024-09-19 12:38:58.357000,425.4149050487815,1000
2024-09-19 12:38:58.446000,425.5183395562231,102
2024-09-19 12:38:58.472000,425.4836467682841,995
2024-09-19 12:38:58.521000,425.5049660386441,15
2024-09-19 12:38:58.526000,425.4063466784981,15
2024-09-19 12:38:58.531000,425.44266710962177,998
2024-09-19 12:38:58.535000,425.435075602914,13
2024-09-19 12:38:58.554000,425.5077919470239,996
2024-09-19 12:38:58.620000,425.4080135108815,5
2024-09-19 12:38:58.764000,425.4244874376162,1005
2024-09-19 12:38:58.783000,425.5162838571331,1001
2024-09-19 12:38:58.881000,425.5185127916861,15
2024-09-19 12:38:58.920000,425.5006906439198,999
2024-09-19 12:38:58.996000,425.51941711560033,1003
2024-09-19 12:38:59.026000,425.4743024758345,999
2024-09-19 12:38:59.050000,425.4518700727487,99
2024-09-19 12:38:59.060000,425.4722903550199,997
2024-09-19 12:38:59.068000,425.4497532933743,105
2024-09-19 12:38:59.095000,425.51725469861697,13
2024-09-19 12:38:59.119000,425.3858981342979,999
2024-09-19 12:38:59.200000,425.4137662116028,104
2024-09-19 12:38:59.211000,425.5050264527706,5
2024-09-19 12:38:59.269000,425.4489419358322,1000
2024-09-19 12:38:59.286000,425.48422384995,99
2024-09-19 12:38:59.315000,425.4707168917881,1002
2024-09-19 12:38:59.478000,425.5095113592905,101
2024-09-19 12:38:59.505000,425.40198968834375,1002
2024-09-19 12:38:59.507000,425.4721913403078,13
2024-09-19 12:38:59.525000,425.470788584836,101
2024-09-19 12:38:59.540000,425.52127056725857,9
2024-09-19 12:38:59.560000,425.4587273828943,995
2024-09-19 12:38:59.566000,425.47019855498326,7
2024-09-19 12:38:59.569000,425.39930200106727,97
2024-09-19 12:38:59.617000,425.4265933133818,96
2024-09-19 12:38:59.626000,425.4520251796677,7
2024-09-19 12:38:59.681000,425.4515201589149,103
2024-09-19 12:38:59.729000,425.46478050701296,105
2024-09-19 12:38:59.758000,425.4866668681362,96
2024-09-19 12:38:59.771000,425.46883520121736,14
2024-09-19 12:38:59.842000,425.4837791576609,97
2024-09-19 12:38:59.882000,425.4684229144904,8
2024-09-19 12:38:59.985000,425.4562286167967,7
