Timestamp,Price,Size
2024-09-18 12:57:00.051000,416.8567459744439,102
2024-09-18 12:57:00.061000,416.7729060312291,998
2024-09-18 12:57:00.080000,416.82076089656965,8
2024-09-18 12:57:00.147000,416.8597152412153,995
2024-09-18 12:57:00.225000,416.81795971463833,99
2024-09-18 12:57:00.305000,416.8506163877644,998
2024-09-18 12:57:00.821000,416.8617223276331,997
2024-09-18 12:57:00.937000,416.79114337659695,96
2024-09-18 12:57:01.013000,416.7644978811748,1003
2024-09-18 12:57:01.047000,416.7946988599091,1003
2024-09-18 12:57:01.063000,416.79735477639616,1005
2024-09-18 12:57:01.155000,416.79020810556574,996
2024-09-18 12:57:01.256000,416.7663755115709,98
2024-09-18 12:57:01.291000,416.7794696031554,11
2024-09-18 12:57:01.316000,416.7670769007895,11
2024-09-18 12:57:01.340000,416.7651818399157,95
2024-09-18 12:57:01.342000,416.7814615174658,101
2024-09-18 12:57:01.499000,416.7876922450594,104
2024-09-18 12:57:01.666000,416.7795207020841,99
2024-09-18 12:57:01.681000,416.77789713559497,1003
2024-09-18 12:57:01.713000,416.7514613079632,997
2024-09-18 12:57:01.777000,416.7587910305084,1005
2024-09-18 12:57:01.778000,416.7664283655032,105
2024-09-18 12:57:01.797000,416.7722485294158,12
2024-09-18 12:57:01.829000,416.75525832154335,105
2024-09-18 12:57:01.976000,416.7937428172087,13
2024-09-18 12:57:02.096000,416.738886770086,1003
2024-09-18 12:57:02.548000,416.7694468199471,102
2024-09-18 12:57:02.553000,416.7774753073437,96
2024-09-18 12:57:02.699000,416.7796857126406,996
2024-09-18 12:57:03.003000,416.7642585237408,1000
2024-09-18 12:57:03.430000,416.74236600357625,1000
2024-09-18 12:57:04.952000,416.7413637353628,99
2024-09-18 12:57:05.118000,416.7122920093412,9
2024-09-18 12:57:05.188000,416.7416870954767,96
2024-09-18 12:57:05.206000,416.7417617954396,8
2024-09-18 12:57:05.244000,416.7056773429361,101
2024-09-18 12:57:05.314000,416.730322485485,100
2024-09-18 12:57:05.415000,416.73935624536,105
2024-09-18 12:57:05.445000,416.7214092975369,9
2024-09-18 12:57:05.571000,416.73401165317296,995
2024-09-18 12:57:05.797000,416.7145054591398,105
2024-09-18 12:57:05.817000,416.69160347879256,997
2024-09-18 12:57:05.863000,416.71360660799104,15
2024-09-18 12:57:05.970000,416.7280212796969,95
2024-09-18 12:57:06.055000,416.7875356404982,995
2024-09-18 12:57:06.057000,416.7578134205644,99
2024-09-18 12:57:06.172000,416.76199660472736,14
2024-09-18 12:57:06.192000,416.74692132572505,7
2024-09-18 12:57:06.231000,416.7600171798936,1004
2024-09-18 12:57:06.238000,416.79090801178495,97
2024-09-18 12:57:06.258000,416.8153459056592,998
2024-09-18 12:57:06.275000,416.7310422748244,15
2024-09-18 12:57:06.276000,416.7793996255508,8
2024-09-18 12:57:06.307000,416.811300199137,96
2024-09-18 12:57:06.350000,416.8000855779818,96
2024-09-18 12:57:06.377000,416.7484669777177,995
2024-09-18 12:57:06.378000,416.7922553910804,997
2024-09-18 12:57:06.410000,416.8137128395069,997
2024-09-18 12:57:06.423000,416.7905643854467,15
2024-09-18 12:57:06.519000,416.8154816250157,98
2024-09-18 12:57:06.586000,416.7421430537656,98
2024-09-18 12:57:06.603000,416.7633629265909,995
2024-09-18 12:57:06.664000,416.7610694931995,95
2024-09-18 12:57:06.668000,416.7875828208882,101
2024-09-18 12:57:06.678000,416.7911003879322,8
2024-09-18 12:57:06.681000,416.79498743785103,14
2024-09-18 12:57:06.867000,416.8098151820551,1002
2024-09-18 12:57:06.896000,416.7814442758227,997
2024-09-18 12:57:06.998000,416.7552920105052,1000
2024-09-18 12:57:07.030000,416.7391489221043,997
2024-09-18 12:57:07.031000,416.7312884931475,1003
2024-09-18 12:57:07.070000,416.74261612059047,998
2024-09-18 12:57:07.287000,416.73887565848304,6
2024-09-18 12:57:07.610000,416.7206483714368,8
2024-09-18 12:57:07.816000,416.7123916136511,5
2024-09-18 12:57:07.827000,416.7265205945453,105
2024-09-18 12:57:08.006000,416.6886381147902,99
2024-09-18 12:57:08.086000,416.69045402321456,104
2024-09-18 12:57:08.099000,416.7364716206633,1000
2024-09-18 12:57:08.173000,416.6841087144043,1001
2024-09-18 12:57:08.244000,416.7101888063384,9
2024-09-18 12:57:08.251000,416.7400368848912,1003
2024-09-18 12:57:08.266000,416.7209362520867,99
2024-09-18 12:57:08.305000,416.6755423073767,104
2024-09-18 12:57:08.420000,416.71098632431193,1001
2024-09-18 12:57:08.445000,416.7404893548644,15
2024-09-18 12:57:08.499000,416.71478493684026,5
2024-09-18 12:57:08.561000,416.7002348593845,102
2024-09-18 12:57:08.564000,416.7368671530679,98
2024-09-18 12:57:08.578000,416.7561923291026,11
2024-09-18 12:57:08.605000,416.7463838493142,11
2024-09-18 12:57:08.769000,416.7169665009038,102
2024-09-18 12:57:08.783000,416.6866792252971,8
2024-09-18 12:57:08.796000,416.7065932771742,101
2024-09-18 12:57:09.008000,416.7078517701295,11
2024-09-18 12:57:09.075000,416.6703140385577,102
2024-09-18 12:57:09.081000,416.65073330555487,996
2024-09-18 12:57:09.091000,416.735100243633,13
2024-09-18 12:57:09.216000,416.7200299876456,6
2024-09-18 12:57:09.233000,416.7106264482592,5
2024-09-18 12:57:09.279000,416.7191394010876,1005
2024-09-18 12:57:09.368000,416.6800998369629,9
2024-09-18 12:57:09.371000,416.7092860897264,998
2024-09-18 12:57:09.376000,416.6449660438039,104
2024-09-18 12:57:09.403000,416.7275524385509,998
2024-09-18 12:57:09.426000,416.713352213753,1002
2024-09-18 12:57:09.500000,416.6467259724749,97
2024-09-18 12:57:09.508000,416.69551854963305,100
2024-09-18 12:57:09.545000,416.7114404041861,1005
2024-09-18 12:57:09.592000,416.68306426567375,7
2024-09-18 12:57:09.644000,416.7232128809082,104
2024-09-18 12:57:09.668000,416.6916895183573,102
2024-09-18 12:57:09.677000,416.6958409587576,99
2024-09-18 12:57:09.691000,416.7498421916072,999
2024-09-18 12:57:09.732000,416.70397420956033,95
2024-09-18 12:57:09.765000,416.7234330516865,1003
2024-09-18 12:57:09.778000,416.71034270106674,15
2024-09-18 12:57:09.782000,416.7236486474245,12
2024-09-18 12:57:09.890000,416.7052525555165,1004
2024-09-18 12:57:09.956000,416.6567842970653,996
2024-09-18 12:57:09.968000,416.7284686841106,98
2024-09-18 12:57:09.974000,416.7476200659007,96
2024-09-18 12:57:10.009000,416.6528762995065,97
2024-09-18 12:57:10.025000,416.668148139906,103
2024-09-18 12:57:10.038000,416.66314471268623,105
2024-09-18 12:57:10.066000,416.6524836280513,101
2024-09-18 12:57:10.116000,416.6384628960607,100
2024-09-18 12:57:10.417000,416.6735385094363,11
2024-09-18 12:57:10.475000,416.6668235134901,14
2024-09-18 12:57:10.642000,416.6564778646086,97
2024-09-18 12:57:10.698000,416.6495082431668,15
2024-09-18 12:57:10.741000,416.64326984691934,996
2024-09-18 12:57:10.941000,416.6466540940122,1004
2024-09-18 12:57:11.007000,416.64406042156014,996
2024-09-18 12:57:11.289000,416.6612154327015,97
2024-09-18 12:57:11.378000,416.6490859482601,1003
2024-09-18 12:57:11.379000,416.66919614654057,5
2024-09-18 12:57:11.403000,416.6430503659729,104
2024-09-18 12:57:11.407000,416.6515836521913,103
2024-09-18 12:57:11.430000,416.65174423206486,96
2024-09-18 12:57:11.526000,416.6515556655438,1004
2024-09-18 12:57:11.616000,416.6415905799002,998
2024-09-18 12:57:11.639000,416.6410536511834,96
2024-09-18 12:57:11.675000,416.6558913120975,1003
2024-09-18 12:57:11.697000,416.6502489687877,999
2024-09-18 12:57:11.768000,416.649025949954,101
2024-09-18 12:57:11.850000,416.65123115761753,6
2024-09-18 12:57:11.939000,416.63894046136727,14
2024-09-18 12:57:12.051000,416.6699328125869,101
2024-09-18 12:57:12.113000,416.6874903685669,1004
2024-09-18 12:57:12.149000,416.6606885632234,1003
2024-09-18 12:57:12.150000,416.7186351792794,95
2024-09-18 12:57:12.215000,416.6929058453735,96
2024-09-18 12:57:12.231000,416.693863696716,5
2024-09-18 12:57:12.274000,416.7635188226028,101
2024-09-18 12:57:12.297000,416.7834925917149,98
2024-09-18 12:57:12.318000,416.6935362555753,9
2024-09-18 12:57:12.353000,416.7101582063698,9
2024-09-18 12:57:12.367000,416.66953090827593,104
2024-09-18 12:57:12.387000,416.6891529642246,12
2024-09-18 12:57:12.435000,416.69150914861217,95
2024-09-18 12:57:12.446000,416.7509922367325,98
2024-09-18 12:57:12.511000,416.6384005200648,9
2024-09-18 12:57:12.530000,416.6437040364748,98
2024-09-18 12:57:12.533000,416.7565759673005,1000
2024-09-18 12:57:12.624000,416.7102892415464,96
2024-09-18 12:57:12.644000,416.74110660931234,102
2024-09-18 12:57:12.721000,416.68492831110245,11
2024-09-18 12:57:12.743000,416.661559817672,100
2024-09-18 12:57:12.755000,416.7106033087599,12
2024-09-18 12:57:12.799000,416.6985203944072,999
2024-09-18 12:57:12.825000,416.6685951899781,1001
2024-09-18 12:57:12.825000,416.7347969579519,9
2024-09-18 12:57:12.861000,416.66550959728255,996
2024-09-18 12:57:12.893000,416.7763549691094,6
2024-09-18 12:57:13.143000,416.7401507144872,1002
2024-09-18 12:57:13.257000,416.7743015081937,1005
2024-09-18 12:57:13.332000,416.75381424433823,101
2024-09-18 12:57:13.378000,416.76539708767456,998
2024-09-18 12:57:13.399000,416.7485802865504,1001
2024-09-18 12:57:13.406000,416.78693692760345,10
2024-09-18 12:57:13.491000,416.7662897478807,95
2024-09-18 12:57:13.553000,416.7537097008189,1002
2024-09-18 12:57:13.575000,416.7568819202649,6
2024-09-18 12:57:13.617000,416.7495899509821,104
2024-09-18 12:57:13.635000,416.7803402342775,8
2024-09-18 12:57:13.640000,416.7650877817115,105
2024-09-18 12:57:13.670000,416.772949724306,100
2024-09-18 12:57:13.722000,416.7467673319159,999
2024-09-18 12:57:13.769000,416.7580762372268,998
2024-09-18 12:57:14.007000,416.7913200419541,102
2024-09-18 12:57:14.481000,416.7779852611543,95
2024-09-18 12:57:14.600000,416.8024296931557,10
2024-09-18 12:57:14.652000,416.7732807891972,5
2024-09-18 12:57:14.967000,416.7920474941211,997
2024-09-18 12:57:15.192000,416.7956678954407,1002
2024-09-18 12:57:15.459000,416.8002163926513,96
2024-09-18 12:57:15.542000,416.77858661153846,100
2024-09-18 12:57:15.815000,416.7990280764643,995
2024-09-18 12:57:15.942000,416.7806290338351,1003
2024-09-18 12:57:16.013000,416.7812668909182,95
2024-09-18 12:57:16.176000,416.77634684695687,101
2024-09-18 12:57:16.248000,416.7415696649628,97
2024-09-18 12:57:16.268000,416.7935167089548,1005
2024-09-18 12:57:16.358000,416.7901363882655,100
2024-09-18 12:57:16.394000,416.78893792804496,96
2024-09-18 12:57:16.497000,416.7833744019839,14
2024-09-18 12:57:16.505000,416.7741517356469,997
2024-09-18 12:57:16.562000,416.79797930933046,1005
2024-09-18 12:57:16.641000,416.7641404830456,103
2024-09-18 12:57:16.650000,416.7812060186136,996
2024-09-18 12:57:16.691000,416.7539058907503,8
2024-09-18 12:57:16.708000,416.7923713012359,5
2024-09-18 12:57:16.758000,416.77561739156215,8
2024-09-18 12:57:16.940000,416.7940681919069,14
2024-09-18 12:57:16.944000,416.7537268340291,100
2024-09-18 12:57:17.492000,416.72095474551,105
2024-09-18 12:57:18.032000,416.7228361445137,96
2024-09-18 12:57:18.036000,416.74008751814506,15
2024-09-18 12:57:18.140000,416.7341942828481,99
2024-09-18 12:57:18.457000,416.7303239813904,1005
2024-09-18 12:57:18.520000,416.7303623747361,10
2024-09-18 12:57:18.576000,416.7087068683117,995
2024-09-18 12:57:18.989000,416.7327213489861,95
2024-09-18 12:57:19.087000,416.72315837778217,9
2024-09-18 12:57:19.127000,416.64462159743607,996
2024-09-18 12:57:19.153000,416.70070473211695,999
2024-09-18 12:57:19.253000,416.648499189693,13
2024-09-18 12:57:19.284000,416.7003175819189,10
2024-09-18 12:57:19.295000,416.6896691844979,9
2024-09-18 12:57:19.336000,416.6256963148626,102
2024-09-18 12:57:19.352000,416.65717082685,8
2024-09-18 12:57:19.406000,416.6808457022066,95
2024-09-18 12:57:19.442000,416.6892607071107,12
2024-09-18 12:57:19.479000,416.6997629172067,999
2024-09-18 12:57:19.547000,416.6896131198244,100
2024-09-18 12:57:19.604000,416.620707728824,996
2024-09-18 12:57:19.610000,416.7068162000428,996
2024-09-18 12:57:19.664000,416.6226789721107,8
2024-09-18 12:57:19.732000,416.6985668376368,996
2024-09-18 12:57:19.783000,416.69396945664425,9
2024-09-18 12:57:19.791000,416.697801819915,8
2024-09-18 12:57:19.859000,416.6562795455594,7
2024-09-18 12:57:19.896000,416.7104787197547,11
2024-09-18 12:57:19.896000,416.6585945712786,8
2024-09-18 12:57:19.919000,416.64545109181387,997
2024-09-18 12:57:19.965000,416.649363423354,95
2024-09-18 12:57:19.966000,416.7087932454931,15
2024-09-18 12:57:19.968000,416.7235838556336,101
2024-09-18 12:57:20.007000,416.5480442809413,15
2024-09-18 12:57:20.048000,416.5654949463839,13
2024-09-18 12:57:20.061000,416.603211822052,15
2024-09-18 12:57:20.119000,416.6116983690313,1001
2024-09-18 12:57:20.161000,416.6121571842668,100
2024-09-18 12:57:20.232000,416.5604042297008,1003
2024-09-18 12:57:20.319000,416.5408292673745,5
2024-09-18 12:57:20.349000,416.5620598481032,95
2024-09-18 12:57:20.386000,416.5913999655634,104
2024-09-18 12:57:20.397000,416.5763939913549,105
2024-09-18 12:57:20.427000,416.5654463633211,96
2024-09-18 12:57:20.649000,416.5581003314091,99
2024-09-18 12:57:20.663000,416.5417513464545,996
2024-09-18 12:57:20.673000,416.5701658138247,97
2024-09-18 12:57:20.715000,416.585987406978,11
2024-09-18 12:57:20.723000,416.6201139170688,1004
2024-09-18 12:57:20.813000,416.56785259878336,104
2024-09-18 12:57:20.814000,416.59988283585,998
2024-09-18 12:57:20.886000,416.5530022954819,14
2024-09-18 12:57:20.890000,416.5888987631565,95
2024-09-18 12:57:20.920000,416.5724585073924,96
2024-09-18 12:57:20.966000,416.5599086183684,13
2024-09-18 12:57:21.078000,416.61968488841535,1005
2024-09-18 12:57:21.171000,416.5943785946656,5
2024-09-18 12:57:21.392000,416.6065124118385,98
2024-09-18 12:57:21.420000,416.5600306947372,99
2024-09-18 12:57:21.450000,416.61801819516575,12
2024-09-18 12:57:21.530000,416.6087296976604,998
2024-09-18 12:57:21.597000,416.6098303026872,105
2024-09-18 12:57:21.600000,416.6223729320633,1005
2024-09-18 12:57:21.726000,416.597483533131,999
2024-09-18 12:57:21.748000,416.6164681931992,6
2024-09-18 12:57:21.794000,416.6264028961464,105
2024-09-18 12:57:21.980000,416.5977693488896,1000
2024-09-18 12:57:22.669000,416.5996832584768,95
2024-09-18 12:57:23.015000,416.6434629741915,1005
2024-09-18 12:57:23.078000,416.6611784883696,12
2024-09-18 12:57:23.139000,416.6204682309022,103
2024-09-18 12:57:23.156000,416.57527812005367,9
2024-09-18 12:57:23.160000,416.6396415062704,15
2024-09-18 12:57:23.242000,416.6002645889153,105
2024-09-18 12:57:23.259000,416.6381878853071,102
2024-09-18 12:57:23.345000,416.6184285953241,103
2024-09-18 12:57:23.360000,416.5917047606056,6
2024-09-18 12:57:23.396000,416.598327275,98
2024-09-18 12:57:23.424000,416.63128910318966,12
2024-09-18 12:57:23.494000,416.6675019674098,1005
2024-09-18 12:57:23.509000,416.5998048524666,995
2024-09-18 12:57:23.538000,416.57933946676906,98
2024-09-18 12:57:23.570000,416.5822664303199,11
2024-09-18 12:57:23.681000,416.6105318785811,1005
2024-09-18 12:57:23.692000,416.60339559505246,97
2024-09-18 12:57:23.841000,416.602481239191,12
2024-09-18 12:57:23.874000,416.5714985778792,999
2024-09-18 12:57:23.874000,416.5937533176715,1002
2024-09-18 12:57:23.898000,416.60071077363983,103
2024-09-18 12:57:23.906000,416.592455980826,1004
2024-09-18 12:57:23.914000,416.62084730594427,997
2024-09-18 12:57:23.973000,416.6584542129978,97
2024-09-18 12:57:23.975000,416.6435061730245,12
2024-09-18 12:57:24.010000,416.5108721197684,996
2024-09-18 12:57:24.036000,416.4578716416391,98
2024-09-18 12:57:24.044000,416.47568248302,1000
2024-09-18 12:57:24.125000,416.5058123307113,10
2024-09-18 12:57:24.138000,416.52016368601176,100
2024-09-18 12:57:24.192000,416.53022976245137,98
2024-09-18 12:57:24.237000,416.5988012501694,96
2024-09-18 12:57:24.259000,416.46448625066233,997
2024-09-18 12:57:24.287000,416.4905205631432,99
2024-09-18 12:57:24.287000,416.4955243885457,11
2024-09-18 12:57:24.309000,416.4853935804456,997
2024-09-18 12:57:24.335000,416.484691486264,11
2024-09-18 12:57:24.366000,416.5147987200039,11
2024-09-18 12:57:24.369000,416.48713518130455,6
2024-09-18 12:57:24.476000,416.5691499989417,5
2024-09-18 12:57:24.480000,416.4640207965007,6
2024-09-18 12:57:24.484000,416.46737784360965,5
2024-09-18 12:57:24.486000,416.5818626955423,13
2024-09-18 12:57:24.539000,416.4703025647725,1002
2024-09-18 12:57:24.544000,416.4855112069275,996
2024-09-18 12:57:24.596000,416.4473614548694,1001
2024-09-18 12:57:24.686000,416.5454256437701,11
2024-09-18 12:57:24.696000,416.43578865744576,1002
2024-09-18 12:57:24.731000,416.4501041494492,6
2024-09-18 12:57:24.736000,416.46973222958593,9
2024-09-18 12:57:24.774000,416.4723873637972,13
2024-09-18 12:57:24.800000,416.4738175087379,101
2024-09-18 12:57:24.804000,416.48017889911074,1000
2024-09-18 12:57:24.879000,416.59917629914463,15
2024-09-18 12:57:25.005000,416.4553707504508,1003
2024-09-18 12:57:25.013000,416.4288026409287,8
2024-09-18 12:57:25.029000,416.4299520578441,15
2024-09-18 12:57:25.126000,416.4592137314253,99
2024-09-18 12:57:25.152000,416.4195262947049,1001
2024-09-18 12:57:25.296000,416.4469583771282,1001
2024-09-18 12:57:25.348000,416.45938797180776,1002
2024-09-18 12:57:25.367000,416.4436198582127,998
2024-09-18 12:57:25.454000,416.44244274867447,14
2024-09-18 12:57:25.490000,416.4416613845072,10
2024-09-18 12:57:25.601000,416.44688366924606,8
2024-09-18 12:57:25.679000,416.4325140431668,5
2024-09-18 12:57:25.787000,416.4579686642648,1002
2024-09-18 12:57:25.900000,416.46014206693866,98
2024-09-18 12:57:25.902000,416.4495718741746,104
2024-09-18 12:57:26.026000,416.4506280586445,97
2024-09-18 12:57:26.035000,416.40118219959845,12
2024-09-18 12:57:26.052000,416.4526959692996,102
2024-09-18 12:57:26.146000,416.3970134821295,97
2024-09-18 12:57:26.163000,416.3795126820329,10
2024-09-18 12:57:26.215000,416.468731236696,5
2024-09-18 12:57:26.221000,416.465127976258,8
2024-09-18 12:57:26.230000,416.4548989533122,104
2024-09-18 12:57:26.243000,416.46444874746027,1001
2024-09-18 12:57:26.255000,416.407186192553,9
2024-09-18 12:57:26.301000,416.4102126826564,13
2024-09-18 12:57:26.367000,416.4045939145949,14
2024-09-18 12:57:26.372000,416.3904022384088,96
2024-09-18 12:57:26.380000,416.4578059178644,1000
2024-09-18 12:57:26.447000,416.4379352866016,96
2024-09-18 12:57:26.464000,416.5023300250482,996
2024-09-18 12:57:26.503000,416.3766468476292,995
2024-09-18 12:57:26.524000,416.4512227374344,99
2024-09-18 12:57:26.622000,416.4908364166243,1000
2024-09-18 12:57:26.691000,416.4464849727879,104
2024-09-18 12:57:26.759000,416.4387005601427,11
2024-09-18 12:57:26.762000,416.41327251310736,11
2024-09-18 12:57:26.790000,416.42798846262895,12
2024-09-18 12:57:26.817000,416.48003906707095,1005
2024-09-18 12:57:26.990000,416.42251316987705,997
2024-09-18 12:57:27.069000,416.4227769958303,13
2024-09-18 12:57:27.192000,416.39983560633146,997
2024-09-18 12:57:27.296000,416.4751025077496,13
2024-09-18 12:57:27.312000,416.4411630126992,1000
2024-09-18 12:57:27.336000,416.4116356476527,995
2024-09-18 12:57:27.341000,416.4437735902349,1004
2024-09-18 12:57:27.432000,416.4562392079623,98
2024-09-18 12:57:27.434000,416.441866455981,14
2024-09-18 12:57:27.476000,416.4170171049923,1004
2024-09-18 12:57:27.512000,416.46485855126366,5
2024-09-18 12:57:27.521000,416.4174928599078,8
2024-09-18 12:57:27.543000,416.4187467367138,1001
2024-09-18 12:57:27.612000,416.4580167464615,102
2024-09-18 12:57:27.687000,416.4352660995981,1001
2024-09-18 12:57:27.712000,416.43635524832,98
2024-09-18 12:57:27.741000,416.45977911754335,6
2024-09-18 12:57:27.774000,416.4454994165055,998
2024-09-18 12:57:27.791000,416.4098665213184,100
2024-09-18 12:57:27.793000,416.3964315112121,11
2024-09-18 12:57:27.875000,416.4272760353292,8
2024-09-18 12:57:27.895000,416.399022733727,1001
2024-09-18 12:57:28.004000,416.481860214855,11
2024-09-18 12:57:28.004000,416.4700746478336,1001
2024-09-18 12:57:28.089000,416.53312383212295,99
2024-09-18 12:57:28.121000,416.5103583968741,1002
2024-09-18 12:57:28.123000,416.5075552494732,104
2024-09-18 12:57:28.158000,416.513388873836,1005
2024-09-18 12:57:28.185000,416.52983802140926,1001
2024-09-18 12:57:28.191000,416.52505152074144,10
2024-09-18 12:57:28.227000,416.5306434679545,7
2024-09-18 12:57:28.240000,416.51062510200194,1000
2024-09-18 12:57:28.268000,416.5141408240749,105
2024-09-18 12:57:28.297000,416.5293371924192,10
2024-09-18 12:57:28.308000,416.4790221337532,999
2024-09-18 12:57:28.310000,416.4825743625336,99
2024-09-18 12:57:28.328000,416.4860836433773,99
2024-09-18 12:57:28.550000,416.5426272581655,11
2024-09-18 12:57:28.558000,416.5645217663153,10
2024-09-18 12:57:28.660000,416.5443733694731,1005
2024-09-18 12:57:28.690000,416.522348200793,105
2024-09-18 12:57:28.711000,416.5030961468968,98
2024-09-18 12:57:28.724000,416.4746396198458,995
2024-09-18 12:57:28.739000,416.5266730361975,103
2024-09-18 12:57:28.755000,416.53392783306543,99
2024-09-18 12:57:28.769000,416.5414246411484,1003
2024-09-18 12:57:28.889000,416.5190111517054,100
2024-09-18 12:57:28.908000,416.54092002341554,95
2024-09-18 12:57:28.985000,416.5530641285361,100
2024-09-18 12:57:29.088000,416.5433371027248,14
2024-09-18 12:57:29.124000,416.5472123672613,97
2024-09-18 12:57:29.201000,416.5219380922288,99
2024-09-18 12:57:29.391000,416.5187463419402,6
2024-09-18 12:57:29.438000,416.5523904895375,1002
2024-09-18 12:57:29.483000,416.5217128781039,95
2024-09-18 12:57:29.506000,416.5211492394752,996
2024-09-18 12:57:29.625000,416.5093787676829,101
2024-09-18 12:57:29.647000,416.5138601520361,11
2024-09-18 12:57:29.659000,416.5222820717863,999
2024-09-18 12:57:29.831000,416.5546254340823,13
2024-09-18 12:57:29.853000,416.5292953085264,995
2024-09-18 12:57:29.915000,416.5700044501312,996
2024-09-18 12:57:29.924000,416.5243188133109,7
2024-09-18 12:57:29.980000,416.536701328911,1001
2024-09-18 12:57:30.007000,416.4924568592625,101
2024-09-18 12:57:30.111000,416.4972035733509,98
2024-09-18 12:57:30.178000,416.472929772523,14
2024-09-18 12:57:30.193000,416.4869161894306,6
2024-09-18 12:57:30.290000,416.5036139588625,11
2024-09-18 12:57:30.308000,416.5441461535154,97
2024-09-18 12:57:30.310000,416.4944939988407,997
2024-09-18 12:57:30.349000,416.50602637265536,103
2024-09-18 12:57:30.389000,416.4815962891379,11
2024-09-18 12:57:30.503000,416.5005880619833,1001
2024-09-18 12:57:30.520000,416.5286449575405,105
2024-09-18 12:57:30.530000,416.4852209479185,105
2024-09-18 12:57:30.551000,416.4647631867731,96
2024-09-18 12:57:30.567000,416.5463714295691,102
2024-09-18 12:57:30.577000,416.4633610023276,97
2024-09-18 12:57:30.626000,416.48706263495984,999
2024-09-18 12:57:30.636000,416.4633442810656,101
2024-09-18 12:57:30.644000,416.5069307957214,995
2024-09-18 12:57:30.688000,416.4686941922712,9
2024-09-18 12:57:30.712000,416.4844462619681,14
2024-09-18 12:57:30.713000,416.4670138056816,15
2024-09-18 12:57:30.713000,416.4615783628169,95
2024-09-18 12:57:30.956000,416.4913482804754,103
2024-09-18 12:57:30.963000,416.44644172051926,12
2024-09-18 12:57:31.116000,416.5587235207978,101
2024-09-18 12:57:31.267000,416.5318546077707,6
2024-09-18 12:57:31.302000,416.5444431995029,1003
2024-09-18 12:57:31.389000,416.54226366390833,7
2024-09-18 12:57:31.424000,416.54309797484046,104
2024-09-18 12:57:31.471000,416.5429904918494,5
2024-09-18 12:57:31.559000,416.5612921658232,103
2024-09-18 12:57:31.618000,416.5392603592146,15
2024-09-18 12:57:31.628000,416.545043673642,11
2024-09-18 12:57:31.801000,416.5400368788033,999
2024-09-18 12:57:31.826000,416.5576679996045,13
2024-09-18 12:57:31.876000,416.5527164488347,15
2024-09-18 12:57:31.896000,416.54392980647526,105
2024-09-18 12:57:31.946000,416.5408036819909,11
2024-09-18 12:57:31.946000,416.53865667471536,10
2024-09-18 12:57:31.981000,416.53740513413135,1004
2024-09-18 12:57:32.009000,416.5138265137924,13
2024-09-18 12:57:32.017000,416.5156022924064,98
2024-09-18 12:57:32.272000,416.50589686212544,6
2024-09-18 12:57:32.281000,416.5324259055584,12
2024-09-18 12:57:32.324000,416.5208478569129,99
2024-09-18 12:57:32.337000,416.511783004876,6
2024-09-18 12:57:32.339000,416.5678314646191,998
2024-09-18 12:57:32.406000,416.5305779640207,995
2024-09-18 12:57:32.427000,416.5693994265821,998
2024-09-18 12:57:32.520000,416.5430380905335,104
2024-09-18 12:57:32.543000,416.5421390549897,1001
2024-09-18 12:57:32.600000,416.53901425043136,999
2024-09-18 12:57:32.610000,416.5398927696259,102
2024-09-18 12:57:32.714000,416.5652984884578,7
2024-09-18 12:57:32.754000,416.5563514412431,1005
2024-09-18 12:57:32.817000,416.5564170366575,102
2024-09-18 12:57:32.905000,416.5277945992973,11
2024-09-18 12:57:32.964000,416.5604143429085,13
2024-09-18 12:57:32.982000,416.5245068864671,98
2024-09-18 12:57:32.992000,416.5585756702556,99
2024-09-18 12:57:33.052000,416.5139241825215,12
2024-09-18 12:57:33.436000,416.5127462757522,996
2024-09-18 12:57:33.546000,416.5325774819779,102
2024-09-18 12:57:33.965000,416.5172417371064,13
2024-09-18 12:57:34.003000,416.4802830154188,11
2024-09-18 12:57:34.067000,416.4784092516844,99
2024-09-18 12:57:34.107000,416.4612850792355,13
2024-09-18 12:57:34.181000,416.47258836316337,101
2024-09-18 12:57:34.186000,416.44694142746016,1005
2024-09-18 12:57:34.240000,416.4868194202558,104
2024-09-18 12:57:34.313000,416.4926910843847,14
2024-09-18 12:57:34.345000,416.5105276326845,95
2024-09-18 12:57:34.349000,416.4503756745053,1001
2024-09-18 12:57:34.386000,416.4498604616125,12
2024-09-18 12:57:34.435000,416.4794720467749,13
2024-09-18 12:57:34.451000,416.47507723450445,999
2024-09-18 12:57:34.526000,416.4975613603009,1002
2024-09-18 12:57:34.534000,416.4841496682512,14
2024-09-18 12:57:34.557000,416.4634140533266,95
2024-09-18 12:57:34.632000,416.4916130001134,996
2024-09-18 12:57:34.652000,416.4590874516375,102
2024-09-18 12:57:34.667000,416.46052208152815,14
2024-09-18 12:57:34.761000,416.4626438026023,10
2024-09-18 12:57:34.782000,416.4777712025112,13
2024-09-18 12:57:34.871000,416.4673099605696,96
2024-09-18 12:57:34.881000,416.4479005883084,999
2024-09-18 12:57:34.895000,416.4503739663398,101
2024-09-18 12:57:34.950000,416.457625217274,999
2024-09-18 12:57:34.961000,416.5051726744768,9
2024-09-18 12:57:35.016000,416.4535769108214,14
2024-09-18 12:57:35.026000,416.46400521847016,98
2024-09-18 12:57:35.117000,416.4405503778278,98
2024-09-18 12:57:35.127000,416.4460990054536,1000
2024-09-18 12:57:35.263000,416.4407216717767,104
2024-09-18 12:57:35.288000,416.4565790179591,8
2024-09-18 12:57:35.351000,416.44888335315005,102
2024-09-18 12:57:35.406000,416.4499100964849,14
2024-09-18 12:57:35.421000,416.4646782018069,101
2024-09-18 12:57:35.441000,416.4395452134193,999
2024-09-18 12:57:35.529000,416.4568015765664,102
2024-09-18 12:57:35.561000,416.4526242539943,1000
2024-09-18 12:57:35.748000,416.45593201749233,6
2024-09-18 12:57:35.773000,416.44621635539096,100
2024-09-18 12:57:35.876000,416.4456390502552,995
2024-09-18 12:57:35.883000,416.44471493721096,997
2024-09-18 12:57:36.086000,416.5236539889898,9
2024-09-18 12:57:36.126000,416.4505203320112,1004
2024-09-18 12:57:36.371000,416.522081640668,13
2024-09-18 12:57:36.457000,416.4860462932319,6
2024-09-18 12:57:36.470000,416.5209721755886,6
2024-09-18 12:57:36.475000,416.4427268374232,97
2024-09-18 12:57:36.677000,416.52320801974935,100
2024-09-18 12:57:36.720000,416.44004190937306,12
2024-09-18 12:57:36.721000,416.458327677898,1001
2024-09-18 12:57:36.769000,416.5311825289924,101
2024-09-18 12:57:36.809000,416.46432913083095,12
2024-09-18 12:57:36.822000,416.50519995551633,1005
2024-09-18 12:57:36.823000,416.527974256301,100
2024-09-18 12:57:36.895000,416.51233485371,998
2024-09-18 12:57:36.913000,416.4511134104511,5
2024-09-18 12:57:36.927000,416.53234247413496,13
2024-09-18 12:57:36.983000,416.5085421373992,11
2024-09-18 12:57:37.016000,416.5218189058622,1000
2024-09-18 12:57:37.049000,416.54577953999706,997
2024-09-18 12:57:37.129000,416.5591568248581,998
2024-09-18 12:57:37.217000,416.5380217766536,999
2024-09-18 12:57:37.285000,416.5325878025249,1004
2024-09-18 12:57:37.377000,416.5439660137061,11
2024-09-18 12:57:37.391000,416.54962542246,7
2024-09-18 12:57:37.398000,416.5574251170587,1002
2024-09-18 12:57:37.463000,416.5342379109392,12
2024-09-18 12:57:37.556000,416.5288013608181,5
2024-09-18 12:57:37.611000,416.55661488525897,103
2024-09-18 12:57:37.900000,416.56588524329214,1003
2024-09-18 12:57:37.962000,416.54260010523615,1002
2024-09-18 12:57:38.164000,416.5235941017031,99
2024-09-18 12:57:38.201000,416.5081496414781,13
2024-09-18 12:57:38.254000,416.5261638209624,102
2024-09-18 12:57:38.425000,416.5408944045803,100
2024-09-18 12:57:38.468000,416.5169665475925,995
2024-09-18 12:57:38.500000,416.5208818553661,1003
2024-09-18 12:57:38.659000,416.546216285711,105
2024-09-18 12:57:38.725000,416.5304494320369,95
2024-09-18 12:57:38.964000,416.5333880644212,103
2024-09-18 12:57:39.023000,416.5355053744419,97
2024-09-18 12:57:39.042000,416.48024383904993,1005
2024-09-18 12:57:39.209000,416.4433060243119,15
2024-09-18 12:57:39.249000,416.5690000598421,103
2024-09-18 12:57:39.269000,416.4870122406864,95
2024-09-18 12:57:39.299000,416.4738950834903,998
2024-09-18 12:57:39.351000,416.5245679224976,10
2024-09-18 12:57:39.383000,416.5885136163527,1002
2024-09-18 12:57:39.428000,416.49152151498777,102
2024-09-18 12:57:39.432000,416.51413833420605,14
2024-09-18 12:57:39.442000,416.575390056311,995
2024-09-18 12:57:39.474000,416.5620999247025,96
2024-09-18 12:57:39.489000,416.6023119280729,98
2024-09-18 12:57:39.528000,416.4777238102839,995
2024-09-18 12:57:39.572000,416.4666538391381,995
2024-09-18 12:57:39.580000,416.451430254624,7
2024-09-18 12:57:39.589000,416.5240504453706,104
2024-09-18 12:57:39.650000,416.5649707556011,999
2024-09-18 12:57:39.708000,416.4851684747183,1003
2024-09-18 12:57:39.721000,416.4692848429864,96
2024-09-18 12:57:39.834000,416.5814018016637,14
2024-09-18 12:57:39.852000,416.5269985802445,995
2024-09-18 12:57:39.856000,416.5419062090757,98
2024-09-18 12:57:39.859000,416.456344265364,8
2024-09-18 12:57:39.859000,416.4880928780756,1000
2024-09-18 12:57:39.911000,416.5626096423925,1004
2024-09-18 12:57:39.926000,416.4795577716775,1000
2024-09-18 12:57:39.960000,416.5890999761722,5
2024-09-18 12:57:39.999000,416.5222075854657,95
2024-09-18 12:57:40.073000,416.4853120263612,1003
2024-09-18 12:57:40.157000,416.4850488055436,996
2024-09-18 12:57:40.493000,416.4824785110658,100
2024-09-18 12:57:41.199000,416.4841229161963,6
2024-09-18 12:57:41.213000,416.5163397106864,7
2024-09-18 12:57:41.244000,416.5055455400034,15
2024-09-18 12:57:41.329000,416.5579778816772,1000
2024-09-18 12:57:41.414000,416.5628568321971,11
2024-09-18 12:57:41.442000,416.5363829591645,1004
2024-09-18 12:57:41.447000,416.5818302266868,13
2024-09-18 12:57:41.450000,416.5158005772611,101
2024-09-18 12:57:41.515000,416.5038139601651,104
2024-09-18 12:57:41.543000,416.490820287496,10
2024-09-18 12:57:41.610000,416.48913077361584,5
2024-09-18 12:57:41.731000,416.5439007920816,10
2024-09-18 12:57:41.763000,416.48888584418575,102
2024-09-18 12:57:41.791000,416.5983179113726,105
2024-09-18 12:57:41.793000,416.471805016898,995
2024-09-18 12:57:41.866000,416.5453501002394,14
2024-09-18 12:57:42.146000,416.5896834802901,104
2024-09-18 12:57:42.165000,416.5740650627188,102
2024-09-18 12:57:42.184000,416.5776984448477,6
2024-09-18 12:57:42.209000,416.6119486309224,99
2024-09-18 12:57:42.383000,416.5756993987903,999
2024-09-18 12:57:42.383000,416.5921215989303,13
2024-09-18 12:57:42.501000,416.5620475214247,99
2024-09-18 12:57:42.556000,416.5779945670661,1001
2024-09-18 12:57:42.865000,416.593655039409,1004
2024-09-18 12:57:43.054000,416.5580343884512,1005
2024-09-18 12:57:43.065000,416.56006521848286,996
2024-09-18 12:57:43.083000,416.5440071982952,101
2024-09-18 12:57:43.091000,416.56053571799305,998
2024-09-18 12:57:43.131000,416.55504398171576,998
2024-09-18 12:57:43.306000,416.57530666507495,1003
2024-09-18 12:57:43.349000,416.5442672032831,6
2024-09-18 12:57:43.357000,416.54356181244174,996
2024-09-18 12:57:43.363000,416.5645412029968,97
2024-09-18 12:57:43.468000,416.5660867954755,13
2024-09-18 12:57:43.504000,416.542722731121,998
2024-09-18 12:57:43.528000,416.5578353025876,10
2024-09-18 12:57:43.539000,416.5598323742448,11
2024-09-18 12:57:43.554000,416.571212812156,98
2024-09-18 12:57:43.698000,416.55821745689263,102
2024-09-18 12:57:43.764000,416.5678010454548,1002
2024-09-18 12:57:43.797000,416.5571938245512,100
2024-09-18 12:57:43.803000,416.5661305032744,1002
2024-09-18 12:57:43.825000,416.55620440285526,995
2024-09-18 12:57:43.832000,416.5393805147713,1005
2024-09-18 12:57:43.854000,416.5530248715874,1003
2024-09-18 12:57:44.157000,416.5487509858172,1002
2024-09-18 12:57:44.243000,416.6098105175811,102
2024-09-18 12:57:44.244000,416.5893738402023,9
2024-09-18 12:57:44.373000,416.56089315115634,1004
2024-09-18 12:57:44.474000,416.57917491074846,103
2024-09-18 12:57:44.481000,416.5909648581401,96
2024-09-18 12:57:44.540000,416.58964992080274,1005
2024-09-18 12:57:44.546000,416.612883575978,10
2024-09-18 12:57:44.740000,416.5675980935309,10
2024-09-18 12:57:44.807000,416.5462603481317,100
2024-09-18 12:57:44.809000,416.6116993075927,14
2024-09-18 12:57:44.925000,416.5765530600734,5
2024-09-18 12:57:44.959000,416.5906996701461,1000
2024-09-18 12:57:45.078000,416.5849308717636,997
2024-09-18 12:57:45.079000,416.5727956889471,14
2024-09-18 12:57:45.121000,416.57937627161016,100
2024-09-18 12:57:45.129000,416.6062053489347,1000
2024-09-18 12:57:45.149000,416.5954058036139,103
2024-09-18 12:57:45.210000,416.5866004646999,99
2024-09-18 12:57:45.285000,416.567285006541,104
2024-09-18 12:57:45.291000,416.583462940358,998
2024-09-18 12:57:45.318000,416.5942447457024,1002
2024-09-18 12:57:45.350000,416.5480420097989,998
2024-09-18 12:57:45.363000,416.58652088548354,1002
2024-09-18 12:57:45.385000,416.5989103407654,97
2024-09-18 12:57:45.403000,416.57609592199486,996
2024-09-18 12:57:45.461000,416.56883085496696,104
2024-09-18 12:57:45.474000,416.5516509579765,995
2024-09-18 12:57:45.488000,416.55273120102703,95
2024-09-18 12:57:45.516000,416.5864014247069,98
2024-09-18 12:57:45.576000,416.5935573460936,6
2024-09-18 12:57:45.743000,416.5771715656513,1003
2024-09-18 12:57:45.762000,416.5880270695706,99
2024-09-18 12:57:45.771000,416.5619848292275,101
2024-09-18 12:57:45.810000,416.5769389453401,96
2024-09-18 12:57:45.849000,416.581540395036,102
2024-09-18 12:57:45.855000,416.5709018986452,1003
2024-09-18 12:57:45.861000,416.5749079413881,996
2024-09-18 12:57:45.884000,416.5920687728269,97
2024-09-18 12:57:45.949000,416.5740013108797,103
2024-09-18 12:57:45.977000,416.5838121425609,102
2024-09-18 12:57:46.493000,416.6029631314897,99
2024-09-18 12:57:46.944000,416.600285800925,105
2024-09-18 12:57:46.998000,416.5939831453645,15
2024-09-18 12:57:47.008000,416.5505883104932,999
2024-09-18 12:57:47.009000,416.55276899802175,10
2024-09-18 12:57:47.027000,416.5989930463735,97
2024-09-18 12:57:47.118000,416.60313351867336,10
2024-09-18 12:57:47.128000,416.53989915695246,100
2024-09-18 12:57:47.154000,416.596169381034,1004
2024-09-18 12:57:47.204000,416.6058094509783,11
2024-09-18 12:57:47.204000,416.5968331135289,1001
2024-09-18 12:57:47.251000,416.601315584658,13
2024-09-18 12:57:47.394000,416.5491626275903,997
2024-09-18 12:57:47.421000,416.59195479214935,13
2024-09-18 12:57:47.486000,416.53438664372055,997
2024-09-18 12:57:47.503000,416.5647485580482,995
2024-09-18 12:57:47.558000,416.5854670806951,105
2024-09-18 12:57:47.591000,416.5729960487692,105
2024-09-18 12:57:47.593000,416.5379246972908,8
2024-09-18 12:57:47.602000,416.56171591158136,98
2024-09-18 12:57:47.615000,416.5536659660677,14
2024-09-18 12:57:47.697000,416.54575583474025,6
2024-09-18 12:57:47.797000,416.55031067840594,5
2024-09-18 12:57:47.904000,416.54328965948633,5
2024-09-18 12:57:47.914000,416.5392434720767,5
2024-09-18 12:57:47.945000,416.589256212288,8
2024-09-18 12:57:47.962000,416.5564429421341,7
2024-09-18 12:57:47.972000,416.5747349932064,10
2024-09-18 12:57:47.978000,416.5667628524845,104
2024-09-18 12:57:48.262000,416.57662166797513,101
2024-09-18 12:57:48.340000,416.583819098888,1000
2024-09-18 12:57:48.382000,416.5587894681665,997
2024-09-18 12:57:48.387000,416.5766554453496,7
2024-09-18 12:57:48.389000,416.56811759155096,104
2024-09-18 12:57:48.462000,416.5629784854654,102
2024-09-18 12:57:48.532000,416.56743192981753,9
2024-09-18 12:57:48.542000,416.5468161958768,104
2024-09-18 12:57:48.548000,416.5835533146592,998
2024-09-18 12:57:48.583000,416.5593835068768,997
2024-09-18 12:57:48.627000,416.5699054599944,103
2024-09-18 12:57:48.636000,416.55615452075176,14
2024-09-18 12:57:48.672000,416.562410497689,1005
2024-09-18 12:57:48.821000,416.5583131565078,995
2024-09-18 12:57:48.874000,416.5562614258054,9
2024-09-18 12:57:48.876000,416.5638969816056,995
2024-09-18 12:57:48.994000,416.5632629492422,6
2024-09-18 12:57:49.031000,416.598999105144,103
2024-09-18 12:57:49.118000,416.5814998518321,1005
2024-09-18 12:57:49.244000,416.589541275014,5
2024-09-18 12:57:49.670000,416.594716747169,96
2024-09-18 12:57:49.712000,416.6001938448817,99
2024-09-18 12:57:50.004000,416.56306686151015,995
2024-09-18 12:57:50.121000,416.51211304430086,100
2024-09-18 12:57:50.139000,416.5739420436557,104
2024-09-18 12:57:50.150000,416.539922853339,104
2024-09-18 12:57:50.177000,416.5209821881169,98
2024-09-18 12:57:50.178000,416.57833915927694,95
2024-09-18 12:57:50.271000,416.52021749581735,999
2024-09-18 12:57:50.397000,416.5743916392916,5
2024-09-18 12:57:50.398000,416.5209175002241,98
2024-09-18 12:57:50.471000,416.5028771228125,95
2024-09-18 12:57:50.474000,416.5262939773721,8
2024-09-18 12:57:50.540000,416.5912981716598,998
2024-09-18 12:57:50.546000,416.5672226537943,15
2024-09-18 12:57:50.569000,416.519098113312,995
2024-09-18 12:57:50.593000,416.5201899102833,997
2024-09-18 12:57:50.637000,416.5428071707549,102
2024-09-18 12:57:50.721000,416.583111780877,105
2024-09-18 12:57:50.730000,416.49832176164574,12
2024-09-18 12:57:50.737000,416.52758993668033,103
2024-09-18 12:57:50.853000,416.5006033291083,6
2024-09-18 12:57:50.873000,416.509429344793,6
2024-09-18 12:57:50.885000,416.5681438563788,1005
2024-09-18 12:57:50.886000,416.505264123206,99
2024-09-18 12:57:51.200000,416.4766931620501,6
2024-09-18 12:57:51.208000,416.48050975397,6
2024-09-18 12:57:51.370000,416.5221947080602,1002
2024-09-18 12:57:51.430000,416.4502971555347,104
2024-09-18 12:57:51.578000,416.4546821188802,102
2024-09-18 12:57:51.669000,416.4972116199893,1004
2024-09-18 12:57:51.902000,416.4761237163408,1005
2024-09-18 12:57:52.031000,416.4398637143558,10
2024-09-18 12:57:52.170000,416.4547497821559,997
2024-09-18 12:57:52.183000,416.4486543380169,5
2024-09-18 12:57:52.257000,416.43293346223976,997
2024-09-18 12:57:52.265000,416.4397001377647,101
2024-09-18 12:57:52.402000,416.440886602833,100
2024-09-18 12:57:52.430000,416.4287035336085,100
2024-09-18 12:57:52.473000,416.4365235369124,104
2024-09-18 12:57:52.483000,416.4812357070414,7
2024-09-18 12:57:52.535000,416.4528090892625,9
2024-09-18 12:57:52.670000,416.4341928570429,12
2024-09-18 12:57:52.756000,416.4471381498537,7
2024-09-18 12:57:52.789000,416.4369981456091,99
2024-09-18 12:57:52.817000,416.4647447939208,14
2024-09-18 12:57:52.819000,416.439959819295,7
2024-09-18 12:57:52.852000,416.45209113427416,13
2024-09-18 12:57:53.051000,416.4321340947762,99
2024-09-18 12:57:53.093000,416.451062942889,1003
2024-09-18 12:57:53.151000,416.4308648516032,997
2024-09-18 12:57:53.297000,416.4548862474045,15
2024-09-18 12:57:53.309000,416.4269702852504,1004
2024-09-18 12:57:53.388000,416.46958257723657,14
2024-09-18 12:57:53.412000,416.4231145221288,9
2024-09-18 12:57:53.423000,416.4096943525444,995
2024-09-18 12:57:53.504000,416.4568759653285,97
2024-09-18 12:57:53.522000,416.468767225459,14
2024-09-18 12:57:53.546000,416.4355122491343,5
2024-09-18 12:57:53.558000,416.452441862853,103
2024-09-18 12:57:53.566000,416.4572305803784,102
2024-09-18 12:57:53.652000,416.4519977105234,14
2024-09-18 12:57:53.844000,416.4400593817082,5
2024-09-18 12:57:53.847000,416.43249423880826,100
2024-09-18 12:57:53.962000,416.42690395781307,98
2024-09-18 12:57:54.007000,416.4061531786149,11
2024-09-18 12:57:54.084000,416.4052551064357,100
2024-09-18 12:57:54.103000,416.3816184785773,7
2024-09-18 12:57:54.119000,416.4108861459016,8
2024-09-18 12:57:54.126000,416.3971548086528,10
2024-09-18 12:57:54.207000,416.4445370577464,105
2024-09-18 12:57:54.285000,416.44134207969705,5
2024-09-18 12:57:54.372000,416.4076976392985,98
2024-09-18 12:57:54.420000,416.4263098014499,8
2024-09-18 12:57:54.428000,416.4082023128751,95
2024-09-18 12:57:54.436000,416.3916639269867,15
2024-09-18 12:57:54.451000,416.4230080889312,6
2024-09-18 12:57:54.578000,416.3711271751325,995
2024-09-18 12:57:54.600000,416.40742981101647,12
2024-09-18 12:57:54.624000,416.4299990687911,11
2024-09-18 12:57:54.781000,416.3836587481854,99
2024-09-18 12:57:54.976000,416.41382394026976,101
2024-09-18 12:57:55.002000,416.3801369221056,102
2024-09-18 12:57:55.018000,416.3920611346865,1002
2024-09-18 12:57:55.019000,416.39676128326846,12
2024-09-18 12:57:55.110000,416.39105687445664,9
2024-09-18 12:57:55.297000,416.4045627024312,14
2024-09-18 12:57:55.299000,416.3803325689913,8
2024-09-18 12:57:55.340000,416.3933105628007,9
2024-09-18 12:57:55.370000,416.3994534450693,95
2024-09-18 12:57:55.393000,416.3978152364201,96
2024-09-18 12:57:55.454000,416.4016636016197,96
2024-09-18 12:57:55.658000,416.38037434636897,14
2024-09-18 12:57:55.739000,416.398068335131,1000
2024-09-18 12:57:55.803000,416.3812098074575,7
2024-09-18 12:57:55.864000,416.39463788511136,1005
2024-09-18 12:57:55.900000,416.39671914585216,103
2024-09-18 12:57:56.057000,416.370659578089,8
2024-09-18 12:57:56.127000,416.3689528936344,102
2024-09-18 12:57:56.160000,416.3954125354524,98
2024-09-18 12:57:56.193000,416.3784029092384,98
2024-09-18 12:57:56.199000,416.3977386864319,1003
2024-09-18 12:57:56.211000,416.4054184386504,5
2024-09-18 12:57:56.226000,416.40261999461774,104
2024-09-18 12:57:56.227000,416.3843904638615,104
2024-09-18 12:57:56.252000,416.3996523431229,10
2024-09-18 12:57:56.261000,416.395177387999,105
2024-09-18 12:57:56.371000,416.3739924681488,103
2024-09-18 12:57:56.507000,416.3538965171577,98
2024-09-18 12:57:56.509000,416.35962260873055,998
2024-09-18 12:57:56.524000,416.3769674966309,98
2024-09-18 12:57:56.529000,416.383307547573,95
2024-09-18 12:57:56.539000,416.3626154627688,998
2024-09-18 12:57:56.586000,416.3634079221421,1004
2024-09-18 12:57:56.666000,416.3936527058784,999
2024-09-18 12:57:56.755000,416.36882996131993,997
2024-09-18 12:57:56.846000,416.38161958403134,997
2024-09-18 12:57:56.850000,416.38693995259376,1002
2024-09-18 12:57:56.935000,416.3887032345524,995
2024-09-18 12:57:56.937000,416.34763535945,1005
2024-09-18 12:57:56.947000,416.4014721637209,5
2024-09-18 12:57:56.987000,416.3760374318272,7
2024-09-18 12:57:57.045000,416.341683503007,9
2024-09-18 12:57:57.156000,416.35986421350657,15
2024-09-18 12:57:57.346000,416.3725056660828,104
2024-09-18 12:57:57.525000,416.3605221114073,105
2024-09-18 12:57:57.822000,416.3469947050785,10
2024-09-18 12:57:58.028000,416.4194135954565,11
2024-09-18 12:57:58.047000,416.4056317286751,104
2024-09-18 12:57:58.102000,416.3889549308665,98
2024-09-18 12:57:58.223000,416.4357820016691,103
2024-09-18 12:57:58.268000,416.4182418448034,105
2024-09-18 12:57:58.298000,416.40986641627296,5
2024-09-18 12:57:58.298000,416.3623217088758,100
2024-09-18 12:57:58.326000,416.4042312240972,9
2024-09-18 12:57:58.378000,416.37293975800463,9
2024-09-18 12:57:58.405000,416.4110841228024,105
2024-09-18 12:57:58.537000,416.3998613148458,995
2024-09-18 12:57:58.546000,416.41027931523246,8
2024-09-18 12:57:58.559000,416.4078232643728,15
2024-09-18 12:57:58.559000,416.39728145940734,12
2024-09-18 12:57:58.571000,416.3861976253068,97
2024-09-18 12:57:58.595000,416.3717189814262,99
2024-09-18 12:57:58.612000,416.4033797648355,98
2024-09-18 12:57:58.623000,416.3588889284348,998
2024-09-18 12:57:58.629000,416.39104089903685,997
2024-09-18 12:57:58.635000,416.3858658705455,104
2024-09-18 12:57:58.749000,416.3670908022821,6
2024-09-18 12:57:58.858000,416.3911053252745,13
2024-09-18 12:57:59.122000,416.39487160680767,1001
2024-09-18 12:57:59.163000,416.3916606508811,9
2024-09-18 12:57:59.290000,416.39026646012815,103
2024-09-18 12:57:59.379000,416.3831999872376,1002
2024-09-18 12:57:59.485000,416.4163887585906,8
2024-09-18 12:57:59.532000,416.4059572275346,96
2024-09-18 12:57:59.539000,416.3732944576008,1003
2024-09-18 12:57:59.627000,416.3571956975181,99
2024-09-18 12:57:59.667000,416.3877128089586,105
2024-09-18 12:57:59.822000,416.39621118413714,9
2024-09-18 12:57:59.842000,416.3931467825384,13
2024-09-18 12:57:59.854000,416.3613037360385,997
2024-09-18 12:57:59.922000,416.3910424967721,99
2024-09-18 12:57:59.942000,416.3999381006348,99
2024-09-18 12:57:59.968000,416.4137085324895,98
2024-09-18 12:57:59.977000,416.3919693121263,98
