Timestamp,Price,Size
2024-09-17 12:33:00.006000,407.7337328714993,101
2024-09-17 12:33:00.138000,407.7587666156608,1002
2024-09-17 12:33:00.141000,407.79522623830536,1002
2024-09-17 12:33:00.217000,407.77071753861645,8
2024-09-17 12:33:00.222000,407.79727861574975,13
2024-09-17 12:33:00.270000,407.81552091119056,97
2024-09-17 12:33:00.271000,407.7343524564346,7
2024-09-17 12:33:00.320000,407.7207982621388,1005
2024-09-17 12:33:00.324000,407.769762000503,14
2024-09-17 12:33:00.338000,407.7804975753671,998
2024-09-17 12:33:00.454000,407.7938476064801,104
2024-09-17 12:33:00.462000,407.7914973079663,99
2024-09-17 12:33:00.510000,407.7538160893366,10
2024-09-17 12:33:00.603000,407.77781487532616,12
2024-09-17 12:33:00.614000,407.7573894812613,101
2024-09-17 12:33:00.671000,407.729848017251,102
2024-09-17 12:33:00.703000,407.72566432456193,14
2024-09-17 12:33:00.729000,407.7834404341017,14
2024-09-17 12:33:00.804000,407.76309594510025,997
2024-09-17 12:33:00.815000,407.7554399400087,97
2024-09-17 12:33:00.857000,407.7370270311784,7
2024-09-17 12:33:00.861000,407.72212407727073,5
2024-09-17 12:33:00.866000,407.7583329000824,1002
2024-09-17 12:33:00.919000,407.75823358629,1000
2024-09-17 12:33:00.993000,407.7786510557817,14
2024-09-17 12:33:01.065000,407.7828887061125,996
2024-09-17 12:33:01.135000,407.7958335853325,98
2024-09-17 12:33:01.183000,407.79258341057664,101
2024-09-17 12:33:01.265000,407.790198114028,996
2024-09-17 12:33:01.338000,407.7853611960713,13
2024-09-17 12:33:01.370000,407.77850705958906,8
2024-09-17 12:33:01.547000,407.7631386400032,995
2024-09-17 12:33:01.586000,407.8208272215226,6
2024-09-17 12:33:01.594000,407.7758810138565,95
2024-09-17 12:33:01.710000,407.7997594372681,12
2024-09-17 12:33:01.730000,407.7781594008876,1002
2024-09-17 12:33:01.761000,407.7700487380005,101
2024-09-17 12:33:01.850000,407.7807125171239,96
2024-09-17 12:33:01.956000,407.7734476456046,9
2024-09-17 12:33:02.121000,407.73595292482696,7
2024-09-17 12:33:02.163000,407.75217724126935,999
2024-09-17 12:33:02.202000,407.7561837216204,1001
2024-09-17 12:33:02.211000,407.7546200974455,103
2024-09-17 12:33:02.496000,407.7537386669028,5
2024-09-17 12:33:02.573000,407.7363214272286,12
2024-09-17 12:33:02.638000,407.7707884829317,999
2024-09-17 12:33:02.712000,407.7518313001258,12
2024-09-17 12:33:03.223000,407.78877322176174,97
2024-09-17 12:33:03.280000,407.75611068903817,8
2024-09-17 12:33:03.371000,407.7531370621114,11
2024-09-17 12:33:03.443000,407.7826573379085,12
2024-09-17 12:33:03.449000,407.7722741149913,9
2024-09-17 12:33:03.487000,407.7691486545957,998
2024-09-17 12:33:03.577000,407.8070687543489,11
2024-09-17 12:33:03.592000,407.771381241608,96
2024-09-17 12:33:03.646000,407.8026458232506,96
2024-09-17 12:33:03.680000,407.81599507022713,12
2024-09-17 12:33:03.740000,407.7960466898253,9
2024-09-17 12:33:03.776000,407.7887124706848,999
2024-09-17 12:33:03.840000,407.8110446206296,99
2024-09-17 12:33:04.007000,407.82923221533775,1004
2024-09-17 12:33:04.022000,407.7658351804002,6
2024-09-17 12:33:04.037000,407.819042009372,100
2024-09-17 12:33:04.056000,407.7930250466644,95
2024-09-17 12:33:04.182000,407.8222325299156,1005
2024-09-17 12:33:04.206000,407.8014675972255,12
2024-09-17 12:33:04.257000,407.8093234113731,96
2024-09-17 12:33:04.337000,407.7823377315241,5
2024-09-17 12:33:04.352000,407.80164587556976,101
2024-09-17 12:33:04.405000,407.8116751939013,15
2024-09-17 12:33:04.411000,407.8225445266618,998
2024-09-17 12:33:04.419000,407.7656874487544,105
2024-09-17 12:33:04.426000,407.8549595469272,104
2024-09-17 12:33:04.431000,407.8085846290379,95
2024-09-17 12:33:04.440000,407.80290088337273,9
2024-09-17 12:33:04.468000,407.7846013292575,1002
2024-09-17 12:33:04.522000,407.846182053478,100
2024-09-17 12:33:04.533000,407.80307742591816,12
2024-09-17 12:33:04.558000,407.8178247315416,15
2024-09-17 12:33:04.582000,407.78541432257134,15
2024-09-17 12:33:04.583000,407.7956810221347,1002
2024-09-17 12:33:04.720000,407.871398388549,7
2024-09-17 12:33:04.801000,407.8282664907507,1003
2024-09-17 12:33:04.825000,407.8007748703528,1004
2024-09-17 12:33:04.882000,407.82068576712174,1004
2024-09-17 12:33:04.889000,407.80312425262935,96
2024-09-17 12:33:04.910000,407.8471630638143,101
2024-09-17 12:33:04.985000,407.8230396641708,1000
2024-09-17 12:33:05.103000,407.8677856111468,11
2024-09-17 12:33:05.197000,407.80361525636897,97
2024-09-17 12:33:05.272000,407.8179434070033,996
2024-09-17 12:33:05.273000,407.8302410690625,101
2024-09-17 12:33:05.315000,407.8140880906712,996
2024-09-17 12:33:05.370000,407.834808138948,997
2024-09-17 12:33:05.407000,407.7910929810183,14
2024-09-17 12:33:05.447000,407.8192573323131,7
2024-09-17 12:33:05.455000,407.8112060717064,995
2024-09-17 12:33:05.465000,407.80275842503545,12
2024-09-17 12:33:05.485000,407.81027398194686,1004
2024-09-17 12:33:05.491000,407.8117111695721,10
2024-09-17 12:33:05.493000,407.804971092273,104
2024-09-17 12:33:05.504000,407.829535820941,103
2024-09-17 12:33:05.554000,407.7791849989017,1004
2024-09-17 12:33:05.614000,407.85570629651687,101
2024-09-17 12:33:05.625000,407.80720515194855,97
2024-09-17 12:33:05.690000,407.8082223391722,6
2024-09-17 12:33:05.817000,407.7957783817148,1000
2024-09-17 12:33:05.891000,407.8101048135919,11
2024-09-17 12:33:05.918000,407.8200771522507,1001
2024-09-17 12:33:05.937000,407.8077256650521,13
2024-09-17 12:33:06.064000,407.8045431945915,1002
2024-09-17 12:33:06.074000,407.81361539039136,996
2024-09-17 12:33:06.090000,407.8201808151018,9
2024-09-17 12:33:06.201000,407.8215155942833,96
2024-09-17 12:33:06.234000,407.8265304509915,99
2024-09-17 12:33:06.295000,407.8483312633183,995
2024-09-17 12:33:06.303000,407.82141868970047,1000
2024-09-17 12:33:06.433000,407.8112983296738,5
2024-09-17 12:33:06.472000,407.789179620288,101
2024-09-17 12:33:06.576000,407.8230073502894,1001
2024-09-17 12:33:06.582000,407.8185104544198,14
2024-09-17 12:33:06.633000,407.8137511750913,1001
2024-09-17 12:33:06.635000,407.80650896076696,1000
2024-09-17 12:33:06.669000,407.7882438838491,1000
2024-09-17 12:33:06.686000,407.81547659579417,100
2024-09-17 12:33:06.687000,407.8067269670968,105
2024-09-17 12:33:06.715000,407.81950571308766,998
2024-09-17 12:33:06.719000,407.83524411221606,8
2024-09-17 12:33:06.721000,407.7991329148888,10
2024-09-17 12:33:06.768000,407.8042907082094,95
2024-09-17 12:33:06.780000,407.81843764743496,103
2024-09-17 12:33:06.796000,407.8228293501832,15
2024-09-17 12:33:06.881000,407.8407852376512,102
2024-09-17 12:33:06.932000,407.8117688857536,15
2024-09-17 12:33:06.955000,407.8244887979767,1005
2024-09-17 12:33:06.965000,407.8030049031949,96
2024-09-17 12:33:06.983000,407.8203862317936,998
2024-09-17 12:33:07.134000,407.78486924918167,103
2024-09-17 12:33:07.177000,407.8142661128025,999
2024-09-17 12:33:07.204000,407.7971318977741,8
2024-09-17 12:33:07.243000,407.7981267553344,995
2024-09-17 12:33:07.270000,407.76379073519854,104
2024-09-17 12:33:07.304000,407.7705519905818,997
2024-09-17 12:33:07.347000,407.81976272706135,10
2024-09-17 12:33:07.374000,407.8231253843719,6
2024-09-17 12:33:07.403000,407.7924325271149,996
2024-09-17 12:33:07.422000,407.775971108216,1001
2024-09-17 12:33:07.438000,407.8041279869605,15
2024-09-17 12:33:07.461000,407.7733513337316,1002
2024-09-17 12:33:07.615000,407.8030763094055,98
2024-09-17 12:33:07.622000,407.7855119701557,995
2024-09-17 12:33:07.654000,407.80424887789377,97
2024-09-17 12:33:07.697000,407.7960377942979,11
2024-09-17 12:33:07.764000,407.81848437345394,7
2024-09-17 12:33:07.776000,407.79927009325104,13
2024-09-17 12:33:07.795000,407.7986036760375,1001
2024-09-17 12:33:07.813000,407.7598028615346,7
2024-09-17 12:33:07.990000,407.8167823634466,14
2024-09-17 12:33:08.125000,407.709139120427,996
2024-09-17 12:33:08.336000,407.7150778290554,14
2024-09-17 12:33:08.343000,407.70716405855416,11
2024-09-17 12:33:08.430000,407.72017990633634,6
2024-09-17 12:33:08.478000,407.7441813767985,995
2024-09-17 12:33:08.499000,407.69107848938586,9
2024-09-17 12:33:08.502000,407.77571305840206,101
2024-09-17 12:33:08.503000,407.710283281438,997
2024-09-17 12:33:08.507000,407.75143942106655,102
2024-09-17 12:33:08.522000,407.7648020217554,100
2024-09-17 12:33:08.537000,407.7076348330932,1002
2024-09-17 12:33:08.685000,407.7724303764194,1001
2024-09-17 12:33:08.753000,407.70477103149,997
2024-09-17 12:33:08.753000,407.72501319560666,1004
2024-09-17 12:33:08.796000,407.7708126867744,1003
2024-09-17 12:33:08.824000,407.7388404043184,7
2024-09-17 12:33:08.849000,407.7127791985478,1004
2024-09-17 12:33:08.917000,407.7626393378912,100
2024-09-17 12:33:08.933000,407.7151579012072,995
2024-09-17 12:33:08.954000,407.6776196118736,6
2024-09-17 12:33:08.972000,407.7464028098986,97
2024-09-17 12:33:08.993000,407.70915639711336,1005
2024-09-17 12:33:09.065000,407.7085765289198,100
2024-09-17 12:33:09.123000,407.75708416264496,9
2024-09-17 12:33:09.186000,407.7379716414092,5
2024-09-17 12:33:09.439000,407.7433920643784,999
2024-09-17 12:33:09.562000,407.70746953229786,10
2024-09-17 12:33:09.642000,407.7048202336719,96
2024-09-17 12:33:09.948000,407.7637806202999,1002
2024-09-17 12:33:10.102000,407.76414019869486,9
2024-09-17 12:33:10.280000,407.7492239232589,101
2024-09-17 12:33:10.345000,407.7188598734581,1000
2024-09-17 12:33:10.359000,407.7436740421881,9
2024-09-17 12:33:10.390000,407.7281274557537,15
2024-09-17 12:33:10.410000,407.7506160787975,1004
2024-09-17 12:33:10.419000,407.7362744082498,104
2024-09-17 12:33:10.479000,407.7235193400247,13
2024-09-17 12:33:10.528000,407.72004407212296,99
2024-09-17 12:33:10.550000,407.73401269896624,96
2024-09-17 12:33:10.574000,407.72063548404606,9
2024-09-17 12:33:10.597000,407.74256699414207,998
2024-09-17 12:33:10.627000,407.7554603575249,100
2024-09-17 12:33:10.778000,407.72890319151054,998
2024-09-17 12:33:10.788000,407.7482439619961,9
2024-09-17 12:33:10.810000,407.752398792248,95
2024-09-17 12:33:10.830000,407.7176096977843,13
2024-09-17 12:33:10.949000,407.7492995940104,12
2024-09-17 12:33:10.992000,407.69765680844745,9
2024-09-17 12:33:11.143000,407.7612507176666,99
2024-09-17 12:33:11.187000,407.7822805034447,996
2024-09-17 12:33:11.202000,407.7764223512871,103
2024-09-17 12:33:12.049000,407.8194406676645,101
2024-09-17 12:33:12.087000,407.7805498123841,6
2024-09-17 12:33:12.094000,407.81004832241,101
2024-09-17 12:33:12.126000,407.8072439825745,11
2024-09-17 12:33:12.181000,407.8198203433696,12
2024-09-17 12:33:12.253000,407.8060672504661,102
2024-09-17 12:33:12.380000,407.7941653831649,10
2024-09-17 12:33:12.425000,407.7963506762388,100
2024-09-17 12:33:12.432000,407.773245375566,1004
2024-09-17 12:33:12.455000,407.8045474524447,96
2024-09-17 12:33:12.484000,407.7800498871551,995
2024-09-17 12:33:12.552000,407.7840863666158,100
2024-09-17 12:33:12.616000,407.8015146148161,8
2024-09-17 12:33:12.726000,407.8206166746006,102
2024-09-17 12:33:12.750000,407.7801537108106,8
2024-09-17 12:33:12.852000,407.81293287679415,14
2024-09-17 12:33:12.901000,407.82649762460017,15
2024-09-17 12:33:12.912000,407.79899014171366,97
2024-09-17 12:33:12.916000,407.800187159659,97
2024-09-17 12:33:13.010000,407.81400408180616,104
2024-09-17 12:33:13.046000,407.8000803523447,1001
2024-09-17 12:33:13.084000,407.7478478795685,997
2024-09-17 12:33:13.205000,407.827126601992,1000
2024-09-17 12:33:13.232000,407.7836338453525,5
2024-09-17 12:33:13.236000,407.775282615423,14
2024-09-17 12:33:13.236000,407.7937262092614,5
2024-09-17 12:33:13.271000,407.7670072595937,9
2024-09-17 12:33:13.313000,407.7824868638252,100
2024-09-17 12:33:13.398000,407.7540609010092,6
2024-09-17 12:33:13.413000,407.754782871572,98
2024-09-17 12:33:13.553000,407.82534072577954,98
2024-09-17 12:33:13.572000,407.7698624917299,7
2024-09-17 12:33:13.685000,407.742105051019,6
2024-09-17 12:33:13.709000,407.81671742864063,11
2024-09-17 12:33:13.833000,407.7861902728123,10
2024-09-17 12:33:13.846000,407.76695190057205,102
2024-09-17 12:33:13.882000,407.82014929639394,995
2024-09-17 12:33:14.119000,407.73466964406975,999
2024-09-17 12:33:14.382000,407.72882831068097,6
2024-09-17 12:33:14.489000,407.7506276765155,14
2024-09-17 12:33:14.588000,407.7386853110664,104
2024-09-17 12:33:14.763000,407.7518672572472,997
2024-09-17 12:33:16.062000,407.67285733153705,996
2024-09-17 12:33:16.077000,407.6700479359859,105
2024-09-17 12:33:16.220000,407.6954495168232,96
2024-09-17 12:33:16.258000,407.67967195840856,15
2024-09-17 12:33:16.276000,407.6369776599966,95
2024-09-17 12:33:16.281000,407.6619724585517,1002
2024-09-17 12:33:16.302000,407.6345064580406,999
2024-09-17 12:33:16.353000,407.6355221933524,998
2024-09-17 12:33:16.365000,407.6424370261596,1003
2024-09-17 12:33:16.408000,407.7114893070057,1000
2024-09-17 12:33:16.474000,407.7096334100429,999
2024-09-17 12:33:16.497000,407.69558870274375,1004
2024-09-17 12:33:16.516000,407.6509358198863,6
2024-09-17 12:33:16.596000,407.715998607682,96
2024-09-17 12:33:16.611000,407.7124247103936,12
2024-09-17 12:33:16.643000,407.6957000180388,5
2024-09-17 12:33:16.704000,407.6392471929966,9
2024-09-17 12:33:16.732000,407.6314957771969,99
2024-09-17 12:33:16.734000,407.700055165852,995
2024-09-17 12:33:16.739000,407.6656354650082,995
2024-09-17 12:33:16.820000,407.70853553688,14
2024-09-17 12:33:16.833000,407.6905642072396,998
2024-09-17 12:33:16.940000,407.7271824885924,99
2024-09-17 12:33:16.952000,407.72070101828416,5
2024-09-17 12:33:16.953000,407.69173394437337,98
2024-09-17 12:33:16.986000,407.71275515287056,15
2024-09-17 12:33:17.075000,407.62398844719263,100
2024-09-17 12:33:17.077000,407.6043395759263,101
2024-09-17 12:33:17.305000,407.6325634829466,7
2024-09-17 12:33:17.308000,407.604988851988,8
2024-09-17 12:33:17.382000,407.5778850388196,14
2024-09-17 12:33:17.465000,407.5712186973617,8
2024-09-17 12:33:17.583000,407.5815664836986,101
2024-09-17 12:33:17.663000,407.61840997316494,99
2024-09-17 12:33:17.672000,407.6332435974095,103
2024-09-17 12:33:17.693000,407.59725820470135,15
2024-09-17 12:33:17.697000,407.6400760835267,8
2024-09-17 12:33:17.825000,407.5883929285517,11
2024-09-17 12:33:17.849000,407.6012257193394,1002
2024-09-17 12:33:17.927000,407.6608952307332,7
2024-09-17 12:33:17.960000,407.5952120254031,14
2024-09-17 12:33:17.987000,407.5866894345684,996
2024-09-17 12:33:17.988000,407.6183485130646,5
2024-09-17 12:33:18.010000,407.6230000212369,999
2024-09-17 12:33:18.137000,407.63027181664313,6
2024-09-17 12:33:18.446000,407.6241462422842,8
2024-09-17 12:33:18.717000,407.61029044377176,12
2024-09-17 12:33:18.807000,407.6319454920665,102
2024-09-17 12:33:19.077000,407.6224651936941,105
2024-09-17 12:33:19.134000,407.6347047805608,5
2024-09-17 12:33:19.169000,407.64792529199735,12
2024-09-17 12:33:19.178000,407.6167784285979,11
2024-09-17 12:33:19.237000,407.5947993502776,104
2024-09-17 12:33:19.252000,407.6294184380225,1004
2024-09-17 12:33:19.258000,407.6651183227538,1002
2024-09-17 12:33:19.321000,407.6460298307604,95
2024-09-17 12:33:19.379000,407.6626968204392,1001
2024-09-17 12:33:19.420000,407.6535496353867,104
2024-09-17 12:33:19.529000,407.6251854341494,13
2024-09-17 12:33:19.546000,407.6389299721422,10
2024-09-17 12:33:19.548000,407.65425630763485,11
2024-09-17 12:33:19.599000,407.6025212330723,7
2024-09-17 12:33:19.628000,407.6463203249489,103
2024-09-17 12:33:19.668000,407.659061138724,100
2024-09-17 12:33:19.673000,407.63263762251376,13
2024-09-17 12:33:19.696000,407.6316444972209,5
2024-09-17 12:33:19.733000,407.6426439214783,105
2024-09-17 12:33:19.736000,407.60188288750544,1001
2024-09-17 12:33:19.791000,407.6560068346623,104
2024-09-17 12:33:19.839000,407.6466032076748,96
2024-09-17 12:33:19.873000,407.61492752800194,998
2024-09-17 12:33:19.896000,407.63998738698746,96
2024-09-17 12:33:19.929000,407.62024918653054,15
2024-09-17 12:33:19.930000,407.5938941464046,101
2024-09-17 12:33:19.942000,407.6413193840517,15
2024-09-17 12:33:19.946000,407.6591557850883,1002
2024-09-17 12:33:19.965000,407.6143060030143,997
2024-09-17 12:33:20.033000,407.5849249180617,1005
2024-09-17 12:33:20.037000,407.610549661481,1002
2024-09-17 12:33:20.119000,407.5603269276533,5
2024-09-17 12:33:20.226000,407.5663503589118,1001
2024-09-17 12:33:20.358000,407.5722760734891,102
2024-09-17 12:33:20.362000,407.6514292391647,5
2024-09-17 12:33:20.524000,407.5981676649211,1000
2024-09-17 12:33:20.531000,407.59049850640656,1001
2024-09-17 12:33:20.615000,407.5939479350062,102
2024-09-17 12:33:20.629000,407.5752292784514,1005
2024-09-17 12:33:20.701000,407.6222013952695,105
2024-09-17 12:33:20.856000,407.56074504261545,1000
2024-09-17 12:33:20.966000,407.58769652696384,104
2024-09-17 12:33:21.372000,407.5745165179344,1005
2024-09-17 12:33:21.387000,407.5971210532216,7
2024-09-17 12:33:21.578000,407.59026034667295,8
2024-09-17 12:33:21.729000,407.6004925936009,8
2024-09-17 12:33:21.749000,407.5606117472767,6
2024-09-17 12:33:21.876000,407.6039163323886,15
2024-09-17 12:33:21.891000,407.5902915049072,101
2024-09-17 12:33:21.911000,407.5540432208935,1000
2024-09-17 12:33:21.952000,407.5876525431179,995
2024-09-17 12:33:21.974000,407.60549814538297,104
2024-09-17 12:33:22.168000,407.5955545363623,999
2024-09-17 12:33:22.307000,407.59744507417366,7
2024-09-17 12:33:22.404000,407.6134228066129,996
2024-09-17 12:33:22.412000,407.5829347089128,7
2024-09-17 12:33:22.479000,407.6148676851564,105
2024-09-17 12:33:22.484000,407.6132869861792,12
2024-09-17 12:33:22.486000,407.6326628604739,95
2024-09-17 12:33:22.509000,407.59869832613856,96
2024-09-17 12:33:22.512000,407.63809165754014,98
2024-09-17 12:33:22.629000,407.6055810204585,104
2024-09-17 12:33:22.693000,407.60156366035466,1003
2024-09-17 12:33:22.746000,407.6295385166639,995
2024-09-17 12:33:22.817000,407.6080062694045,101
2024-09-17 12:33:22.824000,407.6068142488843,1003
2024-09-17 12:33:22.883000,407.6125730096893,997
2024-09-17 12:33:22.946000,407.6015528629738,1003
2024-09-17 12:33:23.041000,407.57360786056,14
2024-09-17 12:33:23.382000,407.5897460969507,995
2024-09-17 12:33:23.589000,407.6012098007208,999
2024-09-17 12:33:23.600000,407.6150801053471,6
2024-09-17 12:33:23.610000,407.5525423957735,13
2024-09-17 12:33:23.753000,407.5793105534095,5
2024-09-17 12:33:23.777000,407.6170533864417,999
2024-09-17 12:33:23.830000,407.5759775041933,101
2024-09-17 12:33:24.053000,407.5212468996617,7
2024-09-17 12:33:24.071000,407.5289502872122,5
2024-09-17 12:33:24.081000,407.515150929018,10
2024-09-17 12:33:24.120000,407.5274164407315,105
2024-09-17 12:33:24.144000,407.5325482606855,100
2024-09-17 12:33:24.188000,407.5297039533672,996
2024-09-17 12:33:24.188000,407.5327739877645,100
2024-09-17 12:33:24.202000,407.5509363104544,997
2024-09-17 12:33:24.206000,407.5764055993156,98
2024-09-17 12:33:24.208000,407.5119922613244,101
2024-09-17 12:33:24.249000,407.52316541272415,1004
2024-09-17 12:33:24.312000,407.52439624250286,15
2024-09-17 12:33:24.344000,407.5817271612468,5
2024-09-17 12:33:24.368000,407.53643704252886,999
2024-09-17 12:33:24.417000,407.5451942587543,997
2024-09-17 12:33:24.463000,407.5677063760043,5
2024-09-17 12:33:24.502000,407.5284515823128,13
2024-09-17 12:33:24.550000,407.5102148139669,95
2024-09-17 12:33:24.565000,407.53219495031726,1005
2024-09-17 12:33:24.584000,407.53151337182624,10
2024-09-17 12:33:24.592000,407.5404761388299,6
2024-09-17 12:33:24.616000,407.5230491266845,97
2024-09-17 12:33:24.626000,407.53254218490366,997
2024-09-17 12:33:24.764000,407.545954569878,101
2024-09-17 12:33:24.861000,407.5834322674736,14
2024-09-17 12:33:25.005000,407.59703913978245,101
2024-09-17 12:33:25.053000,407.56885271879736,1005
2024-09-17 12:33:25.059000,407.5374590662136,98
2024-09-17 12:33:25.085000,407.55157922365714,5
2024-09-17 12:33:25.092000,407.5940432080741,1005
2024-09-17 12:33:25.233000,407.5682761288134,9
2024-09-17 12:33:25.240000,407.5436949680598,97
2024-09-17 12:33:25.312000,407.5917692041514,11
2024-09-17 12:33:25.355000,407.5327839289852,11
2024-09-17 12:33:25.381000,407.6094726306812,102
2024-09-17 12:33:25.407000,407.5977280373909,997
2024-09-17 12:33:25.448000,407.5562292777312,8
2024-09-17 12:33:25.467000,407.5476043365925,1005
2024-09-17 12:33:25.497000,407.5818697437001,100
2024-09-17 12:33:25.717000,407.54626071891647,998
2024-09-17 12:33:25.781000,407.5377369027868,5
2024-09-17 12:33:25.845000,407.5413354034961,104
2024-09-17 12:33:25.848000,407.584584576016,95
2024-09-17 12:33:25.937000,407.5288461062677,7
2024-09-17 12:33:25.970000,407.5408231414716,97
2024-09-17 12:33:25.994000,407.6037105903975,98
2024-09-17 12:33:26.086000,407.5224831731991,999
2024-09-17 12:33:26.293000,407.505788956112,101
2024-09-17 12:33:26.293000,407.5284675071653,12
2024-09-17 12:33:26.520000,407.5353175136474,1000
2024-09-17 12:33:26.761000,407.5362179023008,97
2024-09-17 12:33:26.902000,407.5093318481527,1001
2024-09-17 12:33:27.086000,407.4583884973439,1001
2024-09-17 12:33:27.130000,407.4871196524115,995
2024-09-17 12:33:27.213000,407.4846463993721,12
2024-09-17 12:33:27.222000,407.4823508915591,1004
2024-09-17 12:33:27.228000,407.4980842100103,1005
2024-09-17 12:33:27.351000,407.4721509364889,12
2024-09-17 12:33:27.398000,407.4961279111213,100
2024-09-17 12:33:27.554000,407.4571528437439,999
2024-09-17 12:33:27.573000,407.4525653888968,103
2024-09-17 12:33:27.661000,407.48158715193415,13
2024-09-17 12:33:27.687000,407.4673128411442,9
2024-09-17 12:33:27.954000,407.4968200885293,96
2024-09-17 12:33:28,407.4768355023162,102
2024-09-17 12:33:28.008000,407.4292746417338,5
2024-09-17 12:33:28.011000,407.4326004764476,6
2024-09-17 12:33:28.052000,407.4513433489074,8
2024-09-17 12:33:28.098000,407.3955596126322,13
2024-09-17 12:33:28.226000,407.3978666514263,6
2024-09-17 12:33:28.239000,407.41720873874254,996
2024-09-17 12:33:28.260000,407.42438093594046,1004
2024-09-17 12:33:28.262000,407.4538312453956,1004
2024-09-17 12:33:28.296000,407.4147437312379,98
2024-09-17 12:33:28.375000,407.4062686135124,98
2024-09-17 12:33:28.380000,407.4519261390327,95
2024-09-17 12:33:28.491000,407.4559039283026,8
2024-09-17 12:33:28.506000,407.442638971202,1003
2024-09-17 12:33:28.549000,407.47963876869,97
2024-09-17 12:33:28.568000,407.47610944683777,103
2024-09-17 12:33:28.587000,407.4192064240435,1001
2024-09-17 12:33:28.649000,407.4255190392743,99
2024-09-17 12:33:28.686000,407.4772512841469,1002
2024-09-17 12:33:28.691000,407.43826170041024,998
2024-09-17 12:33:28.691000,407.3932933743431,997
2024-09-17 12:33:28.716000,407.4497534361336,996
2024-09-17 12:33:28.752000,407.40792721426425,97
2024-09-17 12:33:28.863000,407.4067692186394,1005
2024-09-17 12:33:28.984000,407.39062351359206,104
2024-09-17 12:33:29.042000,407.37558780272377,1002
2024-09-17 12:33:29.044000,407.3775102066704,100
2024-09-17 12:33:29.089000,407.4065481764725,995
2024-09-17 12:33:29.274000,407.3628077740608,997
2024-09-17 12:33:29.290000,407.41438637940047,102
2024-09-17 12:33:29.432000,407.38275983085776,102
2024-09-17 12:33:29.455000,407.4041518534836,10
2024-09-17 12:33:29.476000,407.3784203893374,11
2024-09-17 12:33:29.499000,407.406158355328,104
2024-09-17 12:33:29.552000,407.3817386742188,10
2024-09-17 12:33:29.627000,407.3712062281836,99
2024-09-17 12:33:29.632000,407.4114865410239,7
2024-09-17 12:33:29.711000,407.4019830079101,5
2024-09-17 12:33:29.801000,407.3894345630424,95
2024-09-17 12:33:29.930000,407.4188710616904,11
2024-09-17 12:33:30.047000,407.3876926725304,99
2024-09-17 12:33:30.441000,407.37934130458143,97
2024-09-17 12:33:30.572000,407.3875172065544,999
2024-09-17 12:33:30.763000,407.3855812532455,96
2024-09-17 12:33:30.771000,407.39055682017073,98
2024-09-17 12:33:30.913000,407.37527200114886,98
2024-09-17 12:33:31,407.38912608917417,13
2024-09-17 12:33:31.036000,407.3387870334473,1004
2024-09-17 12:33:31.088000,407.32093988146073,100
2024-09-17 12:33:31.124000,407.31657725721135,1001
2024-09-17 12:33:31.152000,407.3740436234675,101
2024-09-17 12:33:31.217000,407.33013396641945,100
2024-09-17 12:33:31.247000,407.3495613234568,1004
2024-09-17 12:33:31.366000,407.3190582128558,97
2024-09-17 12:33:31.456000,407.3293029186302,102
2024-09-17 12:33:31.464000,407.3248236345992,15
2024-09-17 12:33:31.479000,407.31549057972586,12
2024-09-17 12:33:31.480000,407.31142626639263,8
2024-09-17 12:33:31.586000,407.3285176579959,998
2024-09-17 12:33:31.594000,407.34018030665527,996
2024-09-17 12:33:31.624000,407.33818214673016,8
2024-09-17 12:33:31.657000,407.32144130691455,97
2024-09-17 12:33:31.661000,407.3286948376382,9
2024-09-17 12:33:31.668000,407.33075636411166,999
2024-09-17 12:33:31.717000,407.3633121577519,997
2024-09-17 12:33:31.798000,407.3102918671169,14
2024-09-17 12:33:31.891000,407.3322921595328,105
2024-09-17 12:33:31.915000,407.3341932616133,104
2024-09-17 12:33:31.940000,407.3208773966662,1005
2024-09-17 12:33:31.972000,407.308149823037,1005
2024-09-17 12:33:31.973000,407.3151048792058,1003
2024-09-17 12:33:32.010000,407.4445687821845,9
2024-09-17 12:33:32.015000,407.3747113412217,1000
2024-09-17 12:33:32.040000,407.3651589192824,7
2024-09-17 12:33:32.135000,407.3900061345614,103
2024-09-17 12:33:32.186000,407.3734730994867,995
2024-09-17 12:33:32.213000,407.3865933286128,6
2024-09-17 12:33:32.216000,407.440907390694,8
2024-09-17 12:33:32.565000,407.40908493493714,1001
2024-09-17 12:33:32.585000,407.3360112121663,105
2024-09-17 12:33:32.684000,407.3402014146914,1003
2024-09-17 12:33:32.685000,407.44250613807134,14
2024-09-17 12:33:32.726000,407.3930166726194,104
2024-09-17 12:33:32.757000,407.386253601817,14
2024-09-17 12:33:32.784000,407.4236685131487,13
2024-09-17 12:33:32.865000,407.4250650853564,1005
2024-09-17 12:33:33.002000,407.450958835242,9
2024-09-17 12:33:33.003000,407.4276397819598,5
2024-09-17 12:33:33.017000,407.4046676921178,13
2024-09-17 12:33:33.028000,407.4414015379124,13
2024-09-17 12:33:33.156000,407.4179141378398,1002
2024-09-17 12:33:33.249000,407.4506804263028,11
2024-09-17 12:33:33.387000,407.4554218954072,7
2024-09-17 12:33:33.445000,407.415637842297,999
2024-09-17 12:33:33.594000,407.44556414589687,7
2024-09-17 12:33:33.831000,407.43800456653577,1001
2024-09-17 12:33:33.943000,407.4404743282105,104
2024-09-17 12:33:34.098000,407.48944892490334,100
2024-09-17 12:33:34.147000,407.48769787972856,998
2024-09-17 12:33:34.210000,407.4783057114514,96
2024-09-17 12:33:34.297000,407.4795103991239,6
2024-09-17 12:33:34.426000,407.4735261451679,99
2024-09-17 12:33:34.637000,407.4851022138791,13
2024-09-17 12:33:34.657000,407.48431183240166,8
2024-09-17 12:33:34.660000,407.48475067356753,998
2024-09-17 12:33:34.752000,407.4609190427531,1001
2024-09-17 12:33:34.991000,407.48484994183497,999
2024-09-17 12:33:35.005000,407.560962313802,10
2024-09-17 12:33:35.027000,407.4719052156696,1001
2024-09-17 12:33:35.050000,407.5856801523881,1002
2024-09-17 12:33:35.069000,407.5057639873392,1000
2024-09-17 12:33:35.099000,407.4809504836089,11
2024-09-17 12:33:35.129000,407.5029530712721,100
2024-09-17 12:33:35.147000,407.47771815418736,1003
2024-09-17 12:33:35.174000,407.5724964300096,10
2024-09-17 12:33:35.347000,407.543316825265,102
2024-09-17 12:33:35.424000,407.4770648538587,999
2024-09-17 12:33:35.471000,407.5889282506796,103
2024-09-17 12:33:35.476000,407.5849697336651,6
2024-09-17 12:33:35.482000,407.5570728747986,96
2024-09-17 12:33:35.547000,407.5630793011715,1000
2024-09-17 12:33:35.609000,407.59584824440304,1002
2024-09-17 12:33:35.630000,407.5972501176747,9
2024-09-17 12:33:35.705000,407.5474786427811,8
2024-09-17 12:33:35.744000,407.5540840353563,11
2024-09-17 12:33:35.751000,407.5528865174591,104
2024-09-17 12:33:35.761000,407.5489488019468,101
2024-09-17 12:33:35.801000,407.58621860436335,997
2024-09-17 12:33:35.808000,407.54557824247047,105
2024-09-17 12:33:35.845000,407.54735744585486,12
2024-09-17 12:33:35.916000,407.51912924456445,9
2024-09-17 12:33:35.920000,407.5457239483956,100
2024-09-17 12:33:36.021000,407.5756222330169,14
2024-09-17 12:33:36.035000,407.59096209787526,12
2024-09-17 12:33:36.040000,407.557716299869,1001
2024-09-17 12:33:36.136000,407.58662313180537,14
2024-09-17 12:33:36.147000,407.5738654620405,103
2024-09-17 12:33:36.148000,407.5618814879077,1001
2024-09-17 12:33:36.179000,407.5740199572298,105
2024-09-17 12:33:36.214000,407.5700699371293,100
2024-09-17 12:33:36.248000,407.5530168042473,1000
2024-09-17 12:33:36.264000,407.5791171946324,1000
2024-09-17 12:33:36.305000,407.5738939362196,7
2024-09-17 12:33:36.372000,407.5847321187775,1004
2024-09-17 12:33:36.405000,407.58960538808776,99
2024-09-17 12:33:36.425000,407.59445558672127,996
2024-09-17 12:33:36.475000,407.566176187264,95
2024-09-17 12:33:36.522000,407.5765733464444,996
2024-09-17 12:33:36.546000,407.5620337739472,8
2024-09-17 12:33:36.550000,407.57058785731147,6
2024-09-17 12:33:36.590000,407.56156910110406,1000
2024-09-17 12:33:36.593000,407.5817261995456,999
2024-09-17 12:33:36.658000,407.5645418317703,15
2024-09-17 12:33:36.781000,407.6005984836496,1002
2024-09-17 12:33:36.799000,407.5942237862181,15
2024-09-17 12:33:36.850000,407.5777193843605,102
2024-09-17 12:33:36.864000,407.573072966882,12
2024-09-17 12:33:36.868000,407.5681105059544,10
2024-09-17 12:33:36.993000,407.582159578658,104
2024-09-17 12:33:37.222000,407.5820803378456,995
2024-09-17 12:33:37.228000,407.6141806899476,97
2024-09-17 12:33:37.425000,407.59573541959975,15
2024-09-17 12:33:37.793000,407.6077409530537,95
2024-09-17 12:33:38.101000,407.6122279763673,1003
2024-09-17 12:33:38.563000,407.6092338952087,6
2024-09-17 12:33:38.643000,407.5957883176654,8
2024-09-17 12:33:38.965000,407.59746105298274,99
2024-09-17 12:33:39.060000,407.5996279002867,7
2024-09-17 12:33:39.071000,407.5895826825589,997
2024-09-17 12:33:39.125000,407.60290078007694,11
2024-09-17 12:33:39.258000,407.6025149418707,8
2024-09-17 12:33:39.365000,407.6116103738396,9
2024-09-17 12:33:39.500000,407.6366723858474,10
2024-09-17 12:33:39.534000,407.61821738380286,6
2024-09-17 12:33:39.578000,407.5829787819402,1004
2024-09-17 12:33:39.641000,407.5810259241842,9
2024-09-17 12:33:39.706000,407.5803571001304,95
2024-09-17 12:33:39.811000,407.59984806306016,95
2024-09-17 12:33:39.849000,407.6055999468976,6
2024-09-17 12:33:39.990000,407.5925047305333,104
2024-09-17 12:33:40.027000,407.6030014997743,7
2024-09-17 12:33:40.181000,407.59105404556,995
2024-09-17 12:33:40.222000,407.600921924076,996
2024-09-17 12:33:40.471000,407.59553847363713,999
2024-09-17 12:33:40.990000,407.6196336554116,11
2024-09-17 12:33:41.423000,407.6385791479003,101
2024-09-17 12:33:41.443000,407.6488125224773,996
2024-09-17 12:33:41.502000,407.6393099290468,996
2024-09-17 12:33:41.650000,407.6470883168909,1003
2024-09-17 12:33:41.691000,407.6270796062946,6
2024-09-17 12:33:41.839000,407.6251469201922,104
2024-09-17 12:33:42.044000,407.5049794619844,1000
2024-09-17 12:33:42.084000,407.5152796904235,104
2024-09-17 12:33:42.109000,407.5650715048248,98
2024-09-17 12:33:42.116000,407.5203467136782,104
2024-09-17 12:33:42.413000,407.6101394057143,999
2024-09-17 12:33:42.491000,407.5876223528808,99
2024-09-17 12:33:42.502000,407.51236491239627,98
2024-09-17 12:33:42.506000,407.53293372674455,102
2024-09-17 12:33:42.542000,407.6060011695811,13
2024-09-17 12:33:42.636000,407.6145761522488,96
2024-09-17 12:33:42.653000,407.5937536216594,996
2024-09-17 12:33:42.657000,407.57916387690847,5
2024-09-17 12:33:42.658000,407.60590478119855,7
2024-09-17 12:33:42.693000,407.6094757998436,999
2024-09-17 12:33:42.775000,407.6000398072273,14
2024-09-17 12:33:42.848000,407.5839936085626,6
2024-09-17 12:33:42.887000,407.5565880339133,1001
2024-09-17 12:33:42.908000,407.5114278220144,15
2024-09-17 12:33:42.935000,407.4923100804388,12
2024-09-17 12:33:43.053000,407.5373250303125,7
2024-09-17 12:33:43.086000,407.5327168333436,11
2024-09-17 12:33:43.100000,407.5660831401592,999
2024-09-17 12:33:43.138000,407.5321758729416,997
2024-09-17 12:33:43.192000,407.4972930186697,7
2024-09-17 12:33:43.218000,407.5407527552198,995
2024-09-17 12:33:43.347000,407.54388762050576,1000
2024-09-17 12:33:43.360000,407.5567471549895,999
2024-09-17 12:33:43.367000,407.5199244723372,1004
2024-09-17 12:33:43.398000,407.5549245704898,8
2024-09-17 12:33:43.399000,407.5441089095992,5
2024-09-17 12:33:43.529000,407.5426015180615,105
2024-09-17 12:33:43.622000,407.5258560772848,1005
2024-09-17 12:33:43.640000,407.54864090495073,99
2024-09-17 12:33:43.712000,407.5694907225222,1002
2024-09-17 12:33:43.769000,407.5081585234819,1000
2024-09-17 12:33:43.776000,407.5460696125668,999
2024-09-17 12:33:43.838000,407.5337771447335,105
2024-09-17 12:33:43.855000,407.56742642924246,996
2024-09-17 12:33:43.889000,407.5408560461267,1002
2024-09-17 12:33:44.074000,407.537416678459,10
2024-09-17 12:33:44.294000,407.47834655925175,100
2024-09-17 12:33:44.317000,407.51041406628696,14
2024-09-17 12:33:44.374000,407.4908502726152,995
2024-09-17 12:33:44.381000,407.5103139587461,15
2024-09-17 12:33:44.387000,407.5169622236305,7
2024-09-17 12:33:44.388000,407.50222224673,1001
2024-09-17 12:33:44.433000,407.5113074691524,999
2024-09-17 12:33:44.623000,407.5184879280992,1005
2024-09-17 12:33:44.653000,407.4735735894787,1005
2024-09-17 12:33:44.682000,407.5107542050032,998
2024-09-17 12:33:44.838000,407.50533882414834,98
2024-09-17 12:33:44.853000,407.5207561735493,1000
2024-09-17 12:33:44.955000,407.5213155330471,100
2024-09-17 12:33:44.971000,407.50213340605296,11
2024-09-17 12:33:45.012000,407.5429337910632,999
2024-09-17 12:33:45.089000,407.5343671048933,13
2024-09-17 12:33:45.101000,407.5567349421577,8
2024-09-17 12:33:45.169000,407.5843838162738,100
2024-09-17 12:33:45.191000,407.5507348930802,96
2024-09-17 12:33:45.213000,407.4711021923837,103
2024-09-17 12:33:45.234000,407.5097166703261,6
2024-09-17 12:33:45.239000,407.57261104954864,96
2024-09-17 12:33:45.283000,407.5499344396893,5
2024-09-17 12:33:45.297000,407.5555246446811,7
2024-09-17 12:33:45.304000,407.51933460089714,96
2024-09-17 12:33:45.314000,407.5319421802587,11
2024-09-17 12:33:45.548000,407.50166478620014,1000
2024-09-17 12:33:45.552000,407.5522867220101,997
2024-09-17 12:33:45.558000,407.5714840666352,8
2024-09-17 12:33:45.586000,407.48951831039255,95
2024-09-17 12:33:45.592000,407.5053990496036,102
2024-09-17 12:33:45.667000,407.5332893366237,105
2024-09-17 12:33:45.687000,407.4947680261351,1002
2024-09-17 12:33:45.696000,407.5075955723814,99
2024-09-17 12:33:45.729000,407.51154702094055,1005
2024-09-17 12:33:45.755000,407.5078181745943,14
2024-09-17 12:33:45.778000,407.5296432704421,97
2024-09-17 12:33:45.803000,407.5231562433396,998
2024-09-17 12:33:45.921000,407.4791152592856,104
2024-09-17 12:33:45.966000,407.5119293600011,9
2024-09-17 12:33:46.026000,407.5958634741122,101
2024-09-17 12:33:46.315000,407.5757769970164,97
2024-09-17 12:33:46.351000,407.5963114339416,8
2024-09-17 12:33:46.411000,407.5682266404132,1000
2024-09-17 12:33:46.535000,407.5819370307141,100
2024-09-17 12:33:46.613000,407.5889286777896,1001
2024-09-17 12:33:46.788000,407.6138668233847,1002
2024-09-17 12:33:47.093000,407.578600367456,999
2024-09-17 12:33:47.098000,407.5677530255709,995
2024-09-17 12:33:47.128000,407.5364713235796,998
2024-09-17 12:33:47.137000,407.61866275524113,15
2024-09-17 12:33:47.149000,407.5784233126171,998
2024-09-17 12:33:47.168000,407.5665995024535,97
2024-09-17 12:33:47.170000,407.55827538758274,101
2024-09-17 12:33:47.224000,407.60067116547367,100
2024-09-17 12:33:47.228000,407.5872909924701,13
2024-09-17 12:33:47.255000,407.5627984300658,7
2024-09-17 12:33:47.263000,407.5890779291236,997
2024-09-17 12:33:47.324000,407.5651863493894,97
2024-09-17 12:33:47.335000,407.549807943803,8
2024-09-17 12:33:47.514000,407.5620334662012,996
2024-09-17 12:33:47.514000,407.6055552514383,7
2024-09-17 12:33:47.524000,407.5897532726,9
2024-09-17 12:33:47.579000,407.5584683049298,7
2024-09-17 12:33:47.580000,407.5633738378006,96
2024-09-17 12:33:47.684000,407.5854383487216,1001
2024-09-17 12:33:47.716000,407.5730921739744,1005
2024-09-17 12:33:47.723000,407.5877311132342,1000
2024-09-17 12:33:47.805000,407.5824309828485,9
2024-09-17 12:33:47.832000,407.57463713397294,1003
2024-09-17 12:33:47.844000,407.5950547628233,12
2024-09-17 12:33:47.868000,407.57668577566665,996
2024-09-17 12:33:47.889000,407.56291054918336,102
2024-09-17 12:33:47.937000,407.597669587052,1005
2024-09-17 12:33:47.941000,407.5983946482309,15
2024-09-17 12:33:47.950000,407.6161271015831,102
2024-09-17 12:33:48.035000,407.5590644333429,1004
2024-09-17 12:33:48.072000,407.551874834534,999
2024-09-17 12:33:48.167000,407.576085064199,15
2024-09-17 12:33:48.180000,407.57975658239616,95
2024-09-17 12:33:48.204000,407.5748189633446,996
2024-09-17 12:33:48.227000,407.5440823702017,97
2024-09-17 12:33:48.443000,407.5512143812833,97
2024-09-17 12:33:48.455000,407.5404053817176,998
2024-09-17 12:33:48.493000,407.5679762328716,15
2024-09-17 12:33:48.528000,407.5679738337968,15
2024-09-17 12:33:48.584000,407.5620530261486,10
2024-09-17 12:33:48.686000,407.5677647948946,996
2024-09-17 12:33:48.733000,407.5821241430863,15
2024-09-17 12:33:48.760000,407.5766250685994,6
2024-09-17 12:33:48.811000,407.5833289830245,9
2024-09-17 12:33:48.821000,407.5517198368853,1003
2024-09-17 12:33:48.822000,407.5448221468498,998
2024-09-17 12:33:48.891000,407.5355825098303,1005
2024-09-17 12:33:48.981000,407.56869483477175,9
2024-09-17 12:33:48.989000,407.57243175068186,7
2024-09-17 12:33:49.025000,407.5698863909524,104
2024-09-17 12:33:49.238000,407.5639736221443,1003
2024-09-17 12:33:49.294000,407.5694918840916,1001
2024-09-17 12:33:49.570000,407.562311187613,1000
2024-09-17 12:33:49.588000,407.56348322094175,101
2024-09-17 12:33:49.602000,407.53704408126754,99
2024-09-17 12:33:49.668000,407.5423000151681,1005
2024-09-17 12:33:49.724000,407.5777020375015,102
2024-09-17 12:33:49.752000,407.5353387350012,1003
2024-09-17 12:33:49.892000,407.5713747199693,1002
2024-09-17 12:33:49.957000,407.55799173288887,102
2024-09-17 12:33:50.013000,407.5109473414074,995
2024-09-17 12:33:50.231000,407.5343664501151,1001
2024-09-17 12:33:50.251000,407.5179708635039,98
2024-09-17 12:33:50.343000,407.5270979505593,5
2024-09-17 12:33:50.383000,407.5261548858856,6
2024-09-17 12:33:50.690000,407.5086956297585,7
2024-09-17 12:33:50.820000,407.5126640448034,95
2024-09-17 12:33:50.910000,407.5093840015954,103
2024-09-17 12:33:51.002000,407.52556003913713,5
2024-09-17 12:33:51.134000,407.5108201902824,995
2024-09-17 12:33:51.148000,407.4666795292642,1004
2024-09-17 12:33:51.160000,407.4859718516934,998
2024-09-17 12:33:51.249000,407.5028139953866,101
2024-09-17 12:33:51.250000,407.49257347321617,102
2024-09-17 12:33:51.287000,407.4770798242873,6
2024-09-17 12:33:51.319000,407.4996072786768,100
2024-09-17 12:33:51.341000,407.4848157210513,101
2024-09-17 12:33:51.389000,407.4686728635472,10
2024-09-17 12:33:51.461000,407.4702550362903,100
2024-09-17 12:33:51.464000,407.4917551956896,9
2024-09-17 12:33:51.473000,407.5037890363674,97
2024-09-17 12:33:51.603000,407.48015175892886,96
2024-09-17 12:33:51.645000,407.4631228501884,15
2024-09-17 12:33:51.659000,407.46210870946055,1000
2024-09-17 12:33:51.661000,407.4936849547876,7
2024-09-17 12:33:51.733000,407.4560751124178,96
2024-09-17 12:33:51.750000,407.47619059927496,1003
2024-09-17 12:33:51.764000,407.4836210733162,15
2024-09-17 12:33:51.765000,407.47596090256775,999
2024-09-17 12:33:51.870000,407.4803652507993,1000
2024-09-17 12:33:51.877000,407.4704498750909,15
2024-09-17 12:33:51.886000,407.47856358426577,999
2024-09-17 12:33:51.975000,407.4932383121589,15
2024-09-17 12:33:51.993000,407.4930777511197,995
2024-09-17 12:33:52.089000,407.5837797725326,100
2024-09-17 12:33:52.090000,407.5536788272448,99
2024-09-17 12:33:52.134000,407.5806200614575,105
2024-09-17 12:33:52.153000,407.5829171039704,100
2024-09-17 12:33:52.179000,407.5421104775358,8
2024-09-17 12:33:52.239000,407.5468847896308,997
2024-09-17 12:33:52.284000,407.56318185898186,1005
2024-09-17 12:33:52.304000,407.57075572415226,997
2024-09-17 12:33:52.305000,407.5076550079603,15
2024-09-17 12:33:52.366000,407.585314917757,995
2024-09-17 12:33:52.466000,407.5417920497823,12
2024-09-17 12:33:52.484000,407.577989586465,8
2024-09-17 12:33:52.654000,407.56051062917743,999
2024-09-17 12:33:52.701000,407.5772274137267,98
2024-09-17 12:33:52.921000,407.5161086275335,11
2024-09-17 12:33:53.495000,407.5640361507558,15
2024-09-17 12:33:53.580000,407.5709315706061,1003
2024-09-17 12:33:53.767000,407.5801416420248,11
2024-09-17 12:33:54.847000,407.5986001454074,15
2024-09-17 12:33:55.062000,407.5689418422551,13
2024-09-17 12:33:55.125000,407.4900812115328,97
2024-09-17 12:33:55.130000,407.4999657354292,100
2024-09-17 12:33:55.155000,407.521711080227,6
2024-09-17 12:33:55.158000,407.53252488133177,98
2024-09-17 12:33:55.213000,407.5495379477243,101
2024-09-17 12:33:55.271000,407.54659905622987,97
2024-09-17 12:33:55.544000,407.57441496602365,1000
2024-09-17 12:33:55.709000,407.5742819271053,99
2024-09-17 12:33:55.775000,407.5105197430948,11
2024-09-17 12:33:55.888000,407.5098193810759,1004
2024-09-17 12:33:55.933000,407.5118985481688,15
2024-09-17 12:33:56.061000,407.45985776591255,96
2024-09-17 12:33:56.078000,407.5005820756997,1004
2024-09-17 12:33:56.085000,407.50656745721926,96
2024-09-17 12:33:56.334000,407.4757693895742,6
2024-09-17 12:33:56.351000,407.51191491898607,14
2024-09-17 12:33:56.441000,407.4910628311824,9
2024-09-17 12:33:56.565000,407.51081421440375,1005
2024-09-17 12:33:56.616000,407.47136970045904,99
2024-09-17 12:33:56.618000,407.4387038547209,1001
2024-09-17 12:33:56.732000,407.4975143486004,5
2024-09-17 12:33:56.874000,407.4896208307029,13
2024-09-17 12:33:56.928000,407.4956385740035,1001
2024-09-17 12:33:57.008000,407.4543865251112,14
2024-09-17 12:33:57.043000,407.4356065147862,1003
2024-09-17 12:33:57.215000,407.44564110287433,998
2024-09-17 12:33:57.254000,407.4520344964398,15
2024-09-17 12:33:57.297000,407.4332651202724,996
2024-09-17 12:33:57.338000,407.41889052279976,97
2024-09-17 12:33:57.343000,407.4626830551549,96
2024-09-17 12:33:57.380000,407.46530977803087,6
2024-09-17 12:33:57.396000,407.4156396737454,998
2024-09-17 12:33:57.509000,407.4419370143161,8
2024-09-17 12:33:57.539000,407.4439594360336,995
2024-09-17 12:33:57.682000,407.422150830416,100
2024-09-17 12:33:57.940000,407.4054460241444,1003
2024-09-17 12:33:57.955000,407.4257860783864,103
2024-09-17 12:33:57.971000,407.4623710341052,9
2024-09-17 12:33:57.985000,407.4292458698176,14
2024-09-17 12:33:58.244000,407.4418811823245,1003
2024-09-17 12:33:58.256000,407.46035158479407,102
2024-09-17 12:33:58.285000,407.4346638994681,10
2024-09-17 12:33:58.390000,407.4477534498292,104
2024-09-17 12:33:58.477000,407.4494538485122,100
2024-09-17 12:33:58.491000,407.4724699326895,100
2024-09-17 12:33:58.520000,407.4458587720079,14
2024-09-17 12:33:58.677000,407.4507584230698,101
2024-09-17 12:33:58.848000,407.44510974230127,8
2024-09-17 12:33:58.889000,407.4344125132984,96
2024-09-17 12:33:58.898000,407.4544338369277,998
2024-09-17 12:33:59.330000,407.4816177693397,14
2024-09-17 12:33:59.347000,407.493210400654,11
2024-09-17 12:33:59.841000,407.4876182615509,1003
