Timestamp,Price,Size
2024-09-19 12:00:00.127000,422.4147732613328,1003
2024-09-19 12:00:00.397000,422.40561848587777,105
2024-09-19 12:00:00.438000,422.3912406420064,6
2024-09-19 12:00:00.492000,422.3758129243291,7
2024-09-19 12:00:00.572000,422.4083395090165,100
2024-09-19 12:00:00.595000,422.4217331419101,6
2024-09-19 12:00:00.612000,422.4123415861397,1001
2024-09-19 12:00:00.677000,422.4100961265525,1001
2024-09-19 12:00:00.701000,422.3996950133174,15
2024-09-19 12:00:00.791000,422.39061875158313,12
2024-09-19 12:00:00.800000,422.3709237292448,997
2024-09-19 12:00:00.849000,422.41019675521625,12
2024-09-19 12:00:00.893000,422.40069747563984,10
2024-09-19 12:00:00.955000,422.40786080722194,98
2024-09-19 12:00:01.036000,422.4528365334114,996
2024-09-19 12:00:01.179000,422.43397766674815,1005
2024-09-19 12:00:01.382000,422.4462287701381,1001
2024-09-19 12:00:02.018000,422.4435975120496,5
2024-09-19 12:00:02.033000,422.430204214642,95
2024-09-19 12:00:02.070000,422.45118750248656,7
2024-09-19 12:00:02.110000,422.4477978130909,15
2024-09-19 12:00:02.147000,422.4600353489184,15
2024-09-19 12:00:02.190000,422.4286494626995,998
2024-09-19 12:00:02.206000,422.4521646665317,998
2024-09-19 12:00:02.220000,422.45794412122297,997
2024-09-19 12:00:02.251000,422.4497377122259,100
2024-09-19 12:00:02.311000,422.4477322130094,100
2024-09-19 12:00:02.313000,422.4292653458712,98
2024-09-19 12:00:02.388000,422.4694261446615,1003
2024-09-19 12:00:02.417000,422.4285142746136,12
2024-09-19 12:00:02.419000,422.44966791541697,14
2024-09-19 12:00:02.425000,422.4325387706826,14
2024-09-19 12:00:02.469000,422.4427064603713,8
2024-09-19 12:00:02.510000,422.4426523023397,105
2024-09-19 12:00:02.531000,422.4769430744779,11
2024-09-19 12:00:02.559000,422.45099578649496,96
2024-09-19 12:00:02.574000,422.4600737400369,100
2024-09-19 12:00:02.614000,422.4764836555942,7
2024-09-19 12:00:02.617000,422.4533500796619,1004
2024-09-19 12:00:02.622000,422.4638229955058,1002
2024-09-19 12:00:02.638000,422.43252615698736,99
2024-09-19 12:00:02.643000,422.447233077098,101
2024-09-19 12:00:02.790000,422.4740946157378,14
2024-09-19 12:00:02.795000,422.43319743494953,1002
2024-09-19 12:00:02.928000,422.4480719582988,1002
2024-09-19 12:00:02.928000,422.4549584697468,103
2024-09-19 12:00:03.286000,422.4058898232285,999
2024-09-19 12:00:03.386000,422.4056017198621,1005
2024-09-19 12:00:03.422000,422.43691406302656,99
2024-09-19 12:00:03.476000,422.4117098903898,102
2024-09-19 12:00:03.525000,422.4521631385719,1004
2024-09-19 12:00:03.586000,422.42795160355706,996
2024-09-19 12:00:03.637000,422.4033191846752,9
2024-09-19 12:00:03.782000,422.40825733069966,101
2024-09-19 12:00:03.902000,422.3976137494967,100
2024-09-19 12:00:03.924000,422.4411587892853,101
2024-09-19 12:00:04.056000,422.3881996620824,105
2024-09-19 12:00:04.828000,422.3875659643016,1003
2024-09-19 12:00:04.867000,422.40659791246753,96
2024-09-19 12:00:04.939000,422.40339348954,8
2024-09-19 12:00:05.006000,422.388682209691,1005
2024-09-19 12:00:05.042000,422.3838115915746,14
2024-09-19 12:00:05.188000,422.419286011785,12
2024-09-19 12:00:05.195000,422.3895666177487,8
2024-09-19 12:00:05.262000,422.39327311135,1001
2024-09-19 12:00:05.405000,422.39930451618295,13
2024-09-19 12:00:05.414000,422.3835665309703,1000
2024-09-19 12:00:05.582000,422.3886383542228,1000
2024-09-19 12:00:05.702000,422.410276005089,1000
2024-09-19 12:00:05.870000,422.4031279694912,9
2024-09-19 12:00:05.977000,422.4009890066354,11
2024-09-19 12:00:06.097000,422.41390655701736,997
2024-09-19 12:00:06.156000,422.4203926695132,996
2024-09-19 12:00:06.283000,422.4190876620938,1005
2024-09-19 12:00:06.384000,422.4215317728058,6
2024-09-19 12:00:06.393000,422.40799503550727,1005
2024-09-19 12:00:06.438000,422.43739343648485,98
2024-09-19 12:00:06.751000,422.4116308791406,103
2024-09-19 12:00:06.844000,422.40891643480137,998
2024-09-19 12:00:06.872000,422.4027254353521,14
2024-09-19 12:00:07.050000,422.46710796577736,12
2024-09-19 12:00:07.144000,422.4428144032056,7
2024-09-19 12:00:07.271000,422.4776012257416,1004
2024-09-19 12:00:07.339000,422.4389477577375,7
2024-09-19 12:00:07.372000,422.43916294556,1002
2024-09-19 12:00:07.444000,422.458360659636,14
2024-09-19 12:00:07.478000,422.4274807885666,12
2024-09-19 12:00:07.485000,422.4724068919926,1000
2024-09-19 12:00:07.496000,422.46561471834417,997
2024-09-19 12:00:07.505000,422.4576718058591,99
2024-09-19 12:00:07.532000,422.47165282517983,5
2024-09-19 12:00:07.550000,422.4495466935168,996
2024-09-19 12:00:07.628000,422.4645891832215,13
2024-09-19 12:00:07.660000,422.4381814177648,101
2024-09-19 12:00:07.678000,422.4418296867944,7
2024-09-19 12:00:07.708000,422.4409229791338,5
2024-09-19 12:00:07.775000,422.4605704956973,998
2024-09-19 12:00:07.851000,422.4383994037246,95
2024-09-19 12:00:07.901000,422.4340819329704,997
2024-09-19 12:00:07.941000,422.45381907480953,1003
2024-09-19 12:00:08.082000,422.4143429610427,104
2024-09-19 12:00:08.097000,422.42038356437695,14
2024-09-19 12:00:08.121000,422.4310031584381,105
2024-09-19 12:00:08.121000,422.46198828743616,96
2024-09-19 12:00:08.132000,422.468185361784,10
2024-09-19 12:00:08.143000,422.46514205547845,12
2024-09-19 12:00:08.203000,422.4778418813477,105
2024-09-19 12:00:08.287000,422.4216017232837,6
2024-09-19 12:00:08.297000,422.4486755643701,1004
2024-09-19 12:00:08.337000,422.424856609303,995
2024-09-19 12:00:08.394000,422.46892126465417,1003
2024-09-19 12:00:08.418000,422.4369552678657,101
2024-09-19 12:00:08.447000,422.4191643506012,105
2024-09-19 12:00:08.465000,422.4169970255559,104
2024-09-19 12:00:08.474000,422.4508036345791,1004
2024-09-19 12:00:08.505000,422.4224246115779,102
2024-09-19 12:00:08.530000,422.4209632008327,95
2024-09-19 12:00:08.532000,422.4386158425252,1002
2024-09-19 12:00:08.593000,422.4320435053009,102
2024-09-19 12:00:08.631000,422.43600530151406,1001
2024-09-19 12:00:08.665000,422.4149568910746,99
2024-09-19 12:00:08.684000,422.4788101839382,995
2024-09-19 12:00:08.711000,422.4289661221847,5
2024-09-19 12:00:08.722000,422.4495366872263,1002
2024-09-19 12:00:08.791000,422.4238418884421,8
2024-09-19 12:00:09.051000,422.4463521632517,1001
2024-09-19 12:00:09.221000,422.4939324351956,5
2024-09-19 12:00:09.282000,422.444144834744,11
2024-09-19 12:00:09.590000,422.46168202035045,99
2024-09-19 12:00:09.865000,422.4364384487636,13
2024-09-19 12:00:10.179000,422.4142898800744,100
2024-09-19 12:00:10.392000,422.4202625949149,99
2024-09-19 12:00:10.539000,422.42293523192666,1004
2024-09-19 12:00:10.653000,422.4104278506365,13
2024-09-19 12:00:10.731000,422.4249906638426,1002
2024-09-19 12:00:10.746000,422.4297101763652,995
2024-09-19 12:00:10.775000,422.3950849563504,996
2024-09-19 12:00:10.789000,422.4112708427042,12
2024-09-19 12:00:10.846000,422.4151611661621,995
2024-09-19 12:00:10.963000,422.4127049499327,1002
2024-09-19 12:00:11.312000,422.4264806223751,5
2024-09-19 12:00:11.364000,422.41619291038126,98
2024-09-19 12:00:11.727000,422.39936245912185,96
2024-09-19 12:00:12.222000,422.39583255587496,15
2024-09-19 12:00:12.861000,422.4197059301573,9
2024-09-19 12:00:12.976000,422.41343162988017,15
2024-09-19 12:00:13.083000,422.3764406246132,8
2024-09-19 12:00:13.656000,422.4138508129003,1002
2024-09-19 12:00:13.933000,422.3955194468971,998
2024-09-19 12:00:14.026000,422.2890573058976,101
2024-09-19 12:00:14.106000,422.2572921402473,1000
2024-09-19 12:00:14.193000,422.3479492537383,9
2024-09-19 12:00:14.273000,422.2973787004656,11
2024-09-19 12:00:14.290000,422.27295676625135,6
2024-09-19 12:00:14.323000,422.2788552818192,1000
2024-09-19 12:00:14.331000,422.2989252200996,11
2024-09-19 12:00:14.414000,422.2968883632082,1004
2024-09-19 12:00:14.418000,422.25934144119697,996
2024-09-19 12:00:14.432000,422.276963120115,12
2024-09-19 12:00:14.450000,422.25328349481657,7
2024-09-19 12:00:14.459000,422.2557101149711,98
2024-09-19 12:00:14.511000,422.3534375761342,1000
2024-09-19 12:00:14.533000,422.3658564184208,96
2024-09-19 12:00:14.546000,422.264341645135,104
2024-09-19 12:00:14.606000,422.3303339537201,102
2024-09-19 12:00:14.697000,422.360031687626,997
2024-09-19 12:00:14.795000,422.3242209256692,11
2024-09-19 12:00:14.905000,422.364091608421,11
2024-09-19 12:00:14.930000,422.2708129055328,12
2024-09-19 12:00:14.953000,422.2747406697356,11
2024-09-19 12:00:14.969000,422.2829285109691,1002
2024-09-19 12:00:14.983000,422.34446334384825,1005
2024-09-19 12:00:15.054000,422.2796985624228,104
2024-09-19 12:00:15.064000,422.29103754238446,5
2024-09-19 12:00:15.079000,422.29421947911874,999
2024-09-19 12:00:15.216000,422.2924598718734,1000
2024-09-19 12:00:15.361000,422.2754776615438,8
2024-09-19 12:00:15.390000,422.253176015712,998
2024-09-19 12:00:15.609000,422.2949173441088,96
2024-09-19 12:00:15.881000,422.2772696132377,8
2024-09-19 12:00:16.017000,422.22131470757313,5
2024-09-19 12:00:16.049000,422.2203946786192,96
2024-09-19 12:00:16.073000,422.22478209478703,9
2024-09-19 12:00:16.074000,422.1820760425984,1002
2024-09-19 12:00:16.097000,422.2067163572328,11
2024-09-19 12:00:16.170000,422.2704512743562,97
2024-09-19 12:00:16.236000,422.23688068241415,96
2024-09-19 12:00:16.250000,422.1888617684158,9
2024-09-19 12:00:16.352000,422.2122776955183,997
2024-09-19 12:00:16.354000,422.17914825957706,997
2024-09-19 12:00:16.446000,422.1947860059163,105
2024-09-19 12:00:16.500000,422.1948203062177,6
2024-09-19 12:00:16.527000,422.2699963377347,1001
2024-09-19 12:00:16.586000,422.2379613473127,103
2024-09-19 12:00:16.629000,422.2530578650949,100
2024-09-19 12:00:16.648000,422.2297783196792,1001
2024-09-19 12:00:16.652000,422.2154233848893,97
2024-09-19 12:00:16.654000,422.247883787984,7
2024-09-19 12:00:16.664000,422.20000372805936,996
2024-09-19 12:00:16.683000,422.2221845556895,997
2024-09-19 12:00:16.684000,422.238024230337,5
2024-09-19 12:00:16.747000,422.24527708350826,102
2024-09-19 12:00:16.754000,422.1971999487582,14
2024-09-19 12:00:16.758000,422.2264385830096,1004
2024-09-19 12:00:16.763000,422.2263191376703,13
2024-09-19 12:00:16.808000,422.25539246061976,998
2024-09-19 12:00:16.813000,422.21145342406,97
2024-09-19 12:00:16.931000,422.1908569341574,7
2024-09-19 12:00:16.987000,422.2371835691778,1000
2024-09-19 12:00:18.039000,422.18851453644754,14
2024-09-19 12:00:18.101000,422.1788651147692,996
2024-09-19 12:00:18.225000,422.17138661343273,15
2024-09-19 12:00:18.226000,422.1791620741852,7
2024-09-19 12:00:18.235000,422.216001306404,6
2024-09-19 12:00:18.257000,422.1689026047021,999
2024-09-19 12:00:18.264000,422.1539835250605,997
2024-09-19 12:00:18.392000,422.17306941933606,6
2024-09-19 12:00:18.431000,422.191339009269,1001
2024-09-19 12:00:18.471000,422.14930535185226,5
2024-09-19 12:00:18.645000,422.19134175480247,8
2024-09-19 12:00:18.667000,422.18344320513256,1000
2024-09-19 12:00:18.691000,422.15466155353255,14
2024-09-19 12:00:18.695000,422.188144514945,10
2024-09-19 12:00:18.716000,422.18798312974894,12
2024-09-19 12:00:18.782000,422.2174814618113,10
2024-09-19 12:00:18.855000,422.1506418615922,12
2024-09-19 12:00:18.877000,422.1787713785741,102
2024-09-19 12:00:18.881000,422.1660704048663,8
2024-09-19 12:00:18.912000,422.18874684874487,1002
2024-09-19 12:00:18.921000,422.1821632553443,104
2024-09-19 12:00:18.925000,422.1578514556178,99
2024-09-19 12:00:18.941000,422.17401173012496,103
2024-09-19 12:00:18.948000,422.1882587997678,1001
2024-09-19 12:00:18.970000,422.1516772758747,7
2024-09-19 12:00:18.970000,422.16844513474473,1002
2024-09-19 12:00:19.048000,422.2194460827847,997
2024-09-19 12:00:19.159000,422.2070074932908,13
2024-09-19 12:00:19.256000,422.2227668956239,998
2024-09-19 12:00:19.398000,422.2121226153644,100
2024-09-19 12:00:19.445000,422.2114824852397,101
2024-09-19 12:00:19.489000,422.206610318352,8
2024-09-19 12:00:19.550000,422.16950572798265,6
2024-09-19 12:00:19.587000,422.2015255224245,14
2024-09-19 12:00:19.602000,422.1772153568306,8
2024-09-19 12:00:19.628000,422.16246406212105,103
2024-09-19 12:00:19.752000,422.1946948489282,6
2024-09-19 12:00:19.760000,422.21805256391366,6
2024-09-19 12:00:19.866000,422.22247147744537,102
2024-09-19 12:00:20.084000,422.19828109427743,98
2024-09-19 12:00:20.203000,422.177152519177,1005
2024-09-19 12:00:20.419000,422.1854913759641,97
2024-09-19 12:00:20.856000,422.1916963121824,8
2024-09-19 12:00:21.242000,422.1760281371099,1005
2024-09-19 12:00:21.317000,422.17953928524855,104
2024-09-19 12:00:21.351000,422.1519136879686,11
2024-09-19 12:00:21.475000,422.1469310792244,103
2024-09-19 12:00:22.115000,422.11101993506,15
2024-09-19 12:00:22.345000,422.0949830669609,1003
2024-09-19 12:00:22.378000,422.09063480416506,999
2024-09-19 12:00:22.590000,422.08516114242735,997
2024-09-19 12:00:22.973000,422.1353316364021,1000
2024-09-19 12:00:23.137000,422.08939733949546,995
2024-09-19 12:00:23.309000,422.0979327081209,997
2024-09-19 12:00:23.395000,422.0718502052025,14
2024-09-19 12:00:23.760000,422.0884575655636,996
2024-09-19 12:00:23.826000,422.0926015023928,1000
2024-09-19 12:00:23.992000,422.082228492388,10
2024-09-19 12:00:24.020000,422.10945817017176,9
2024-09-19 12:00:24.043000,422.0939053789876,6
2024-09-19 12:00:24.152000,422.1357402473012,97
2024-09-19 12:00:24.258000,422.1051700856156,996
2024-09-19 12:00:24.405000,422.0883749074977,9
2024-09-19 12:00:24.415000,422.1011402644358,1002
2024-09-19 12:00:24.426000,422.1188933412081,100
2024-09-19 12:00:24.457000,422.1005729589343,5
2024-09-19 12:00:24.479000,422.0807870631373,1004
2024-09-19 12:00:24.489000,422.096525238276,1002
2024-09-19 12:00:24.601000,422.1134429941225,5
2024-09-19 12:00:24.652000,422.0960717150605,12
2024-09-19 12:00:24.795000,422.08971592557,100
2024-09-19 12:00:24.803000,422.0660841864024,14
2024-09-19 12:00:24.851000,422.08697886590494,8
2024-09-19 12:00:24.896000,422.14308633904267,8
2024-09-19 12:00:24.900000,422.1233297302273,15
2024-09-19 12:00:24.955000,422.1026903166144,103
2024-09-19 12:00:26.013000,422.1311671111041,996
2024-09-19 12:00:26.080000,422.1583752759308,1004
2024-09-19 12:00:26.090000,422.2227866690927,998
2024-09-19 12:00:26.120000,422.2150390496796,996
2024-09-19 12:00:26.143000,422.136352137726,9
2024-09-19 12:00:26.281000,422.2060955847011,11
2024-09-19 12:00:26.284000,422.1336260527182,102
2024-09-19 12:00:26.324000,422.1306799608374,15
2024-09-19 12:00:26.370000,422.1397593868824,996
2024-09-19 12:00:26.416000,422.1273120120678,995
2024-09-19 12:00:26.462000,422.2046824490625,12
2024-09-19 12:00:26.483000,422.1664914482862,5
2024-09-19 12:00:26.603000,422.1576544481027,102
2024-09-19 12:00:26.629000,422.1475678609854,11
2024-09-19 12:00:26.806000,422.1727002675517,998
2024-09-19 12:00:26.822000,422.1460628684207,1000
2024-09-19 12:00:26.890000,422.16924748033153,95
2024-09-19 12:00:27.046000,422.1804554498975,14
2024-09-19 12:00:27.114000,422.23141583935967,11
2024-09-19 12:00:27.117000,422.20812097887887,996
2024-09-19 12:00:27.274000,422.1794590487742,14
2024-09-19 12:00:27.300000,422.2125053015628,100
2024-09-19 12:00:27.333000,422.16905720738094,13
2024-09-19 12:00:27.355000,422.17538558472967,999
2024-09-19 12:00:27.357000,422.2092281892042,13
2024-09-19 12:00:27.405000,422.2275152455988,99
2024-09-19 12:00:27.448000,422.1818968746764,13
2024-09-19 12:00:27.461000,422.202815011922,103
2024-09-19 12:00:27.485000,422.18554973741016,95
2024-09-19 12:00:27.521000,422.1795027778508,6
2024-09-19 12:00:27.579000,422.1828729960663,995
2024-09-19 12:00:27.721000,422.1941185929657,999
2024-09-19 12:00:27.853000,422.1994784716798,5
2024-09-19 12:00:27.909000,422.2200073468956,1002
2024-09-19 12:00:27.936000,422.2213160950681,8
2024-09-19 12:00:27.950000,422.1792417259197,13
2024-09-19 12:00:28.097000,422.16599355244017,8
2024-09-19 12:00:28.163000,422.18203237081286,97
2024-09-19 12:00:28.182000,422.1807706618805,999
2024-09-19 12:00:28.202000,422.1724344711958,13
2024-09-19 12:00:28.227000,422.169321356743,97
2024-09-19 12:00:28.274000,422.1905042782981,999
2024-09-19 12:00:28.386000,422.1594478445989,103
2024-09-19 12:00:28.445000,422.1608654420003,15
2024-09-19 12:00:28.754000,422.1790687477906,14
2024-09-19 12:00:28.759000,422.1806702977612,5
2024-09-19 12:00:29.056000,422.2146731829753,998
2024-09-19 12:00:29.107000,422.236065760246,96
2024-09-19 12:00:29.121000,422.2014267158274,11
2024-09-19 12:00:29.180000,422.2068927739506,10
2024-09-19 12:00:29.200000,422.1839737935183,1005
2024-09-19 12:00:29.207000,422.1889966236365,1004
2024-09-19 12:00:29.213000,422.2117950245913,8
2024-09-19 12:00:29.292000,422.2151886004963,8
2024-09-19 12:00:29.379000,422.1992681064255,98
2024-09-19 12:00:29.391000,422.1991104309339,103
2024-09-19 12:00:29.394000,422.191623390546,1001
2024-09-19 12:00:29.419000,422.1885272439489,7
2024-09-19 12:00:29.428000,422.2325373418281,14
2024-09-19 12:00:29.428000,422.22680000707817,995
2024-09-19 12:00:29.454000,422.2375382250249,1000
2024-09-19 12:00:29.469000,422.2081924822656,11
2024-09-19 12:00:29.507000,422.2284887542546,13
2024-09-19 12:00:29.599000,422.2217925362877,1003
2024-09-19 12:00:29.606000,422.2167387733961,12
2024-09-19 12:00:29.685000,422.2070213029727,998
2024-09-19 12:00:29.729000,422.21318702889727,103
2024-09-19 12:00:29.740000,422.2266745654615,100
2024-09-19 12:00:29.770000,422.2052548262399,97
2024-09-19 12:00:29.866000,422.2242248073425,103
2024-09-19 12:00:29.890000,422.23134064638674,15
2024-09-19 12:00:29.942000,422.2299007177343,1005
2024-09-19 12:00:29.945000,422.2250647427277,1001
2024-09-19 12:00:30.019000,422.24695382889865,1004
2024-09-19 12:00:30.023000,422.2154888610844,98
2024-09-19 12:00:30.094000,422.2082158114034,6
2024-09-19 12:00:30.133000,422.2217718772277,102
2024-09-19 12:00:30.177000,422.2700853376751,995
2024-09-19 12:00:30.184000,422.189557231078,100
2024-09-19 12:00:30.223000,422.2506709386143,13
2024-09-19 12:00:30.303000,422.2306648925528,1005
2024-09-19 12:00:30.391000,422.2205573872218,7
2024-09-19 12:00:30.413000,422.2220786202949,102
2024-09-19 12:00:30.453000,422.2509634703052,101
2024-09-19 12:00:30.527000,422.2243375315693,995
2024-09-19 12:00:30.628000,422.1935811276815,1005
2024-09-19 12:00:30.653000,422.2061621225391,96
2024-09-19 12:00:30.671000,422.2221773693991,1002
2024-09-19 12:00:30.675000,422.2266820743211,103
2024-09-19 12:00:30.728000,422.20001488410907,1004
2024-09-19 12:00:30.775000,422.23947482615074,7
2024-09-19 12:00:30.799000,422.24033774950107,5
2024-09-19 12:00:30.830000,422.23727398176607,99
2024-09-19 12:00:30.960000,422.2736157992701,10
2024-09-19 12:00:31.019000,422.1199507042975,14
2024-09-19 12:00:31.039000,422.1237831045453,5
2024-09-19 12:00:31.050000,422.110392468656,97
2024-09-19 12:00:31.094000,422.14020375668406,102
2024-09-19 12:00:31.123000,422.1266682720683,998
2024-09-19 12:00:31.173000,422.124925635791,14
2024-09-19 12:00:31.183000,422.1897699832538,104
2024-09-19 12:00:31.206000,422.12363203365913,1003
2024-09-19 12:00:31.217000,422.1260679173987,101
2024-09-19 12:00:31.276000,422.1480027234192,10
2024-09-19 12:00:31.359000,422.14794313402433,9
2024-09-19 12:00:31.361000,422.1927708768865,101
2024-09-19 12:00:31.376000,422.1303810646047,97
2024-09-19 12:00:31.402000,422.1380638419078,100
2024-09-19 12:00:31.417000,422.1312675607652,14
2024-09-19 12:00:31.448000,422.1607427130398,998
2024-09-19 12:00:31.470000,422.1623936078152,5
2024-09-19 12:00:31.722000,422.13245522976894,8
2024-09-19 12:00:31.724000,422.181676317691,998
2024-09-19 12:00:31.726000,422.1626624114148,15
2024-09-19 12:00:31.743000,422.1486776018114,999
2024-09-19 12:00:31.776000,422.120981012544,995
2024-09-19 12:00:31.825000,422.1964057947288,13
2024-09-19 12:00:31.955000,422.15525565732656,1000
2024-09-19 12:00:31.972000,422.1169126435796,14
2024-09-19 12:00:31.974000,422.1655711007176,101
2024-09-19 12:00:32.019000,422.1025990715105,9
2024-09-19 12:00:32.108000,422.0894226936444,12
2024-09-19 12:00:32.143000,422.082547508053,13
2024-09-19 12:00:32.164000,422.1264009461642,996
2024-09-19 12:00:32.169000,422.0997368096577,6
2024-09-19 12:00:32.187000,422.0906387058508,997
2024-09-19 12:00:32.225000,422.0712308185942,100
2024-09-19 12:00:32.294000,422.107559855906,97
2024-09-19 12:00:32.338000,422.08769687491537,95
2024-09-19 12:00:32.340000,422.0824041347068,96
2024-09-19 12:00:32.355000,422.1075658779258,1004
2024-09-19 12:00:32.359000,422.0579781546585,6
2024-09-19 12:00:32.423000,422.0951630330904,98
2024-09-19 12:00:32.425000,422.0813691628789,999
2024-09-19 12:00:32.446000,422.1097718388881,12
2024-09-19 12:00:32.526000,422.0932193565896,11
2024-09-19 12:00:32.599000,422.1040438355894,95
2024-09-19 12:00:32.621000,422.121980185235,104
2024-09-19 12:00:32.655000,422.0516039997316,97
2024-09-19 12:00:32.710000,422.1175943528566,102
2024-09-19 12:00:32.739000,422.1076840452768,997
2024-09-19 12:00:32.739000,422.0889986590194,995
2024-09-19 12:00:32.763000,422.07057965530936,999
2024-09-19 12:00:32.796000,422.1243668415971,103
2024-09-19 12:00:32.846000,422.0891294493088,101
2024-09-19 12:00:32.914000,422.1138382916113,14
2024-09-19 12:00:32.974000,422.0887632742779,101
2024-09-19 12:00:32.975000,422.1123586773216,1001
2024-09-19 12:00:33.006000,422.12117782753984,97
2024-09-19 12:00:33.033000,422.0849630639964,101
2024-09-19 12:00:33.085000,422.0945249547496,1000
2024-09-19 12:00:33.228000,422.11344976459054,98
2024-09-19 12:00:33.424000,422.1140651869437,7
2024-09-19 12:00:33.435000,422.09446711969184,997
2024-09-19 12:00:33.587000,422.0959902333116,10
2024-09-19 12:00:33.838000,422.1184835111503,10
2024-09-19 12:00:33.850000,422.1162362570403,1005
2024-09-19 12:00:33.902000,422.0948577813578,97
2024-09-19 12:00:33.971000,422.1180332913834,103
2024-09-19 12:00:33.987000,422.0979938475658,102
2024-09-19 12:00:33.992000,422.1049692923547,999
2024-09-19 12:00:34.065000,422.1342584078044,998
2024-09-19 12:00:34.084000,422.0970444728874,104
2024-09-19 12:00:34.131000,422.08045814765177,104
2024-09-19 12:00:34.142000,422.0796893780077,102
2024-09-19 12:00:34.261000,422.10629213250667,8
2024-09-19 12:00:34.381000,422.0814973809499,105
2024-09-19 12:00:34.482000,422.0759914260128,99
2024-09-19 12:00:34.484000,422.1222847290411,1002
2024-09-19 12:00:34.537000,422.1050541560295,97
2024-09-19 12:00:34.550000,422.12826234329714,102
2024-09-19 12:00:34.607000,422.0804949265313,96
2024-09-19 12:00:34.624000,422.1352976931775,105
2024-09-19 12:00:34.681000,422.1299693298045,105
2024-09-19 12:00:34.707000,422.129252606222,95
2024-09-19 12:00:34.709000,422.1232263350389,98
2024-09-19 12:00:34.738000,422.1264161196864,10
2024-09-19 12:00:34.830000,422.068933543428,1002
2024-09-19 12:00:34.953000,422.1011047753349,97
2024-09-19 12:00:34.959000,422.1118709816348,99
2024-09-19 12:00:34.964000,422.0831335759464,1002
2024-09-19 12:00:35.162000,422.1456979075484,10
2024-09-19 12:00:35.180000,422.164393235922,1004
2024-09-19 12:00:35.249000,422.168906059303,100
2024-09-19 12:00:35.498000,422.12366572813255,99
2024-09-19 12:00:35.622000,422.1237716318032,105
2024-09-19 12:00:35.626000,422.1555925174211,96
2024-09-19 12:00:35.794000,422.173934965725,105
2024-09-19 12:00:35.823000,422.151718743076,996
2024-09-19 12:00:35.901000,422.1267137015469,997
2024-09-19 12:00:35.977000,422.1683585047036,8
2024-09-19 12:00:36.199000,422.1793421117218,996
2024-09-19 12:00:36.228000,422.1894604104943,997
2024-09-19 12:00:36.262000,422.1798389221588,99
2024-09-19 12:00:36.265000,422.2047067231601,9
2024-09-19 12:00:36.314000,422.2153285069777,14
2024-09-19 12:00:36.319000,422.1835845919868,6
2024-09-19 12:00:36.332000,422.1870166017272,12
2024-09-19 12:00:36.457000,422.1837274623298,101
2024-09-19 12:00:36.578000,422.2044794129778,15
2024-09-19 12:00:36.726000,422.2087268578272,101
2024-09-19 12:00:36.744000,422.1665717639276,14
2024-09-19 12:00:36.773000,422.1802159913812,14
2024-09-19 12:00:36.782000,422.1895376950746,5
2024-09-19 12:00:36.803000,422.1721069651124,998
2024-09-19 12:00:36.806000,422.1879165732413,103
2024-09-19 12:00:36.896000,422.21115027436576,98
2024-09-19 12:00:36.911000,422.1715749239115,105
2024-09-19 12:00:36.916000,422.1868274973109,1000
2024-09-19 12:00:36.987000,422.2032373685245,97
2024-09-19 12:00:36.991000,422.1929752240414,99
2024-09-19 12:00:37.009000,422.24415871734,103
2024-09-19 12:00:37.200000,422.21905373817367,96
2024-09-19 12:00:37.223000,422.1970784320512,5
2024-09-19 12:00:37.264000,422.2139078028313,1001
2024-09-19 12:00:37.306000,422.2401477447977,96
2024-09-19 12:00:37.361000,422.2012553597574,9
2024-09-19 12:00:37.444000,422.20736067551167,98
2024-09-19 12:00:38.010000,422.2930270552726,14
2024-09-19 12:00:38.011000,422.237329385121,7
2024-09-19 12:00:38.024000,422.2899161745647,5
2024-09-19 12:00:38.054000,422.3189519262298,98
2024-09-19 12:00:38.099000,422.2638611557964,1003
2024-09-19 12:00:38.107000,422.2954602080303,995
2024-09-19 12:00:38.112000,422.2563578150413,97
2024-09-19 12:00:38.202000,422.2917034921668,1000
2024-09-19 12:00:38.216000,422.26729324994426,99
2024-09-19 12:00:38.341000,422.24874907808174,100
2024-09-19 12:00:38.347000,422.2546185124432,97
2024-09-19 12:00:38.405000,422.2727328100536,8
2024-09-19 12:00:38.409000,422.29763365318047,96
2024-09-19 12:00:38.532000,422.3060701405354,1005
2024-09-19 12:00:38.544000,422.32984601026254,97
2024-09-19 12:00:38.559000,422.2748054825556,1003
2024-09-19 12:00:38.607000,422.24955895342856,96
2024-09-19 12:00:38.730000,422.3280249765567,98
2024-09-19 12:00:38.797000,422.3031180193223,97
2024-09-19 12:00:38.833000,422.3261636056607,1001
2024-09-19 12:00:38.889000,422.26011056344186,96
2024-09-19 12:00:38.930000,422.3172326359132,10
2024-09-19 12:00:38.964000,422.2770297850556,98
2024-09-19 12:00:38.999000,422.3341158301488,97
2024-09-19 12:00:39.081000,422.2595773585853,5
2024-09-19 12:00:39.083000,422.26414354801415,105
2024-09-19 12:00:39.094000,422.3113310427794,100
2024-09-19 12:00:39.106000,422.2750641545794,995
2024-09-19 12:00:39.163000,422.2529685812928,7
2024-09-19 12:00:39.170000,422.2726002871768,995
2024-09-19 12:00:39.298000,422.2579016144706,998
2024-09-19 12:00:39.337000,422.3011535682024,97
2024-09-19 12:00:39.346000,422.2996786057088,101
2024-09-19 12:00:39.414000,422.2845308569621,996
2024-09-19 12:00:39.417000,422.2971076842433,10
2024-09-19 12:00:39.432000,422.2830654425336,14
2024-09-19 12:00:39.449000,422.30407681465806,1001
2024-09-19 12:00:39.490000,422.3068523715222,999
2024-09-19 12:00:39.493000,422.272522727244,105
2024-09-19 12:00:39.523000,422.30350001383937,97
2024-09-19 12:00:39.569000,422.3091751815855,96
2024-09-19 12:00:39.623000,422.28512177552136,1003
2024-09-19 12:00:39.673000,422.2855511296543,104
2024-09-19 12:00:39.676000,422.31749089336927,1004
2024-09-19 12:00:39.691000,422.2686636417416,15
2024-09-19 12:00:39.743000,422.28256625473705,100
2024-09-19 12:00:39.800000,422.2825703283359,100
2024-09-19 12:00:39.818000,422.28954208737537,12
2024-09-19 12:00:39.857000,422.2404290801273,103
2024-09-19 12:00:39.861000,422.2741439325114,12
2024-09-19 12:00:39.886000,422.2486068245773,12
2024-09-19 12:00:39.959000,422.3113165768125,95
2024-09-19 12:00:39.978000,422.2874462818278,5
2024-09-19 12:00:39.993000,422.2749423149605,95
2024-09-19 12:00:40.026000,422.2932631766228,99
2024-09-19 12:00:40.388000,422.270263291351,15
2024-09-19 12:00:40.537000,422.287007160388,104
2024-09-19 12:00:40.816000,422.299854429522,999
2024-09-19 12:00:40.884000,422.27818966250817,100
2024-09-19 12:00:40.911000,422.26935043562,7
2024-09-19 12:00:41.012000,422.1971933954328,10
2024-09-19 12:00:41.045000,422.3196294114363,6
2024-09-19 12:00:41.133000,422.1662847022132,8
2024-09-19 12:00:41.148000,422.2363490666463,96
2024-09-19 12:00:41.210000,422.2642591775276,997
2024-09-19 12:00:41.215000,422.200846132047,995
2024-09-19 12:00:41.313000,422.1660600491625,1003
2024-09-19 12:00:41.335000,422.2141858648872,998
2024-09-19 12:00:41.364000,422.2162187454815,97
2024-09-19 12:00:41.366000,422.2165173069948,13
2024-09-19 12:00:41.395000,422.33306938785046,96
2024-09-19 12:00:41.447000,422.19330667654094,997
2024-09-19 12:00:41.495000,422.28096691455255,99
2024-09-19 12:00:41.497000,422.2333085836212,102
2024-09-19 12:00:41.549000,422.3221474975208,997
2024-09-19 12:00:41.570000,422.2920069005575,8
2024-09-19 12:00:41.715000,422.2082053933953,7
2024-09-19 12:00:41.791000,422.3329127561194,101
2024-09-19 12:00:41.810000,422.183121263067,1004
2024-09-19 12:00:41.818000,422.1765440927502,14
2024-09-19 12:00:41.947000,422.2250564194161,1004
2024-09-19 12:00:42.112000,422.1664592911704,12
2024-09-19 12:00:42.160000,422.2135969129022,1005
2024-09-19 12:00:42.220000,422.16922432535273,95
2024-09-19 12:00:42.274000,422.2269962439704,104
2024-09-19 12:00:42.329000,422.2059619446176,100
2024-09-19 12:00:42.338000,422.19764240212027,12
2024-09-19 12:00:42.435000,422.1810121061704,1003
2024-09-19 12:00:42.449000,422.1939005348213,999
2024-09-19 12:00:42.615000,422.2285715432694,100
2024-09-19 12:00:42.754000,422.2071576224158,995
2024-09-19 12:00:42.756000,422.1714235692262,1001
2024-09-19 12:00:42.768000,422.23053595872807,100
2024-09-19 12:00:42.822000,422.2020582777297,996
2024-09-19 12:00:42.940000,422.204520674482,9
2024-09-19 12:00:43.049000,422.2139212176634,97
2024-09-19 12:00:43.096000,422.21974614803855,10
2024-09-19 12:00:43.297000,422.2291656971432,5
2024-09-19 12:00:43.383000,422.2293785615487,97
2024-09-19 12:00:43.388000,422.2237039051571,105
2024-09-19 12:00:43.483000,422.2351369580114,8
2024-09-19 12:00:43.593000,422.2189890234679,101
2024-09-19 12:00:43.658000,422.2228597641652,996
2024-09-19 12:00:44.066000,422.2676209683229,103
2024-09-19 12:00:44.156000,422.2581409953981,99
2024-09-19 12:00:44.197000,422.2374875855384,12
2024-09-19 12:00:44.313000,422.2655228564761,7
2024-09-19 12:00:44.385000,422.24462324762766,996
2024-09-19 12:00:44.385000,422.30716691970485,11
2024-09-19 12:00:44.440000,422.2897579928325,1004
2024-09-19 12:00:44.470000,422.2668536967256,1005
2024-09-19 12:00:44.471000,422.23960678940495,11
2024-09-19 12:00:44.510000,422.24146918841205,98
2024-09-19 12:00:44.530000,422.23235180949234,102
2024-09-19 12:00:44.584000,422.2435100987505,104
2024-09-19 12:00:44.608000,422.25799585182045,5
2024-09-19 12:00:44.716000,422.2473758221199,105
2024-09-19 12:00:44.805000,422.2602133935978,1004
2024-09-19 12:00:44.810000,422.2709688596269,1003
2024-09-19 12:00:44.946000,422.2546228290766,104
2024-09-19 12:00:44.962000,422.2503449861904,103
2024-09-19 12:00:44.970000,422.2558884305788,995
2024-09-19 12:00:44.981000,422.2500876904813,6
2024-09-19 12:00:44.989000,422.2962902167814,95
2024-09-19 12:00:45.044000,422.3061797037979,1003
2024-09-19 12:00:45.066000,422.2735846571159,101
2024-09-19 12:00:45.154000,422.3024416802484,1003
2024-09-19 12:00:45.201000,422.3007894247719,101
2024-09-19 12:00:45.276000,422.2893651033727,8
2024-09-19 12:00:45.288000,422.30816525494026,13
2024-09-19 12:00:45.353000,422.2894846258055,13
2024-09-19 12:00:45.353000,422.2931057498059,102
2024-09-19 12:00:45.355000,422.2723046455511,98
2024-09-19 12:00:45.460000,422.27140793567065,104
2024-09-19 12:00:45.469000,422.2735828263202,95
2024-09-19 12:00:45.533000,422.2940570657385,98
2024-09-19 12:00:45.570000,422.2982718513693,11
2024-09-19 12:00:45.596000,422.3128148258624,96
2024-09-19 12:00:45.686000,422.28813897647785,101
2024-09-19 12:00:45.726000,422.2981458029312,15
2024-09-19 12:00:45.731000,422.3010665271437,1003
2024-09-19 12:00:45.874000,422.2934200019168,1001
2024-09-19 12:00:46.107000,422.2480010350527,14
2024-09-19 12:00:46.220000,422.1693439861902,105
2024-09-19 12:00:46.271000,422.2344660640954,5
2024-09-19 12:00:46.302000,422.18777872579153,1004
2024-09-19 12:00:46.355000,422.1534241558997,12
2024-09-19 12:00:46.477000,422.1709194800812,101
2024-09-19 12:00:46.537000,422.1698510086625,5
2024-09-19 12:00:46.553000,422.19711254829406,10
2024-09-19 12:00:46.555000,422.1608266628607,102
2024-09-19 12:00:46.558000,422.2015413684608,101
2024-09-19 12:00:46.560000,422.2460660060775,7
2024-09-19 12:00:46.581000,422.1827461572892,1003
2024-09-19 12:00:46.592000,422.2015366845189,104
2024-09-19 12:00:46.610000,422.2476559555289,996
2024-09-19 12:00:46.615000,422.2563777487607,105
2024-09-19 12:00:46.626000,422.21831069811424,10
2024-09-19 12:00:46.734000,422.1729853322719,6
2024-09-19 12:00:46.764000,422.1684224859602,1004
2024-09-19 12:00:46.777000,422.2206150293967,998
2024-09-19 12:00:46.779000,422.1641750315646,6
2024-09-19 12:00:46.834000,422.1819462906232,13
2024-09-19 12:00:46.869000,422.1920023809243,1005
2024-09-19 12:00:46.877000,422.25790393390224,6
2024-09-19 12:00:46.882000,422.2493292043741,1003
2024-09-19 12:00:46.986000,422.1756940348568,99
2024-09-19 12:00:47.135000,422.1713210373289,1003
2024-09-19 12:00:47.301000,422.2154089234856,101
2024-09-19 12:00:47.329000,422.2059761891891,97
2024-09-19 12:00:47.553000,422.21734201385846,13
2024-09-19 12:00:47.608000,422.20866375154105,95
2024-09-19 12:00:47.794000,422.1988444322751,1000
2024-09-19 12:00:48.074000,422.1641332823373,100
2024-09-19 12:00:48.123000,422.17517696368975,9
2024-09-19 12:00:48.169000,422.1660588747875,997
2024-09-19 12:00:48.254000,422.1811030439783,1005
2024-09-19 12:00:48.275000,422.21041085382967,5
2024-09-19 12:00:48.305000,422.1536768521659,1003
2024-09-19 12:00:48.336000,422.1862135802178,11
2024-09-19 12:00:48.385000,422.2036689227907,1003
2024-09-19 12:00:48.388000,422.1588620071826,95
2024-09-19 12:00:48.391000,422.1624116582236,5
2024-09-19 12:00:48.527000,422.1966169385798,100
2024-09-19 12:00:48.661000,422.1773489988639,5
2024-09-19 12:00:48.683000,422.151917107937,8
2024-09-19 12:00:48.865000,422.16938676938287,101
2024-09-19 12:00:48.954000,422.166856774276,103
2024-09-19 12:00:49.107000,422.1683806844238,97
2024-09-19 12:00:49.229000,422.184383889523,8
2024-09-19 12:00:50.047000,422.1766141236321,104
2024-09-19 12:00:50.084000,422.1505975797232,99
2024-09-19 12:00:50.277000,422.173661869205,102
2024-09-19 12:00:50.359000,422.14163924543016,103
2024-09-19 12:00:50.386000,422.1501504985313,5
2024-09-19 12:00:50.519000,422.18179702304906,1001
2024-09-19 12:00:50.524000,422.161960004684,1003
2024-09-19 12:00:50.538000,422.1437815291797,13
2024-09-19 12:00:50.577000,422.1894550664284,999
2024-09-19 12:00:50.585000,422.1731438717893,6
2024-09-19 12:00:50.684000,422.16648337273097,14
2024-09-19 12:00:50.759000,422.1644735173352,8
2024-09-19 12:00:50.782000,422.1559369970447,96
2024-09-19 12:00:50.812000,422.1768884977479,10
2024-09-19 12:00:50.844000,422.186840373092,7
2024-09-19 12:00:51.278000,422.1402249120434,1002
2024-09-19 12:00:51.297000,422.1151346196592,1003
2024-09-19 12:00:51.394000,422.13408138974046,99
2024-09-19 12:00:51.477000,422.1492336920447,98
2024-09-19 12:00:51.542000,422.13588838745295,14
2024-09-19 12:00:51.814000,422.1585644329852,100
2024-09-19 12:00:51.894000,422.1428514081223,98
2024-09-19 12:00:52.009000,422.185089665769,14
2024-09-19 12:00:52.010000,422.2031871601659,1005
2024-09-19 12:00:52.090000,422.18539932828514,13
2024-09-19 12:00:52.194000,422.1673361250875,1001
2024-09-19 12:00:52.206000,422.1498210938288,15
2024-09-19 12:00:52.218000,422.159872616985,15
2024-09-19 12:00:52.252000,422.2096478757006,1004
2024-09-19 12:00:52.273000,422.1606194804126,997
2024-09-19 12:00:52.277000,422.165410624324,103
2024-09-19 12:00:52.295000,422.1372410394393,1002
2024-09-19 12:00:52.311000,422.116296521567,1001
2024-09-19 12:00:52.345000,422.13892302812144,11
2024-09-19 12:00:52.448000,422.1781927894422,998
2024-09-19 12:00:52.472000,422.2067829768316,1004
2024-09-19 12:00:52.558000,422.1215209630482,102
2024-09-19 12:00:52.591000,422.1786046290064,5
2024-09-19 12:00:52.612000,422.17631948334673,15
2024-09-19 12:00:52.628000,422.1642151797663,11
2024-09-19 12:00:52.685000,422.1693757892755,997
2024-09-19 12:00:52.850000,422.16524082807496,996
2024-09-19 12:00:52.889000,422.2068080763169,13
2024-09-19 12:00:52.948000,422.1402409475576,8
2024-09-19 12:00:53.002000,422.17982563563737,7
2024-09-19 12:00:53.073000,422.19723383558056,95
2024-09-19 12:00:53.092000,422.1646836159439,101
2024-09-19 12:00:53.237000,422.1929565443447,101
2024-09-19 12:00:53.486000,422.1906267790654,95
2024-09-19 12:00:53.603000,422.20023390504696,104
2024-09-19 12:00:53.673000,422.183341918743,11
2024-09-19 12:00:53.871000,422.20083291750205,96
2024-09-19 12:00:53.994000,422.20364357265504,8
2024-09-19 12:00:54.044000,422.1718769661596,999
2024-09-19 12:00:54.224000,422.1733785915056,11
2024-09-19 12:00:54.246000,422.1823062014727,998
2024-09-19 12:00:54.281000,422.1981397399746,13
2024-09-19 12:00:54.504000,422.19668995984,1001
2024-09-19 12:00:54.589000,422.1828008224297,95
2024-09-19 12:00:54.921000,422.18077086580985,1004
2024-09-19 12:00:54.998000,422.1867227264884,96
2024-09-19 12:00:55.185000,422.18890401933606,996
2024-09-19 12:00:55.953000,422.1864734323356,997
2024-09-19 12:00:56.056000,422.1907613125532,100
2024-09-19 12:00:56.092000,422.1867661292226,5
2024-09-19 12:00:56.140000,422.18522421153824,11
2024-09-19 12:00:56.456000,422.178272780586,1001
2024-09-19 12:00:56.733000,422.1878845395903,1005
2024-09-19 12:00:56.995000,422.1956960415666,96
2024-09-19 12:00:57.086000,422.1656091868464,5
2024-09-19 12:00:57.386000,422.1677572614613,100
2024-09-19 12:00:57.503000,422.1496418655223,105
2024-09-19 12:00:57.646000,422.17758498396233,1003
2024-09-19 12:00:57.948000,422.1474062600688,97
2024-09-19 12:00:57.978000,422.1703236648701,101
2024-09-19 12:00:58.107000,422.1922796177593,12
2024-09-19 12:00:58.819000,422.18923394039246,999
2024-09-19 12:00:59.074000,422.2046977098856,1002
2024-09-19 12:00:59.084000,422.1960299387995,99
2024-09-19 12:00:59.162000,422.2117863475594,101
2024-09-19 12:00:59.231000,422.2038954892481,102
2024-09-19 12:00:59.296000,422.1898581737908,6
2024-09-19 12:00:59.431000,422.20483733221056,10
2024-09-19 12:00:59.468000,422.2415130503687,99
2024-09-19 12:00:59.536000,422.2143306905635,6
2024-09-19 12:00:59.701000,422.21382667436313,103
2024-09-19 12:00:59.728000,422.1867174949508,14
2024-09-19 12:00:59.814000,422.1993241285229,1003
2024-09-19 12:00:59.816000,422.2046259976085,103
2024-09-19 12:00:59.886000,422.226526145557,14
2024-09-19 12:00:59.976000,422.2047740273164,7
2024-09-19 12:00:59.983000,422.1925019457273,1002
