Timestamp,Price,Size
2024-09-19 14:41:00.002000,419.01064634575954,999
2024-09-19 14:41:00.007000,419.0421402460036,8
2024-09-19 14:41:00.012000,419.0139152926232,996
2024-09-19 14:41:00.017000,419.0655056658704,11
2024-09-19 14:41:00.030000,419.0228354508794,98
2024-09-19 14:41:00.039000,419.03089028328446,1004
2024-09-19 14:41:00.080000,418.9868941120741,5
2024-09-19 14:41:00.147000,419.03845728763145,997
2024-09-19 14:41:00.194000,419.0129474937328,1004
2024-09-19 14:41:00.269000,419.0247003634299,11
2024-09-19 14:41:00.302000,419.0142513589535,98
2024-09-19 14:41:00.344000,419.029376590893,9
2024-09-19 14:41:00.356000,419.0053958211048,96
2024-09-19 14:41:00.361000,419.0307696528683,101
2024-09-19 14:41:00.418000,419.0227932301664,1001
2024-09-19 14:41:00.462000,418.98991945732,105
2024-09-19 14:41:00.479000,418.9960170951666,13
2024-09-19 14:41:00.482000,419.0201336076203,14
2024-09-19 14:41:00.498000,419.0094716745641,999
2024-09-19 14:41:00.579000,419.0125889069827,15
2024-09-19 14:41:00.621000,419.0467536598141,1005
2024-09-19 14:41:00.679000,419.05297403996144,1005
2024-09-19 14:41:00.755000,419.01414808679584,1001
2024-09-19 14:41:00.902000,419.008956474109,102
2024-09-19 14:41:00.908000,419.0515652452417,105
2024-09-19 14:41:00.909000,418.9974817117431,1001
2024-09-19 14:41:00.985000,419.0142561298968,103
2024-09-19 14:41:00.995000,419.0028152518525,96
2024-09-19 14:41:01.007000,418.97853734973,997
2024-09-19 14:41:01.028000,418.99346511030205,11
2024-09-19 14:41:01.037000,418.9835237044232,996
2024-09-19 14:41:01.108000,418.9926527847266,1005
2024-09-19 14:41:01.214000,418.98916351307344,95
2024-09-19 14:41:01.264000,418.9894769820625,13
2024-09-19 14:41:01.270000,418.9546164261183,1005
2024-09-19 14:41:01.297000,418.99410117077446,105
2024-09-19 14:41:01.395000,419.0000403242044,1005
2024-09-19 14:41:01.431000,418.98024155310577,1004
2024-09-19 14:41:01.439000,418.9783077163515,9
2024-09-19 14:41:01.467000,418.94560389901983,15
2024-09-19 14:41:01.552000,418.9864884558001,1002
2024-09-19 14:41:01.553000,418.9689048716809,998
2024-09-19 14:41:01.562000,419.0052934036328,10
2024-09-19 14:41:01.591000,418.99254081519217,7
2024-09-19 14:41:01.617000,418.9730606859465,99
2024-09-19 14:41:01.623000,419.01641232937953,997
2024-09-19 14:41:01.672000,419.0008726314744,7
2024-09-19 14:41:01.681000,418.9955292246262,98
2024-09-19 14:41:01.685000,418.9576736125092,6
2024-09-19 14:41:01.692000,419.00472281037867,102
2024-09-19 14:41:01.706000,418.9851833097592,95
2024-09-19 14:41:01.733000,418.97559597099456,100
2024-09-19 14:41:01.790000,418.987572731132,102
2024-09-19 14:41:01.880000,418.979461610957,8
2024-09-19 14:41:01.914000,418.9498913379985,1000
2024-09-19 14:41:01.954000,418.9881706325048,997
2024-09-19 14:41:02.059000,419.0222792529982,11
2024-09-19 14:41:02.075000,419.0249686900822,13
2024-09-19 14:41:02.082000,419.01160909670745,12
2024-09-19 14:41:02.190000,419.0577440690813,9
2024-09-19 14:41:02.235000,418.99778076484,99
2024-09-19 14:41:02.235000,419.09240131288016,14
2024-09-19 14:41:02.260000,419.0435229100666,1001
2024-09-19 14:41:02.260000,419.04387696894827,1003
2024-09-19 14:41:02.294000,419.047971826174,5
2024-09-19 14:41:02.299000,419.0682798939521,5
2024-09-19 14:41:02.342000,419.0066196988989,98
2024-09-19 14:41:02.425000,419.04184984602045,7
2024-09-19 14:41:02.430000,419.0336386041949,104
2024-09-19 14:41:02.513000,419.08139734621386,102
2024-09-19 14:41:02.531000,419.0132576439784,97
2024-09-19 14:41:02.539000,419.05320931298417,103
2024-09-19 14:41:02.599000,419.0830277114581,13
2024-09-19 14:41:02.642000,419.0613415170221,12
2024-09-19 14:41:02.720000,419.04932102648047,10
2024-09-19 14:41:02.730000,419.02931156009737,9
2024-09-19 14:41:02.762000,419.0699165305684,99
2024-09-19 14:41:02.810000,419.0171107704369,996
2024-09-19 14:41:02.862000,419.0341660403213,96
2024-09-19 14:41:02.887000,419.0587282697531,105
2024-09-19 14:41:02.906000,419.0257533212545,11
2024-09-19 14:41:02.926000,419.0818438635807,100
2024-09-19 14:41:03.039000,419.1115583781892,11
2024-09-19 14:41:03.071000,419.0816858127424,96
2024-09-19 14:41:03.192000,419.102669457441,9
2024-09-19 14:41:03.246000,419.1023615179227,96
2024-09-19 14:41:03.287000,419.1040666862133,1001
2024-09-19 14:41:03.334000,419.0825488779038,1004
2024-09-19 14:41:03.351000,419.0906304557959,97
2024-09-19 14:41:03.439000,419.0899735749354,999
2024-09-19 14:41:03.471000,419.1039041583,101
2024-09-19 14:41:03.629000,419.0907222492608,11
2024-09-19 14:41:03.657000,419.0738431067639,104
2024-09-19 14:41:03.759000,419.0563553214184,101
2024-09-19 14:41:04.104000,418.8507910843184,102
2024-09-19 14:41:04.231000,418.9003512207914,13
2024-09-19 14:41:04.274000,419.04071329875626,104
2024-09-19 14:41:04.277000,418.9600131517112,997
2024-09-19 14:41:04.353000,418.9909354069842,1005
2024-09-19 14:41:04.356000,419.0682807422274,103
2024-09-19 14:41:04.365000,419.0399533194045,5
2024-09-19 14:41:04.451000,418.8498547730521,12
2024-09-19 14:41:04.458000,419.0670919372417,105
2024-09-19 14:41:04.478000,418.9026669298473,995
2024-09-19 14:41:04.497000,419.0032748131077,1001
2024-09-19 14:41:04.551000,418.9496544179804,99
2024-09-19 14:41:04.573000,419.0374139398567,5
2024-09-19 14:41:04.616000,418.9234553740027,11
2024-09-19 14:41:04.633000,419.0475661229454,11
2024-09-19 14:41:04.649000,418.9325218988709,95
2024-09-19 14:41:04.664000,418.9754277434965,8
2024-09-19 14:41:04.741000,418.9744271948542,12
2024-09-19 14:41:04.763000,418.8630935245369,102
2024-09-19 14:41:04.807000,418.9199972880093,12
2024-09-19 14:41:04.821000,418.9560567876459,1001
2024-09-19 14:41:04.918000,419.0296194952036,100
2024-09-19 14:41:04.919000,418.8388529924559,1005
2024-09-19 14:41:04.935000,419.0318288098628,104
2024-09-19 14:41:04.939000,418.8924580670361,100
2024-09-19 14:41:04.946000,418.9585663936957,9
2024-09-19 14:41:04.947000,418.9496339500872,997
2024-09-19 14:41:04.963000,419.0048825591288,104
2024-09-19 14:41:05.013000,418.8587077275891,101
2024-09-19 14:41:05.044000,418.8613419582144,13
2024-09-19 14:41:05.084000,418.8426304639028,5
2024-09-19 14:41:05.442000,418.8358496426776,5
2024-09-19 14:41:05.447000,418.845367508253,9
2024-09-19 14:41:05.448000,418.8371719888968,995
2024-09-19 14:41:05.474000,418.85560678855785,105
2024-09-19 14:41:05.643000,418.8353673394944,1005
2024-09-19 14:41:05.659000,418.8483368081144,9
2024-09-19 14:41:06.657000,418.85740650390153,104
2024-09-19 14:41:06.771000,418.8721645355792,15
2024-09-19 14:41:07.095000,418.871397554356,99
2024-09-19 14:41:07.105000,418.90676161469713,7
2024-09-19 14:41:07.182000,418.8560030131166,8
2024-09-19 14:41:07.187000,418.908205325009,997
2024-09-19 14:41:07.188000,418.8552426262699,96
2024-09-19 14:41:07.210000,418.89514451648296,9
2024-09-19 14:41:07.247000,418.92181045219786,103
2024-09-19 14:41:07.300000,418.8611434704407,14
2024-09-19 14:41:07.335000,418.8855890119513,99
2024-09-19 14:41:07.368000,418.8261177646699,1003
2024-09-19 14:41:07.385000,418.8489353704332,999
2024-09-19 14:41:07.414000,418.8975364378946,14
2024-09-19 14:41:07.484000,415.2899146909878,104
2024-09-19 14:41:07.496000,418.8841676553583,999
2024-09-19 14:41:07.593000,418.88787500654615,14
2024-09-19 14:41:07.594000,418.8433107166337,999
2024-09-19 14:41:07.614000,418.8908726952286,10
2024-09-19 14:41:07.664000,418.8514971797168,997
2024-09-19 14:41:07.674000,418.8308445258512,1002
2024-09-19 14:41:07.785000,418.8568149514835,7
2024-09-19 14:41:07.791000,418.8686536831386,1005
2024-09-19 14:41:07.794000,418.8926991507428,103
2024-09-19 14:41:07.846000,418.8701381871443,11
2024-09-19 14:41:07.882000,418.9208414646763,102
2024-09-19 14:41:07.887000,418.9154004875791,5
2024-09-19 14:41:07.888000,418.8525832512544,104
2024-09-19 14:41:07.894000,418.91383853779047,102
2024-09-19 14:41:07.956000,418.8620704133481,7
2024-09-19 14:41:07.958000,418.8414884667432,95
2024-09-19 14:41:07.999000,418.89178232673214,9
2024-09-19 14:41:08.025000,418.8127112254666,998
2024-09-19 14:41:08.071000,418.8410330631923,1001
2024-09-19 14:41:08.077000,418.8090248562248,96
2024-09-19 14:41:08.116000,418.8081466643733,997
2024-09-19 14:41:08.139000,418.8051957728551,95
2024-09-19 14:41:08.246000,418.8047714604677,104
2024-09-19 14:41:08.276000,418.8383526978428,100
2024-09-19 14:41:08.332000,418.8384695117808,103
2024-09-19 14:41:08.431000,418.8336350021975,101
2024-09-19 14:41:08.497000,418.8446686025016,13
2024-09-19 14:41:08.743000,418.8319347204771,14
2024-09-19 14:41:08.803000,418.8088965047107,104
2024-09-19 14:41:08.957000,418.8127260541204,1004
2024-09-19 14:41:08.963000,418.8319054947754,104
2024-09-19 14:41:08.966000,418.8415490691903,14
2024-09-19 14:41:09.360000,418.8085636285984,1004
2024-09-19 14:41:09.366000,418.8213801655592,104
2024-09-19 14:41:09.479000,418.8200038310872,105
2024-09-19 14:41:09.723000,418.8358778341811,1004
2024-09-19 14:41:10.780000,418.8220477544472,996
2024-09-19 14:41:11.242000,418.8213911472669,1001
2024-09-19 14:41:11.247000,418.817881457917,11
2024-09-19 14:41:11.274000,418.85381921084166,1000
2024-09-19 14:41:11.339000,418.8574567385244,1005
2024-09-19 14:41:11.483000,418.82541796294737,1004
2024-09-19 14:41:11.540000,418.85634331557895,100
2024-09-19 14:41:11.591000,418.84103123006696,15
2024-09-19 14:41:11.710000,418.8603201413141,101
2024-09-19 14:41:11.839000,418.8355141852084,13
2024-09-19 14:41:11.912000,418.8305156223416,999
2024-09-19 14:41:12.455000,418.842098319445,96
2024-09-19 14:41:12.810000,418.8433974952543,103
2024-09-19 14:41:12.838000,418.8336392522973,103
2024-09-19 14:41:13.063000,418.8522906822179,105
2024-09-19 14:41:13.089000,418.7516097926963,14
2024-09-19 14:41:13.154000,418.79001197760255,105
2024-09-19 14:41:13.298000,418.7679514321263,102
2024-09-19 14:41:13.306000,418.757724779748,1002
2024-09-19 14:41:13.386000,418.7996481695672,1001
2024-09-19 14:41:13.394000,418.85381214838566,105
2024-09-19 14:41:13.397000,418.8572927010157,1005
2024-09-19 14:41:13.426000,418.7967813400322,96
2024-09-19 14:41:13.457000,418.7606482757959,6
2024-09-19 14:41:13.558000,418.77671536608455,100
2024-09-19 14:41:13.588000,418.7895614736317,104
2024-09-19 14:41:13.597000,418.8121563643523,105
2024-09-19 14:41:13.603000,418.8403906191309,100
2024-09-19 14:41:13.663000,418.7892467834754,101
2024-09-19 14:41:13.694000,418.8466772475325,98
2024-09-19 14:41:13.850000,418.8224526277112,1005
2024-09-19 14:41:13.868000,418.8082125063695,999
2024-09-19 14:41:13.880000,418.8146169083136,9
2024-09-19 14:41:13.896000,418.78943689429406,105
2024-09-19 14:41:13.914000,418.7723926558846,8
2024-09-19 14:41:15.018000,418.766742734809,9
2024-09-19 14:41:15.048000,418.7658594829813,95
2024-09-19 14:41:15.095000,418.7959217373797,997
2024-09-19 14:41:15.339000,418.77518959100337,1004
2024-09-19 14:41:15.401000,418.7978758610115,15
2024-09-19 14:41:15.431000,418.7685310337107,7
2024-09-19 14:41:15.542000,418.7753867790769,1002
2024-09-19 14:41:15.615000,418.81239463832526,99
2024-09-19 14:41:15.764000,418.79162515134,1005
2024-09-19 14:41:15.833000,418.803707959703,101
2024-09-19 14:41:15.910000,418.79616758173125,100
2024-09-19 14:41:15.926000,418.7864964934485,98
2024-09-19 14:41:16.036000,418.8380311671632,102
2024-09-19 14:41:16.149000,418.8461041774166,997
2024-09-19 14:41:16.198000,418.8410559005611,99
2024-09-19 14:41:16.219000,418.889029155841,105
2024-09-19 14:41:16.295000,418.8688275988686,997
2024-09-19 14:41:16.352000,418.8145763403523,101
2024-09-19 14:41:16.514000,418.8892645997197,1005
2024-09-19 14:41:16.580000,418.82247413005575,9
2024-09-19 14:41:16.610000,418.8654633743664,105
2024-09-19 14:41:16.611000,418.8713275343518,6
2024-09-19 14:41:16.632000,418.8476700216305,98
2024-09-19 14:41:16.644000,418.8980848233667,97
2024-09-19 14:41:16.685000,418.8984681602199,997
2024-09-19 14:41:16.687000,418.8273762157008,996
2024-09-19 14:41:16.750000,418.8442614114526,997
2024-09-19 14:41:16.940000,418.8714868743925,104
2024-09-19 14:41:16.941000,418.82331407770863,10
2024-09-19 14:41:17.053000,418.78657188724463,95
2024-09-19 14:41:17.124000,418.7851662958194,997
2024-09-19 14:41:17.179000,418.7723458000248,102
2024-09-19 14:41:17.304000,418.7885121854913,1001
2024-09-19 14:41:17.321000,418.7663149169044,102
2024-09-19 14:41:17.362000,418.8009558210625,7
2024-09-19 14:41:17.507000,418.8191323795648,10
2024-09-19 14:41:17.690000,418.7763022795808,103
2024-09-19 14:41:17.717000,418.80835696820526,14
2024-09-19 14:41:17.775000,418.8313620696608,102
2024-09-19 14:41:17.790000,418.8184092808967,995
2024-09-19 14:41:17.798000,418.7653604745992,5
2024-09-19 14:41:17.882000,418.7972763532261,15
2024-09-19 14:41:17.892000,418.8006240426837,9
2024-09-19 14:41:17.949000,418.7714610905339,997
2024-09-19 14:41:18.332000,418.77101896108,12
2024-09-19 14:41:19.143000,418.78172480123,999
2024-09-19 14:41:19.248000,418.7575262594323,10
2024-09-19 14:41:19.377000,418.7807224653282,97
2024-09-19 14:41:19.401000,418.7528918618854,1000
2024-09-19 14:41:19.410000,418.7794664885051,1000
2024-09-19 14:41:19.418000,418.7714819793477,1000
2024-09-19 14:41:19.842000,418.7810411450751,10
2024-09-19 14:41:19.869000,418.7963625496168,1004
2024-09-19 14:41:20.004000,418.70327333461415,97
2024-09-19 14:41:20.071000,418.7485072982208,14
2024-09-19 14:41:20.101000,418.75169732833126,100
2024-09-19 14:41:20.128000,418.6426379351753,1004
2024-09-19 14:41:20.136000,418.7005796861124,101
2024-09-19 14:41:20.183000,418.6843591160119,104
2024-09-19 14:41:20.291000,418.7095287563948,999
2024-09-19 14:41:20.335000,418.6615612285423,10
2024-09-19 14:41:20.430000,418.75637993481286,5
2024-09-19 14:41:20.493000,418.7234801882494,1001
2024-09-19 14:41:20.493000,418.7326117514338,98
2024-09-19 14:41:20.516000,418.747190112813,7
2024-09-19 14:41:20.522000,418.71010601514166,5
2024-09-19 14:41:20.565000,418.6749552639321,100
2024-09-19 14:41:20.576000,415.387402528445,998
2024-09-19 14:41:20.578000,418.72073179259365,13
2024-09-19 14:41:20.579000,418.7065212662068,99
2024-09-19 14:41:20.592000,418.63994595858657,8
2024-09-19 14:41:20.639000,418.7407824617679,1001
2024-09-19 14:41:20.758000,418.66262561277154,9
2024-09-19 14:41:20.848000,418.7369169291724,12
2024-09-19 14:41:20.850000,418.7588465576603,5
2024-09-19 14:41:20.854000,418.6685954098242,999
2024-09-19 14:41:20.865000,418.7437905134342,12
2024-09-19 14:41:20.931000,418.6828121195423,99
2024-09-19 14:41:20.946000,418.6288426511082,105
2024-09-19 14:41:20.974000,418.7321224005058,10
2024-09-19 14:41:21.025000,418.6428165791421,11
2024-09-19 14:41:21.068000,418.6269518995446,12
2024-09-19 14:41:21.119000,418.6221021355682,101
2024-09-19 14:41:21.246000,418.625072824063,1003
2024-09-19 14:41:21.436000,418.6242085031153,997
2024-09-19 14:41:21.627000,418.6301136889111,1003
2024-09-19 14:41:21.758000,418.6332995195385,13
2024-09-19 14:41:21.772000,418.6206931145377,11
2024-09-19 14:41:21.795000,418.6291742273338,13
2024-09-19 14:41:21.987000,418.6175196588117,103
2024-09-19 14:41:22.094000,418.5910551371712,102
2024-09-19 14:41:22.173000,418.5930328572351,97
2024-09-19 14:41:22.181000,418.5749716018814,1004
2024-09-19 14:41:22.950000,418.5989226631069,997
2024-09-19 14:41:23.267000,418.5940197803431,995
2024-09-19 14:41:23.523000,418.5992140353497,8
2024-09-19 14:41:23.594000,418.6026498927213,1005
2024-09-19 14:41:23.873000,418.5853189735666,15
2024-09-19 14:41:24.077000,418.5959612571251,98
2024-09-19 14:41:24.252000,418.63404593053485,104
2024-09-19 14:41:24.326000,418.63115721801,100
2024-09-19 14:41:24.429000,418.5825083783715,1001
2024-09-19 14:41:24.455000,418.6400765959482,98
2024-09-19 14:41:24.467000,418.6161292670221,1005
2024-09-19 14:41:24.505000,418.5727254487298,99
2024-09-19 14:41:24.526000,418.626239337398,12
2024-09-19 14:41:24.584000,418.57508016219066,105
2024-09-19 14:41:24.668000,418.620454994163,1005
2024-09-19 14:41:24.670000,418.58179056396864,997
2024-09-19 14:41:24.742000,418.606440425785,101
2024-09-19 14:41:24.768000,418.6102648801624,998
2024-09-19 14:41:24.782000,418.6321279821217,95
2024-09-19 14:41:24.857000,418.5688402410643,7
2024-09-19 14:41:24.895000,418.6030381005209,100
2024-09-19 14:41:24.913000,418.6067314089029,99
2024-09-19 14:41:24.937000,418.6251919539355,8
2024-09-19 14:41:24.995000,418.61610509785856,995
2024-09-19 14:41:25.045000,418.5860513153999,997
2024-09-19 14:41:25.259000,418.5942627868664,997
2024-09-19 14:41:25.289000,418.5883307439221,1005
2024-09-19 14:41:25.509000,418.5731792636496,8
2024-09-19 14:41:25.552000,418.5860506672515,12
2024-09-19 14:41:25.576000,418.5781413909156,14
2024-09-19 14:41:25.607000,418.5799603860714,15
2024-09-19 14:41:25.707000,418.6007089987134,996
2024-09-19 14:41:25.730000,418.5819114465801,998
2024-09-19 14:41:25.768000,418.6114689966164,105
2024-09-19 14:41:25.846000,418.5746847412287,101
2024-09-19 14:41:25.887000,418.5544705310632,1001
2024-09-19 14:41:26.016000,418.53740097896826,999
2024-09-19 14:41:26.061000,418.5300817735467,99
2024-09-19 14:41:26.186000,418.5261283006011,97
2024-09-19 14:41:26.205000,418.5201262406234,13
2024-09-19 14:41:26.323000,418.5211217705482,102
2024-09-19 14:41:26.354000,418.5169547945299,998
2024-09-19 14:41:26.360000,418.5311623775037,96
2024-09-19 14:41:26.375000,418.5791355105266,1002
2024-09-19 14:41:26.381000,418.54992462351953,105
2024-09-19 14:41:26.447000,418.5209393617824,101
2024-09-19 14:41:26.489000,418.5526927443602,98
2024-09-19 14:41:26.503000,418.5641589924254,1004
2024-09-19 14:41:26.581000,418.5515089455468,998
2024-09-19 14:41:26.770000,418.59024799235857,1005
2024-09-19 14:41:26.992000,418.5569973420383,1005
2024-09-19 14:41:27.058000,418.5338786712442,6
2024-09-19 14:41:27.099000,418.61704948134746,102
2024-09-19 14:41:27.282000,418.6088173707713,8
2024-09-19 14:41:27.310000,418.61132845684506,98
2024-09-19 14:41:27.316000,418.5905827360125,5
2024-09-19 14:41:27.345000,418.61578807069264,9
2024-09-19 14:41:27.418000,418.6174454134836,100
2024-09-19 14:41:27.443000,418.58415183692046,13
2024-09-19 14:41:27.476000,418.5300373032953,95
2024-09-19 14:41:27.476000,418.5366838714826,99
2024-09-19 14:41:27.489000,418.6298853821748,1003
2024-09-19 14:41:27.519000,418.52665746799926,11
2024-09-19 14:41:27.554000,418.5271138956181,101
2024-09-19 14:41:27.634000,418.5714082159615,99
2024-09-19 14:41:27.663000,418.5901001989161,14
2024-09-19 14:41:27.677000,418.6306032703805,9
2024-09-19 14:41:27.684000,418.5114909014696,7
2024-09-19 14:41:27.865000,418.6125973723375,1004
2024-09-19 14:41:27.889000,418.557890610756,96
2024-09-19 14:41:27.892000,418.5823703115408,7
2024-09-19 14:41:27.892000,418.5004700633696,7
2024-09-19 14:41:27.922000,418.5339325082605,1001
2024-09-19 14:41:27.952000,418.5774310431548,997
2024-09-19 14:41:27.955000,418.54356081604885,8
2024-09-19 14:41:27.981000,418.5519725987984,1001
2024-09-19 14:41:28.026000,418.554305615269,103
2024-09-19 14:41:28.054000,418.5673491202342,14
2024-09-19 14:41:28.080000,418.5408950357421,1002
2024-09-19 14:41:28.121000,418.5454358435702,10
2024-09-19 14:41:28.182000,418.5374320491561,11
2024-09-19 14:41:28.220000,418.556431853708,996
2024-09-19 14:41:28.220000,418.54179436624486,1001
2024-09-19 14:41:28.309000,418.55604569688177,1005
2024-09-19 14:41:28.397000,418.56298496021526,95
2024-09-19 14:41:28.421000,418.54966642391935,15
2024-09-19 14:41:28.442000,418.5380800044027,1004
2024-09-19 14:41:28.531000,418.54412388855206,1000
2024-09-19 14:41:28.563000,418.5382136380907,99
2024-09-19 14:41:28.577000,418.56044042711727,1000
2024-09-19 14:41:28.747000,418.5641634673036,105
2024-09-19 14:41:28.768000,418.5614912262889,6
2024-09-19 14:41:28.778000,418.5596412313325,9
2024-09-19 14:41:28.823000,418.5403778365977,1001
2024-09-19 14:41:29.051000,418.51946376757286,10
2024-09-19 14:41:29.055000,418.5278338755591,999
2024-09-19 14:41:29.124000,418.5248726557939,1003
2024-09-19 14:41:29.185000,418.5238491242169,10
2024-09-19 14:41:29.271000,418.5217439828277,8
2024-09-19 14:41:29.322000,418.5265739884935,100
2024-09-19 14:41:29.364000,418.52110238960506,6
2024-09-19 14:41:29.709000,418.5377800424533,102
2024-09-19 14:41:30.039000,418.5652906228487,13
2024-09-19 14:41:30.126000,418.5464394952586,104
2024-09-19 14:41:30.141000,418.5555972260335,101
2024-09-19 14:41:30.144000,418.5698847801869,9
2024-09-19 14:41:30.215000,418.56593513710345,1002
2024-09-19 14:41:30.227000,418.5356642678477,12
2024-09-19 14:41:30.232000,418.5523790789547,11
2024-09-19 14:41:30.243000,418.5391044174372,98
2024-09-19 14:41:30.267000,418.5633847139734,1005
2024-09-19 14:41:30.288000,418.5642778895139,98
2024-09-19 14:41:30.497000,418.5260794113085,104
2024-09-19 14:41:30.603000,418.5388844122553,13
2024-09-19 14:41:30.642000,418.5780977177854,103
2024-09-19 14:41:30.667000,418.5499821066285,7
2024-09-19 14:41:30.949000,418.5475250849569,104
2024-09-19 14:41:31.040000,418.50867937827786,9
2024-09-19 14:41:31.169000,418.54652787188417,9
2024-09-19 14:41:31.283000,418.5017104551392,999
2024-09-19 14:41:31.321000,418.4892171027576,999
2024-09-19 14:41:31.348000,418.5095347666221,5
2024-09-19 14:41:31.375000,418.51310596008926,1000
2024-09-19 14:41:31.460000,418.4929830910728,12
2024-09-19 14:41:31.509000,418.49208630352297,101
2024-09-19 14:41:31.643000,418.5378207432977,997
2024-09-19 14:41:31.650000,418.5259261061012,98
2024-09-19 14:41:31.651000,418.54886319617947,1004
2024-09-19 14:41:31.728000,418.4955151149063,97
2024-09-19 14:41:31.744000,418.5181906746768,96
2024-09-19 14:41:31.851000,418.5324775680641,11
2024-09-19 14:41:31.879000,418.5239614945584,7
2024-09-19 14:41:31.882000,418.5049497096836,6
2024-09-19 14:41:31.900000,418.5324711560052,8
2024-09-19 14:41:32.789000,418.5166592577126,11
2024-09-19 14:41:32.864000,418.5284231819155,97
2024-09-19 14:41:32.956000,418.5264943189348,95
2024-09-19 14:41:33.008000,418.5335266598313,1005
2024-09-19 14:41:33.018000,418.5350945048887,1002
2024-09-19 14:41:33.029000,418.56007324305455,95
2024-09-19 14:41:33.059000,415.2499269106512,996
2024-09-19 14:41:33.086000,418.4998326033648,995
2024-09-19 14:41:33.087000,418.53216893881296,12
2024-09-19 14:41:33.158000,418.50116920848166,998
2024-09-19 14:41:33.194000,418.5176538988795,1004
2024-09-19 14:41:33.223000,418.497439127489,7
2024-09-19 14:41:33.241000,418.49053712059657,98
2024-09-19 14:41:33.328000,418.52994912046734,102
2024-09-19 14:41:33.340000,418.5300774748977,97
2024-09-19 14:41:33.409000,418.4845827121689,999
2024-09-19 14:41:33.412000,418.4946012012836,6
2024-09-19 14:41:33.490000,418.49492357387663,100
2024-09-19 14:41:33.553000,418.5200334407342,999
2024-09-19 14:41:33.561000,418.5025694670475,8
2024-09-19 14:41:33.568000,418.4992968955557,101
2024-09-19 14:41:33.641000,418.4960985284273,1004
2024-09-19 14:41:33.727000,418.5593992472512,15
2024-09-19 14:41:33.732000,418.5242881074259,6
2024-09-19 14:41:33.738000,418.5068001753942,999
2024-09-19 14:41:33.835000,418.5133518128992,5
2024-09-19 14:41:33.891000,418.49203600292304,98
2024-09-19 14:41:33.962000,418.53170103791007,1000
2024-09-19 14:41:33.983000,418.5439784137881,101
2024-09-19 14:41:34.105000,418.5897426160737,996
2024-09-19 14:41:34.117000,418.558287583141,6
2024-09-19 14:41:34.162000,418.5573608514936,97
2024-09-19 14:41:34.171000,415.2742941958152,13
2024-09-19 14:41:34.250000,418.5910762521026,12
2024-09-19 14:41:34.472000,418.57934048242697,105
2024-09-19 14:41:34.482000,418.5321665971092,7
2024-09-19 14:41:34.486000,418.57526809381847,99
2024-09-19 14:41:34.561000,418.5722628009651,999
2024-09-19 14:41:34.615000,418.551220771548,96
2024-09-19 14:41:34.680000,418.5849315692498,7
2024-09-19 14:41:34.715000,418.5415262943149,7
2024-09-19 14:41:34.731000,418.5494372541913,105
2024-09-19 14:41:34.785000,418.5738109789068,99
2024-09-19 14:41:34.969000,418.5635392014721,15
2024-09-19 14:41:35.015000,418.6124650289216,998
2024-09-19 14:41:35.085000,418.6418542061792,7
2024-09-19 14:41:35.105000,418.5944548808305,105
2024-09-19 14:41:35.130000,418.5948407489226,99
2024-09-19 14:41:35.513000,418.5777167616103,999
2024-09-19 14:41:35.585000,418.5679293171282,15
2024-09-19 14:41:35.592000,418.625183830807,11
2024-09-19 14:41:35.716000,418.5828409125437,95
2024-09-19 14:41:36.006000,418.57430677052594,10
2024-09-19 14:41:36.028000,415.28852368304246,95
2024-09-19 14:41:36.130000,418.58806605500746,998
2024-09-19 14:41:36.132000,418.5667103822489,12
2024-09-19 14:41:36.167000,418.62399015438456,999
2024-09-19 14:41:36.271000,418.58543522505096,97
2024-09-19 14:41:36.354000,418.5920077746088,995
2024-09-19 14:41:36.418000,418.59404104109785,999
2024-09-19 14:41:36.436000,418.5939264123999,96
2024-09-19 14:41:36.476000,418.57706992676384,1001
2024-09-19 14:41:36.497000,418.5997111871178,1003
2024-09-19 14:41:36.613000,418.5789567951377,95
2024-09-19 14:41:36.657000,418.5853168798912,97
2024-09-19 14:41:36.698000,418.63308189255577,996
2024-09-19 14:41:36.861000,418.5768480524212,1000
2024-09-19 14:41:36.876000,418.5731342407069,1005
2024-09-19 14:41:37.028000,418.4987576462333,105
2024-09-19 14:41:37.045000,418.53122048425337,998
2024-09-19 14:41:37.088000,418.5388817195367,105
2024-09-19 14:41:37.109000,418.4705149238216,101
2024-09-19 14:41:37.211000,418.55685933336855,1001
2024-09-19 14:41:37.220000,418.5469729416693,9
2024-09-19 14:41:37.366000,418.57653633294507,998
2024-09-19 14:41:37.377000,418.5686214350513,1004
2024-09-19 14:41:37.387000,418.5156727449205,103
2024-09-19 14:41:37.458000,418.51441824909534,1000
2024-09-19 14:41:37.482000,418.5682697699806,5
2024-09-19 14:41:37.524000,418.4988362412773,102
2024-09-19 14:41:37.530000,418.4801631314624,11
2024-09-19 14:41:37.552000,418.5317208791616,99
2024-09-19 14:41:37.554000,418.50068485705583,998
2024-09-19 14:41:37.588000,418.5671432301129,103
2024-09-19 14:41:37.590000,418.5035766991473,1003
2024-09-19 14:41:37.616000,418.5635810596811,13
2024-09-19 14:41:37.667000,418.5571794052437,6
2024-09-19 14:41:37.696000,418.5342425333192,14
2024-09-19 14:41:37.777000,418.4940763199991,13
2024-09-19 14:41:37.837000,418.4835753857757,998
2024-09-19 14:41:37.968000,418.50430994515335,6
2024-09-19 14:41:37.974000,418.5148384725821,1003
2024-09-19 14:41:38.032000,418.4770686112034,103
2024-09-19 14:41:38.047000,418.4794117338533,8
2024-09-19 14:41:38.092000,418.47377312911823,95
2024-09-19 14:41:38.113000,418.5081311323367,999
2024-09-19 14:41:38.229000,418.4571526984291,96
2024-09-19 14:41:38.252000,418.5542469967211,100
2024-09-19 14:41:38.287000,418.4458923074006,8
2024-09-19 14:41:38.287000,418.5518475685939,96
2024-09-19 14:41:38.294000,418.48973560427066,7
2024-09-19 14:41:38.355000,418.46830403952686,5
2024-09-19 14:41:38.358000,418.4629915215913,103
2024-09-19 14:41:38.391000,418.5329193786615,996
2024-09-19 14:41:38.396000,418.5679583128634,1003
2024-09-19 14:41:38.440000,418.46392318839895,12
2024-09-19 14:41:38.471000,418.4757145756576,998
2024-09-19 14:41:38.638000,418.44334744516914,100
2024-09-19 14:41:38.653000,418.45970292434544,12
2024-09-19 14:41:38.681000,418.4775231927171,11
2024-09-19 14:41:38.685000,418.46902125227246,8
2024-09-19 14:41:38.747000,418.47291530180473,11
2024-09-19 14:41:38.817000,418.4942911409833,15
2024-09-19 14:41:38.922000,418.5211643706549,11
2024-09-19 14:41:39.013000,418.4812105979007,1003
2024-09-19 14:41:39.443000,418.497543974234,10
2024-09-19 14:41:39.664000,418.4785560545504,997
2024-09-19 14:41:39.801000,418.482898638326,1005
2024-09-19 14:41:39.867000,418.467588347708,995
2024-09-19 14:41:40.039000,418.4438098830655,95
2024-09-19 14:41:40.057000,418.450933982592,15
2024-09-19 14:41:40.178000,418.4519644079594,1005
2024-09-19 14:41:40.681000,418.4458284647255,1000
2024-09-19 14:41:40.695000,418.4651972751984,99
2024-09-19 14:41:40.741000,418.4537853987563,995
2024-09-19 14:41:40.855000,418.4511224979497,997
2024-09-19 14:41:42.035000,418.5003884400689,10
2024-09-19 14:41:42.193000,418.48194540748574,997
2024-09-19 14:41:42.299000,418.50849486882447,97
2024-09-19 14:41:42.344000,418.51691840212766,96
2024-09-19 14:41:42.381000,418.5334342302091,105
2024-09-19 14:41:42.513000,418.5172762173876,6
2024-09-19 14:41:42.575000,418.4996277168432,95
2024-09-19 14:41:42.615000,418.5361111219826,6
2024-09-19 14:41:42.662000,418.5181629600225,9
2024-09-19 14:41:42.735000,418.52502685488327,13
2024-09-19 14:41:42.851000,418.5209254538305,95
2024-09-19 14:41:42.875000,418.47949617514047,996
2024-09-19 14:41:43.011000,418.5238707273098,8
2024-09-19 14:41:43.260000,418.50669594613566,103
2024-09-19 14:41:43.990000,418.5109674604364,98
2024-09-19 14:41:44.144000,418.5636092586573,1001
2024-09-19 14:41:44.308000,418.5745453467696,99
2024-09-19 14:41:44.323000,418.5628944106217,95
2024-09-19 14:41:44.329000,418.55454323589606,104
2024-09-19 14:41:44.607000,418.5512973534626,8
2024-09-19 14:41:44.747000,415.32614238650535,99
2024-09-19 14:41:44.750000,418.51951945649193,100
2024-09-19 14:41:44.765000,418.5440473463861,15
2024-09-19 14:41:44.810000,418.53521438639183,105
2024-09-19 14:41:44.866000,418.5554575738676,5
2024-09-19 14:41:45.011000,418.5650164941467,1004
2024-09-19 14:41:45.038000,418.5075207786894,11
2024-09-19 14:41:45.084000,418.5770197091652,101
2024-09-19 14:41:45.102000,418.56255161703535,99
2024-09-19 14:41:45.119000,418.57247190542967,99
2024-09-19 14:41:45.139000,418.5221316835002,10
2024-09-19 14:41:45.167000,418.5695555162361,7
2024-09-19 14:41:45.191000,418.5048080955331,97
2024-09-19 14:41:45.312000,418.61560611736354,7
2024-09-19 14:41:45.436000,418.5623283700433,15
2024-09-19 14:41:45.532000,418.5570875292219,5
2024-09-19 14:41:45.567000,418.53442639454346,1002
2024-09-19 14:41:45.623000,418.5603816977367,104
2024-09-19 14:41:45.658000,418.5401139602797,5
2024-09-19 14:41:45.666000,418.5014766785079,1005
2024-09-19 14:41:45.681000,418.5884384562108,1000
2024-09-19 14:41:45.694000,418.5649845531016,1005
2024-09-19 14:41:45.745000,418.56397870287526,13
2024-09-19 14:41:45.833000,418.5088788929602,996
2024-09-19 14:41:45.873000,418.5822769613516,6
2024-09-19 14:41:45.911000,418.5635462699655,7
2024-09-19 14:41:45.965000,418.586827453021,96
2024-09-19 14:41:45.983000,418.5986684236536,101
2024-09-19 14:41:45.983000,418.52681219447646,1000
2024-09-19 14:41:45.987000,418.5629055095754,997
2024-09-19 14:41:46.046000,418.5940284643797,11
2024-09-19 14:41:46.072000,418.5984903813336,96
2024-09-19 14:41:46.305000,418.6515603782408,11
2024-09-19 14:41:46.329000,418.5898828362439,15
2024-09-19 14:41:46.331000,418.58093199321496,10
2024-09-19 14:41:46.420000,418.674000408439,12
2024-09-19 14:41:46.475000,418.59469876926056,1005
2024-09-19 14:41:46.487000,418.591500314245,1000
2024-09-19 14:41:46.507000,418.6017454137133,15
2024-09-19 14:41:46.528000,418.5842204219301,102
2024-09-19 14:41:46.625000,418.6347747318668,104
2024-09-19 14:41:46.782000,418.5954850482782,995
2024-09-19 14:41:46.806000,418.5633909564403,11
2024-09-19 14:41:46.839000,418.5821432318668,999
2024-09-19 14:41:46.934000,418.6603377128065,7
2024-09-19 14:41:47.084000,418.67317434932056,1004
2024-09-19 14:41:47.504000,418.6580708528337,103
2024-09-19 14:41:47.555000,418.67853999588266,96
2024-09-19 14:41:48.155000,418.6658397666585,15
2024-09-19 14:41:49.030000,415.2302679600372,95
2024-09-19 14:41:49.423000,418.65003223567993,11
2024-09-19 14:41:50.002000,418.69487883432873,995
2024-09-19 14:41:50.150000,418.7160424649193,8
2024-09-19 14:41:50.181000,418.7162678885154,13
2024-09-19 14:41:50.301000,418.71216007313296,15
2024-09-19 14:41:50.336000,418.7340816210285,12
2024-09-19 14:41:50.434000,418.7239480635935,8
2024-09-19 14:41:50.554000,418.70894691442913,101
2024-09-19 14:41:50.653000,418.72619591518617,99
2024-09-19 14:41:50.794000,418.6628911895139,99
2024-09-19 14:41:50.843000,418.70739048887,100
2024-09-19 14:41:50.973000,418.6670735719176,1001
2024-09-19 14:41:50.990000,418.72318713868657,8
2024-09-19 14:41:51.035000,418.7273022323981,15
2024-09-19 14:41:51.119000,418.75632386090433,97
2024-09-19 14:41:51.457000,418.7475994643671,1003
2024-09-19 14:41:51.467000,418.7446707217933,11
2024-09-19 14:41:51.532000,418.7312435602927,997
2024-09-19 14:41:51.635000,418.7415196035437,1005
2024-09-19 14:41:51.726000,418.7495238668161,8
2024-09-19 14:41:51.740000,418.7470347830322,1002
2024-09-19 14:41:51.922000,418.7427238592871,11
2024-09-19 14:41:52.036000,418.70887994716287,102
2024-09-19 14:41:52.217000,415.2192566650803,1005
2024-09-19 14:41:52.227000,418.6871411702516,99
2024-09-19 14:41:52.265000,418.7425026146762,1003
2024-09-19 14:41:52.372000,418.7121470786079,999
2024-09-19 14:41:52.426000,418.6720887226491,104
2024-09-19 14:41:52.466000,418.6680993173189,1002
2024-09-19 14:41:52.814000,418.68801911006,15
2024-09-19 14:41:52.874000,418.7281114641189,97
2024-09-19 14:41:53.025000,418.729695371367,1000
2024-09-19 14:41:53.031000,418.69537448262696,8
2024-09-19 14:41:53.037000,418.7147888086605,10
2024-09-19 14:41:53.113000,418.7308454649493,7
2024-09-19 14:41:53.123000,418.70399904357726,101
2024-09-19 14:41:53.136000,418.7147540574527,105
2024-09-19 14:41:53.187000,418.71029878477367,97
2024-09-19 14:41:53.201000,418.6892260559186,97
2024-09-19 14:41:53.233000,418.7005780436521,11
2024-09-19 14:41:53.258000,418.7281806767586,99
2024-09-19 14:41:53.328000,418.6892325542733,1000
2024-09-19 14:41:53.350000,418.716029898678,5
2024-09-19 14:41:53.354000,418.70765978006494,996
2024-09-19 14:41:53.398000,418.744223529643,999
2024-09-19 14:41:53.481000,418.7261697105546,1000
2024-09-19 14:41:53.528000,418.7358286874746,999
2024-09-19 14:41:53.636000,418.7261179677892,100
2024-09-19 14:41:53.790000,418.72272003880494,103
2024-09-19 14:41:53.809000,418.72769529400034,997
2024-09-19 14:41:53.818000,418.7035589249078,996
2024-09-19 14:41:53.822000,418.7247976962143,6
2024-09-19 14:41:53.895000,418.697059323844,1005
2024-09-19 14:41:53.918000,418.71350722864,998
2024-09-19 14:41:53.957000,418.7291010440028,8
2024-09-19 14:41:54.037000,418.7167510425353,1000
2024-09-19 14:41:54.770000,418.7213910510327,99
2024-09-19 14:41:54.787000,418.7061301922958,997
2024-09-19 14:41:54.850000,418.70023279280326,102
2024-09-19 14:41:54.992000,418.6913098554538,9
2024-09-19 14:41:55.097000,418.6751967222538,9
2024-09-19 14:41:55.104000,418.6946947114981,11
2024-09-19 14:41:55.352000,418.6936755028863,99
2024-09-19 14:41:55.490000,418.68125245267584,100
2024-09-19 14:41:55.693000,418.6993175999759,104
2024-09-19 14:41:55.924000,418.7013326730344,98
2024-09-19 14:41:56.036000,418.6667095862593,12
2024-09-19 14:41:56.068000,418.67987266895534,13
2024-09-19 14:41:56.126000,418.666563742959,998
2024-09-19 14:41:56.133000,418.63752478155976,1005
2024-09-19 14:41:56.135000,418.64737789851335,104
2024-09-19 14:41:56.155000,418.656164387897,12
2024-09-19 14:41:56.331000,418.6620004897673,10
2024-09-19 14:41:56.383000,418.6699805445743,12
2024-09-19 14:41:56.418000,418.63981541612,103
2024-09-19 14:41:56.452000,418.6436626582365,101
2024-09-19 14:41:56.500000,418.6518628713045,97
2024-09-19 14:41:56.568000,418.6950768958382,100
2024-09-19 14:41:56.575000,418.6435023053352,999
2024-09-19 14:41:56.635000,418.6434286374175,11
2024-09-19 14:41:56.726000,418.6940629533396,103
2024-09-19 14:41:56.737000,418.65785325741183,102
2024-09-19 14:41:56.744000,418.62852970305966,99
2024-09-19 14:41:56.805000,418.6562346103101,14
2024-09-19 14:41:56.817000,418.67842588063286,1001
2024-09-19 14:41:56.853000,418.68041460259263,1002
2024-09-19 14:41:56.861000,418.6820981485584,1001
2024-09-19 14:41:56.870000,418.6434574657653,995
2024-09-19 14:41:56.882000,418.6862246059278,1004
2024-09-19 14:41:56.891000,418.6613053279471,14
2024-09-19 14:41:56.976000,418.6836133940787,95
2024-09-19 14:41:56.980000,418.6702637237327,99
2024-09-19 14:41:57.017000,418.6512985584354,7
2024-09-19 14:41:57.050000,418.6303812390725,95
2024-09-19 14:41:57.064000,418.6399859195839,996
2024-09-19 14:41:57.068000,418.6353713884244,7
2024-09-19 14:41:57.119000,418.647580934951,99
2024-09-19 14:41:57.139000,418.65040316869306,10
2024-09-19 14:41:57.190000,418.653586502317,104
2024-09-19 14:41:57.196000,418.6230039170677,15
2024-09-19 14:41:57.230000,418.6382547565415,6
2024-09-19 14:41:57.237000,418.6414998175754,11
2024-09-19 14:41:57.244000,418.661152274321,9
2024-09-19 14:41:57.259000,418.6247667509442,1001
2024-09-19 14:41:57.494000,418.6290224653432,9
2024-09-19 14:41:57.529000,418.6547906808205,8
2024-09-19 14:41:57.559000,418.6495604337253,14
2024-09-19 14:41:57.612000,418.6442837326019,100
2024-09-19 14:41:57.612000,418.64539114077377,12
2024-09-19 14:41:57.673000,418.618134518034,96
2024-09-19 14:41:57.707000,418.6603841329976,1005
2024-09-19 14:41:57.773000,418.66676593564927,995
2024-09-19 14:41:57.790000,418.6372674253295,101
2024-09-19 14:41:57.917000,418.641262787186,10
2024-09-19 14:41:57.933000,418.6553238723919,96
2024-09-19 14:41:57.953000,418.6539517609263,102
2024-09-19 14:41:57.954000,418.6459628253353,13
2024-09-19 14:41:57.973000,418.6107709572823,997
2024-09-19 14:41:58.005000,418.5947874700894,1000
2024-09-19 14:41:58.023000,418.62827877014206,15
2024-09-19 14:41:58.078000,418.6196056112513,95
2024-09-19 14:41:58.110000,418.6175997031322,95
2024-09-19 14:41:58.220000,418.6323748877864,15
2024-09-19 14:41:58.304000,418.6074885559836,1003
2024-09-19 14:41:58.317000,418.5836420549946,12
2024-09-19 14:41:58.459000,418.6053902625343,12
2024-09-19 14:41:58.668000,418.63393434834177,96
2024-09-19 14:41:58.691000,418.62681600727376,5
2024-09-19 14:41:58.817000,418.6121214395444,95
2024-09-19 14:41:58.903000,418.6107096048007,105
2024-09-19 14:41:58.912000,418.644723932188,7
2024-09-19 14:41:59.035000,418.6264558873229,104
2024-09-19 14:41:59.225000,418.6287506454239,1003
2024-09-19 14:41:59.228000,418.6351251282577,995
2024-09-19 14:41:59.348000,418.6399254611958,995
2024-09-19 14:41:59.398000,418.60363783342126,13
2024-09-19 14:41:59.530000,418.6198263821139,97
2024-09-19 14:41:59.567000,418.6007077090344,105
2024-09-19 14:41:59.591000,418.5933555862872,1005
2024-09-19 14:41:59.603000,418.615227985538,11
2024-09-19 14:41:59.725000,418.5841061807625,997
2024-09-19 14:41:59.739000,418.62299088546587,104
2024-09-19 14:41:59.804000,418.6050176847917,1001
2024-09-19 14:41:59.809000,418.62069045343935,1000
2024-09-19 14:41:59.823000,418.63450450571935,102
2024-09-19 14:41:59.847000,414.9634038919369,15
2024-09-19 14:41:59.857000,418.63185577801306,1001
2024-09-19 14:41:59.905000,418.64124815205327,7
2024-09-19 14:41:59.915000,418.6097784744647,1005
2024-09-19 14:41:59.969000,418.64283927770407,10
