Timestamp,Price,Size
2024-09-16 12:22:00.023000,416.6143755924632,6
2024-09-16 12:22:00.187000,416.6532811247739,100
2024-09-16 12:22:00.265000,416.618645050463,1003
2024-09-16 12:22:00.317000,416.611195394948,97
2024-09-16 12:22:00.402000,416.6364507501608,8
2024-09-16 12:22:00.462000,416.65025825533,995
2024-09-16 12:22:00.561000,416.60619154418646,14
2024-09-16 12:22:00.617000,416.6325065930964,9
2024-09-16 12:22:00.713000,416.5975817282303,999
2024-09-16 12:22:00.720000,416.6321654811241,1003
2024-09-16 12:22:00.903000,416.6566253207217,105
2024-09-16 12:22:00.981000,416.6506741268241,1002
2024-09-16 12:22:01.016000,416.7130033186616,98
2024-09-16 12:22:01.104000,416.6854697973486,96
2024-09-16 12:22:01.114000,416.666711039588,102
2024-09-16 12:22:01.212000,416.65465744917657,1004
2024-09-16 12:22:01.363000,416.6897799635632,95
2024-09-16 12:22:01.429000,416.6636978974432,5
2024-09-16 12:22:01.450000,416.6930998933063,999
2024-09-16 12:22:01.463000,416.7067620683408,14
2024-09-16 12:22:01.493000,416.7074053701651,96
2024-09-16 12:22:01.545000,416.7046608920954,995
2024-09-16 12:22:01.650000,416.6563885775996,7
2024-09-16 12:22:01.688000,416.6871297672377,1000
2024-09-16 12:22:01.702000,416.6818406218646,104
2024-09-16 12:22:01.719000,416.70432755912,101
2024-09-16 12:22:01.769000,416.6931948608339,5
2024-09-16 12:22:01.810000,416.7144321293956,1001
2024-09-16 12:22:01.825000,416.6442552790934,101
2024-09-16 12:22:01.872000,416.6967745840564,10
2024-09-16 12:22:01.908000,416.6600560683307,95
2024-09-16 12:22:01.930000,416.68867214167807,10
2024-09-16 12:22:01.989000,416.7056650887173,101
2024-09-16 12:22:02.021000,416.7021877245049,1003
2024-09-16 12:22:02.061000,416.684235637268,998
2024-09-16 12:22:02.087000,416.6352373962528,97
2024-09-16 12:22:02.169000,416.6666094397027,95
2024-09-16 12:22:02.183000,416.6578149399412,103
2024-09-16 12:22:02.350000,416.6466719191884,1002
2024-09-16 12:22:02.407000,416.6970446691772,100
2024-09-16 12:22:02.409000,416.6923958277266,102
2024-09-16 12:22:02.413000,416.7311755116321,99
2024-09-16 12:22:02.448000,416.7022834423073,6
2024-09-16 12:22:02.652000,416.7211487908481,96
2024-09-16 12:22:02.655000,416.6804399213693,997
2024-09-16 12:22:02.677000,416.69179334489326,14
2024-09-16 12:22:02.859000,416.69063115703807,1004
2024-09-16 12:22:02.874000,416.72017176054703,997
2024-09-16 12:22:02.927000,416.6998428307769,1001
2024-09-16 12:22:02.954000,416.6937027200076,1004
2024-09-16 12:22:02.994000,416.6922291770404,95
2024-09-16 12:22:03,416.7013462828991,13
2024-09-16 12:22:03.059000,416.6858020581668,99
2024-09-16 12:22:03.096000,416.688045973786,105
2024-09-16 12:22:03.241000,416.7092600002202,10
2024-09-16 12:22:03.354000,416.7185637225006,7
2024-09-16 12:22:03.435000,416.7127057957456,6
2024-09-16 12:22:03.488000,416.71409580402985,96
2024-09-16 12:22:03.497000,416.6660036968933,10
2024-09-16 12:22:03.575000,416.7118574477054,15
2024-09-16 12:22:03.654000,416.6907828171276,6
2024-09-16 12:22:03.762000,416.7028592722156,996
2024-09-16 12:22:03.764000,416.7177785609625,1001
2024-09-16 12:22:03.885000,416.6963727429655,1004
2024-09-16 12:22:03.916000,416.6842788840678,104
2024-09-16 12:22:03.931000,416.7084727793641,1005
2024-09-16 12:22:03.944000,416.72647752024034,14
2024-09-16 12:22:03.951000,416.7159589156896,997
2024-09-16 12:22:03.983000,416.6960470007508,1004
2024-09-16 12:22:04.121000,416.64488630639903,5
2024-09-16 12:22:04.140000,416.59496222284565,14
2024-09-16 12:22:04.319000,416.5475215309106,995
2024-09-16 12:22:04.383000,416.55221772201,15
2024-09-16 12:22:04.400000,416.5325079869992,6
2024-09-16 12:22:04.452000,416.537461871132,1005
2024-09-16 12:22:04.654000,416.6259796431607,6
2024-09-16 12:22:04.689000,416.5917574489437,12
2024-09-16 12:22:04.798000,416.5570735384202,97
2024-09-16 12:22:04.846000,416.637648404214,998
2024-09-16 12:22:04.896000,416.5357585715933,11
2024-09-16 12:22:05.089000,416.524311308792,102
2024-09-16 12:22:05.224000,416.5371894804867,1001
2024-09-16 12:22:05.364000,416.5277303130581,9
2024-09-16 12:22:05.551000,416.54518605932935,1005
2024-09-16 12:22:05.590000,416.5445428365624,98
2024-09-16 12:22:05.599000,416.5241472228114,103
2024-09-16 12:22:05.619000,416.52972848116514,6
2024-09-16 12:22:05.689000,416.5489219657241,98
2024-09-16 12:22:05.920000,416.55775492102265,100
2024-09-16 12:22:05.935000,416.5428476576875,13
2024-09-16 12:22:05.966000,416.5542572647072,96
2024-09-16 12:22:05.995000,416.5347808335194,6
2024-09-16 12:22:06.893000,416.527637437544,6
2024-09-16 12:22:07.049000,416.5147897888067,6
2024-09-16 12:22:07.068000,416.4895851104092,99
2024-09-16 12:22:07.072000,416.50791120538855,13
2024-09-16 12:22:07.103000,416.52177478662776,101
2024-09-16 12:22:07.109000,416.5001327741622,5
2024-09-16 12:22:07.119000,416.5097748066608,102
2024-09-16 12:22:07.220000,416.5370572794866,1000
2024-09-16 12:22:07.241000,416.5366964423741,1000
2024-09-16 12:22:07.246000,416.5155851782766,9
2024-09-16 12:22:07.266000,416.5390163204533,1003
2024-09-16 12:22:07.373000,416.5421202853206,101
2024-09-16 12:22:07.373000,416.5075155490465,99
2024-09-16 12:22:07.473000,416.51151597550006,1000
2024-09-16 12:22:07.482000,416.543018628082,1004
2024-09-16 12:22:07.522000,416.5090653117754,96
2024-09-16 12:22:07.526000,416.5184244511899,103
2024-09-16 12:22:07.725000,416.5187474277336,102
2024-09-16 12:22:07.794000,416.54101462563335,995
2024-09-16 12:22:07.805000,416.5189774293339,104
2024-09-16 12:22:07.889000,416.53963825555513,1004
2024-09-16 12:22:08.025000,416.463689311063,12
2024-09-16 12:22:08.102000,416.5082179194299,101
2024-09-16 12:22:08.115000,416.41202563384616,1000
2024-09-16 12:22:08.136000,416.46503519943616,101
2024-09-16 12:22:08.160000,416.4640316263394,8
2024-09-16 12:22:08.179000,416.4658147742738,8
2024-09-16 12:22:08.203000,416.4431898622035,14
2024-09-16 12:22:08.282000,416.4961779060873,9
2024-09-16 12:22:08.335000,416.3857584642246,1003
2024-09-16 12:22:08.377000,416.4433953180512,999
2024-09-16 12:22:08.455000,416.4104272600927,99
2024-09-16 12:22:08.460000,416.4883571636788,101
2024-09-16 12:22:08.473000,416.4228415541052,15
2024-09-16 12:22:08.527000,416.4184968312456,95
2024-09-16 12:22:08.528000,416.4741911012365,7
2024-09-16 12:22:08.540000,416.4691348603739,8
2024-09-16 12:22:08.601000,416.4547175182875,995
2024-09-16 12:22:08.608000,416.41999672632016,10
2024-09-16 12:22:08.661000,416.41770196197126,995
2024-09-16 12:22:08.671000,416.4724100879281,997
2024-09-16 12:22:08.755000,416.4370246133539,14
2024-09-16 12:22:08.926000,416.4397340445652,10
2024-09-16 12:22:08.964000,416.5008555576845,97
2024-09-16 12:22:09.023000,416.3553560927619,15
2024-09-16 12:22:09.029000,416.3753413363286,98
2024-09-16 12:22:09.046000,416.3530869180501,15
2024-09-16 12:22:09.065000,416.35556147121713,999
2024-09-16 12:22:09.077000,416.36429121305343,14
2024-09-16 12:22:09.143000,416.3544141765134,1002
2024-09-16 12:22:09.234000,416.3682655652616,1000
2024-09-16 12:22:09.239000,416.3464357603772,1004
2024-09-16 12:22:09.250000,416.3801160004101,15
2024-09-16 12:22:09.270000,416.3625026460212,12
2024-09-16 12:22:09.356000,416.3325150204776,1004
2024-09-16 12:22:09.470000,416.3437758833018,96
2024-09-16 12:22:09.513000,416.3656886438185,105
2024-09-16 12:22:09.572000,416.3645394693533,7
2024-09-16 12:22:09.623000,416.3185838831291,1000
2024-09-16 12:22:09.737000,416.3565847071691,996
2024-09-16 12:22:09.778000,416.3782915898285,15
2024-09-16 12:22:09.877000,416.3627708857367,8
2024-09-16 12:22:09.905000,416.3186271157848,996
2024-09-16 12:22:09.925000,416.365463460658,9
2024-09-16 12:22:09.943000,416.3822215474532,12
2024-09-16 12:22:10.127000,416.2472610702313,102
2024-09-16 12:22:10.165000,416.3034772392556,1004
2024-09-16 12:22:10.303000,416.3039867330676,105
2024-09-16 12:22:10.313000,416.2026703666397,98
2024-09-16 12:22:10.341000,416.2439304065943,104
2024-09-16 12:22:10.356000,416.2386590378407,100
2024-09-16 12:22:10.392000,416.24400769736144,996
2024-09-16 12:22:10.434000,416.2931361465341,13
2024-09-16 12:22:10.529000,416.2590002910137,12
2024-09-16 12:22:10.567000,416.2478840570309,15
2024-09-16 12:22:10.724000,416.29307409168985,100
2024-09-16 12:22:10.794000,416.2469091387328,99
2024-09-16 12:22:10.878000,416.2143256108192,100
2024-09-16 12:22:10.901000,416.3093649188861,103
2024-09-16 12:22:11.011000,416.2187261445696,1005
2024-09-16 12:22:11.131000,416.26718172098725,103
2024-09-16 12:22:11.141000,416.25911736611897,102
2024-09-16 12:22:11.158000,416.2755031958445,1004
2024-09-16 12:22:11.225000,416.3077224750714,7
2024-09-16 12:22:11.338000,416.23849973384125,11
2024-09-16 12:22:11.410000,416.2584756924255,104
2024-09-16 12:22:11.463000,416.2800536918389,997
2024-09-16 12:22:11.486000,416.2991459702878,101
2024-09-16 12:22:11.634000,416.22310578562383,101
2024-09-16 12:22:11.676000,416.2358823746066,5
2024-09-16 12:22:11.764000,416.2309850034398,995
2024-09-16 12:22:11.782000,416.2663341777522,999
2024-09-16 12:22:11.836000,416.27463237928686,5
2024-09-16 12:22:11.862000,416.2418721846904,14
2024-09-16 12:22:11.865000,416.2293347123136,13
2024-09-16 12:22:11.896000,416.2908119810184,9
2024-09-16 12:22:11.905000,416.2407650833407,1005
2024-09-16 12:22:11.908000,416.2485234790264,96
2024-09-16 12:22:11.923000,416.2699328619683,95
2024-09-16 12:22:11.927000,416.23342351760925,15
2024-09-16 12:22:11.982000,416.2780437731653,104
2024-09-16 12:22:12.027000,416.3238365296367,5
2024-09-16 12:22:12.047000,416.31331035800247,96
2024-09-16 12:22:12.572000,416.293992156527,997
2024-09-16 12:22:12.751000,416.3078524233508,997
2024-09-16 12:22:12.881000,416.3026668481627,101
2024-09-16 12:22:13.002000,416.3444111515431,1001
2024-09-16 12:22:13.024000,416.32710089660384,9
2024-09-16 12:22:13.047000,416.3398533024263,1002
2024-09-16 12:22:13.096000,416.3540334656102,6
2024-09-16 12:22:13.194000,416.2999132667029,96
2024-09-16 12:22:13.207000,416.3468507482861,8
2024-09-16 12:22:13.212000,416.3591523470168,104
2024-09-16 12:22:13.236000,416.3289115345043,105
2024-09-16 12:22:13.286000,416.3484495210973,7
2024-09-16 12:22:13.300000,416.32476607173,1004
2024-09-16 12:22:13.337000,416.31554439893983,8
2024-09-16 12:22:13.522000,416.3813542459448,997
2024-09-16 12:22:13.531000,416.3257683812501,96
2024-09-16 12:22:13.640000,416.3479119504394,13
2024-09-16 12:22:13.754000,416.33665166364494,101
2024-09-16 12:22:13.836000,416.28673379448514,10
2024-09-16 12:22:13.854000,416.369201514931,1003
2024-09-16 12:22:13.963000,416.3729711954843,1003
2024-09-16 12:22:14.003000,416.3251332729935,998
2024-09-16 12:22:14.040000,416.3692243599817,1002
2024-09-16 12:22:14.063000,416.3569681235459,103
2024-09-16 12:22:14.110000,416.36913940553,102
2024-09-16 12:22:14.130000,416.34106922052473,103
2024-09-16 12:22:14.132000,416.3562862892036,999
2024-09-16 12:22:14.255000,416.3696684119446,10
2024-09-16 12:22:14.258000,416.34606079733305,100
2024-09-16 12:22:14.363000,416.3577509666483,15
2024-09-16 12:22:14.524000,416.3815550688008,997
2024-09-16 12:22:14.669000,416.353624793361,105
2024-09-16 12:22:14.678000,416.3998884853616,96
2024-09-16 12:22:14.689000,416.3667505167432,998
2024-09-16 12:22:14.705000,416.4008546869417,1005
2024-09-16 12:22:14.706000,416.3672145472112,12
2024-09-16 12:22:14.881000,416.3308473012031,100
2024-09-16 12:22:14.930000,416.3422580904595,997
2024-09-16 12:22:14.989000,416.362663832779,5
2024-09-16 12:22:15.063000,416.390870657611,98
2024-09-16 12:22:15.186000,416.3843254620068,105
2024-09-16 12:22:15.194000,416.3719808689608,99
2024-09-16 12:22:15.262000,416.3756588375801,10
2024-09-16 12:22:15.304000,416.3882444301452,9
2024-09-16 12:22:15.419000,416.39095085367205,9
2024-09-16 12:22:15.482000,416.3942428438331,97
2024-09-16 12:22:15.534000,416.391204107718,13
2024-09-16 12:22:15.582000,416.3923279247723,11
2024-09-16 12:22:15.613000,416.37584307579823,105
2024-09-16 12:22:15.639000,416.4106268769513,1000
2024-09-16 12:22:15.924000,416.4084652863195,104
2024-09-16 12:22:16.077000,416.4632164003974,9
2024-09-16 12:22:16.145000,416.4037650662903,6
2024-09-16 12:22:16.171000,416.3807992988791,1004
2024-09-16 12:22:16.225000,416.4094908534244,12
2024-09-16 12:22:16.232000,416.4014600341192,104
2024-09-16 12:22:16.307000,416.4634106745054,13
2024-09-16 12:22:16.311000,416.4356339800663,998
2024-09-16 12:22:16.457000,416.392955476457,998
2024-09-16 12:22:16.521000,416.4389400570117,6
2024-09-16 12:22:16.581000,416.49506963556144,997
2024-09-16 12:22:16.668000,416.4629480801292,1000
2024-09-16 12:22:16.754000,416.475425986716,996
2024-09-16 12:22:16.797000,416.4011433297753,1000
2024-09-16 12:22:16.836000,416.49230366183207,995
2024-09-16 12:22:16.840000,416.3971535642564,6
2024-09-16 12:22:16.991000,416.4346629574201,1000
2024-09-16 12:22:17.004000,416.5295714877498,6
2024-09-16 12:22:17.034000,416.5356172921668,9
2024-09-16 12:22:17.043000,416.4882925024159,15
2024-09-16 12:22:17.064000,416.4730347323368,1004
2024-09-16 12:22:17.118000,416.5109303450783,99
2024-09-16 12:22:17.410000,416.4680621773224,10
2024-09-16 12:22:17.428000,416.4902752985619,11
2024-09-16 12:22:17.467000,416.5011115919654,6
2024-09-16 12:22:17.509000,416.4729561081284,99
2024-09-16 12:22:17.515000,416.4900906251972,13
2024-09-16 12:22:17.611000,416.4848092309679,13
2024-09-16 12:22:17.645000,416.4760949869951,104
2024-09-16 12:22:17.676000,416.4764085060386,11
2024-09-16 12:22:17.711000,416.4894923886238,100
2024-09-16 12:22:17.721000,416.47359029638267,997
2024-09-16 12:22:17.726000,416.48058492192496,96
2024-09-16 12:22:17.764000,416.55591457108505,997
2024-09-16 12:22:17.788000,416.4812870025168,105
2024-09-16 12:22:17.891000,416.4917478876137,9
2024-09-16 12:22:17.940000,416.4714589974906,1002
2024-09-16 12:22:17.962000,416.4705111384133,1000
2024-09-16 12:22:17.971000,416.51736373383335,1004
2024-09-16 12:22:18.305000,416.595872269982,995
2024-09-16 12:22:18.464000,416.55156548604094,1002
2024-09-16 12:22:18.577000,416.5952215128115,6
2024-09-16 12:22:18.643000,416.5851546506706,11
2024-09-16 12:22:18.728000,416.5932555186024,999
2024-09-16 12:22:18.894000,416.5570729834108,1001
2024-09-16 12:22:18.896000,416.5414921576899,1005
2024-09-16 12:22:18.927000,416.53545664608407,101
2024-09-16 12:22:19.082000,416.5957607075711,1005
2024-09-16 12:22:19.194000,416.63714475053575,15
2024-09-16 12:22:19.203000,416.6243422162677,8
2024-09-16 12:22:19.210000,416.6268048727682,995
2024-09-16 12:22:19.375000,416.60440619285527,999
2024-09-16 12:22:19.376000,416.6225929766322,7
2024-09-16 12:22:19.429000,416.6063700445736,96
2024-09-16 12:22:19.466000,416.6087278155386,10
2024-09-16 12:22:19.597000,416.6126913916513,1001
2024-09-16 12:22:19.877000,416.63011430985375,998
2024-09-16 12:22:19.882000,416.6198556908444,1004
2024-09-16 12:22:19.903000,416.62750728505455,100
2024-09-16 12:22:19.920000,416.6129085390483,998
2024-09-16 12:22:19.988000,416.5951389737005,15
2024-09-16 12:22:19.996000,416.6066265392231,15
2024-09-16 12:22:20.026000,416.5922065824342,15
2024-09-16 12:22:20.061000,416.6057469878445,1002
2024-09-16 12:22:20.062000,416.6047356811376,102
2024-09-16 12:22:20.066000,416.6107035360409,100
2024-09-16 12:22:20.074000,416.628620449346,104
2024-09-16 12:22:20.110000,416.5929442089536,9
2024-09-16 12:22:20.222000,416.61102530946897,995
2024-09-16 12:22:20.233000,416.5834398413237,1000
2024-09-16 12:22:20.242000,416.6068224705673,101
2024-09-16 12:22:20.268000,416.5929012444541,5
2024-09-16 12:22:20.276000,416.5999947171785,996
2024-09-16 12:22:20.352000,416.59020879714666,10
2024-09-16 12:22:20.391000,416.6183557883932,97
2024-09-16 12:22:20.450000,416.61213977415,96
2024-09-16 12:22:20.596000,416.5817448026394,6
2024-09-16 12:22:20.621000,416.6325533191966,1005
2024-09-16 12:22:20.632000,416.5881646646054,5
2024-09-16 12:22:20.770000,416.6062177234794,8
2024-09-16 12:22:20.773000,416.6025085142285,6
2024-09-16 12:22:20.793000,416.63995115501575,996
2024-09-16 12:22:20.821000,416.5878747645466,1005
2024-09-16 12:22:20.832000,416.5997258689512,997
2024-09-16 12:22:20.892000,416.5864709274545,96
2024-09-16 12:22:20.911000,416.6256841728724,1003
2024-09-16 12:22:20.933000,416.5904220281759,1000
2024-09-16 12:22:20.950000,416.6247541042837,95
2024-09-16 12:22:20.962000,416.6352211839513,96
2024-09-16 12:22:21.656000,416.5771376257365,100
2024-09-16 12:22:22.017000,416.5968338541716,10
2024-09-16 12:22:22.220000,416.6073764128665,100
2024-09-16 12:22:22.240000,416.59905753392593,13
2024-09-16 12:22:22.331000,416.5665965580377,100
2024-09-16 12:22:22.445000,416.6099233235717,1000
2024-09-16 12:22:22.470000,416.6104843345258,5
2024-09-16 12:22:22.502000,416.5774815976197,15
2024-09-16 12:22:22.508000,416.612516408114,1000
2024-09-16 12:22:22.552000,416.5865244042655,997
2024-09-16 12:22:22.573000,416.6312960180108,1004
2024-09-16 12:22:22.631000,416.6196236015573,1004
2024-09-16 12:22:22.650000,416.60770221194434,996
2024-09-16 12:22:22.670000,416.636179469026,9
2024-09-16 12:22:22.689000,416.5985969557018,13
2024-09-16 12:22:22.736000,416.6036726675612,5
2024-09-16 12:22:22.749000,416.6211405335516,1004
2024-09-16 12:22:22.778000,416.625390258034,999
2024-09-16 12:22:22.947000,416.5750739148856,1003
2024-09-16 12:22:23.034000,416.70574333809685,105
2024-09-16 12:22:23.038000,416.7208602320739,5
2024-09-16 12:22:23.090000,416.6687410775523,999
2024-09-16 12:22:23.158000,416.70569167790353,1001
2024-09-16 12:22:23.193000,416.706825352756,6
2024-09-16 12:22:23.235000,416.68310328820354,996
2024-09-16 12:22:23.295000,416.7096917162468,101
2024-09-16 12:22:23.343000,416.6412676134189,95
2024-09-16 12:22:23.429000,416.7075497838322,95
2024-09-16 12:22:23.436000,416.7116494810022,9
2024-09-16 12:22:23.495000,416.6898127480264,11
2024-09-16 12:22:23.528000,416.7056165322064,13
2024-09-16 12:22:23.651000,416.6868529451056,101
2024-09-16 12:22:23.658000,416.6899133232408,996
2024-09-16 12:22:23.851000,416.6847628881964,97
2024-09-16 12:22:23.990000,416.6228687717662,105
2024-09-16 12:22:23.991000,416.70652940920286,8
2024-09-16 12:22:24.059000,416.7417862261855,7
2024-09-16 12:22:24.062000,416.689547555757,95
2024-09-16 12:22:24.065000,416.701761770958,14
2024-09-16 12:22:24.180000,416.6767049941095,95
2024-09-16 12:22:24.183000,416.6833349260602,105
2024-09-16 12:22:24.335000,416.7377585955956,7
2024-09-16 12:22:24.355000,416.6861622823451,1003
2024-09-16 12:22:24.369000,416.6921841594199,8
2024-09-16 12:22:24.399000,416.7452386537297,9
2024-09-16 12:22:24.486000,416.7318769645138,997
2024-09-16 12:22:24.524000,416.75244326331824,995
2024-09-16 12:22:24.626000,416.74886381669273,996
2024-09-16 12:22:24.698000,416.6865794348336,96
2024-09-16 12:22:24.724000,416.6814410865823,9
2024-09-16 12:22:24.728000,416.69454395522536,998
2024-09-16 12:22:24.740000,416.6768903725137,10
2024-09-16 12:22:24.747000,416.7066227101712,13
2024-09-16 12:22:24.803000,416.71850006361416,96
2024-09-16 12:22:24.844000,416.7564219304116,1001
2024-09-16 12:22:24.899000,416.6691412561688,6
2024-09-16 12:22:24.961000,416.68820315797007,96
2024-09-16 12:22:24.992000,416.72944181961935,11
2024-09-16 12:22:24.998000,416.6922771829814,8
2024-09-16 12:22:25.055000,416.73887688175625,11
2024-09-16 12:22:25.134000,416.71989336769417,7
2024-09-16 12:22:25.235000,416.7338042663875,1001
2024-09-16 12:22:25.700000,416.72405722027054,1001
2024-09-16 12:22:25.743000,416.7166438302516,8
2024-09-16 12:22:25.883000,416.7239785146818,1001
2024-09-16 12:22:26.041000,416.7226920173807,1005
2024-09-16 12:22:26.086000,416.7024312479982,6
2024-09-16 12:22:26.164000,416.71942971170944,95
2024-09-16 12:22:26.249000,416.7092441329472,96
2024-09-16 12:22:26.282000,416.7288472407886,95
2024-09-16 12:22:26.282000,416.7295659928956,103
2024-09-16 12:22:26.296000,416.7158986996336,97
2024-09-16 12:22:26.391000,416.7270443109198,100
2024-09-16 12:22:26.445000,416.7407962660883,1005
2024-09-16 12:22:26.453000,416.7117181932705,95
2024-09-16 12:22:26.498000,416.739494662013,11
2024-09-16 12:22:26.507000,416.7354330619,101
2024-09-16 12:22:26.595000,416.691246046665,1005
2024-09-16 12:22:26.649000,416.7220117320491,8
2024-09-16 12:22:26.680000,416.7148256685022,1004
2024-09-16 12:22:26.699000,416.7347052365237,6
2024-09-16 12:22:26.784000,416.7029309404273,15
2024-09-16 12:22:26.815000,416.72007482203975,996
2024-09-16 12:22:26.856000,416.728251390292,96
2024-09-16 12:22:26.898000,416.7112574162924,14
2024-09-16 12:22:27.032000,416.7163928901353,998
2024-09-16 12:22:27.112000,416.6954221320079,999
2024-09-16 12:22:27.138000,416.6899733862869,998
2024-09-16 12:22:27.177000,416.70839337601393,1003
2024-09-16 12:22:27.245000,416.7084605269429,102
2024-09-16 12:22:27.286000,416.68820185658046,11
2024-09-16 12:22:27.320000,416.7106510443128,98
2024-09-16 12:22:27.323000,416.7070793043258,9
2024-09-16 12:22:27.442000,416.69719291963366,102
2024-09-16 12:22:27.459000,416.7396698065011,1005
2024-09-16 12:22:27.469000,416.6947409086402,10
2024-09-16 12:22:27.504000,416.7211721974524,102
2024-09-16 12:22:27.512000,416.7075876416292,105
2024-09-16 12:22:27.518000,416.7100711453237,1001
2024-09-16 12:22:27.596000,416.7351494319267,5
2024-09-16 12:22:27.615000,416.68722599292136,7
2024-09-16 12:22:27.699000,416.6948843612533,1005
2024-09-16 12:22:27.761000,416.74301528354215,1001
2024-09-16 12:22:27.787000,416.70902482599104,103
2024-09-16 12:22:27.796000,416.7062098779356,12
2024-09-16 12:22:27.863000,416.7092065017647,8
2024-09-16 12:22:27.871000,416.71772365244016,7
2024-09-16 12:22:27.929000,416.7101893483851,96
2024-09-16 12:22:27.942000,416.6974643122165,7
2024-09-16 12:22:27.952000,416.7322292147658,999
2024-09-16 12:22:27.978000,416.7152053806869,1001
2024-09-16 12:22:28.052000,416.6542044602828,1002
2024-09-16 12:22:28.139000,416.6783979686823,97
2024-09-16 12:22:28.187000,416.6773773491727,1005
2024-09-16 12:22:28.221000,416.64429397240593,1001
2024-09-16 12:22:28.424000,416.6850607033565,105
2024-09-16 12:22:28.474000,416.708021326073,99
2024-09-16 12:22:28.615000,416.66656109709857,14
2024-09-16 12:22:28.700000,416.7092683382746,101
2024-09-16 12:22:28.850000,416.6722382611063,1001
2024-09-16 12:22:29.090000,416.63239838214906,995
2024-09-16 12:22:29.097000,416.71067900009626,99
2024-09-16 12:22:29.132000,416.6579683930997,96
2024-09-16 12:22:29.533000,416.6969229086512,104
2024-09-16 12:22:29.580000,416.6619220965451,101
2024-09-16 12:22:29.689000,416.6891828684535,105
2024-09-16 12:22:29.805000,416.6460130589532,995
2024-09-16 12:22:29.933000,416.6666235744475,1004
2024-09-16 12:22:30.022000,416.6235854019176,95
2024-09-16 12:22:30.033000,416.674990852087,995
2024-09-16 12:22:30.076000,416.6822793105532,102
2024-09-16 12:22:30.103000,416.6610020729731,103
2024-09-16 12:22:30.162000,416.62509816229294,1001
2024-09-16 12:22:30.190000,416.66648746721313,105
2024-09-16 12:22:30.209000,416.6780937599332,1004
2024-09-16 12:22:30.234000,416.6462200903502,1001
2024-09-16 12:22:30.294000,416.6539168336759,8
2024-09-16 12:22:30.344000,416.63814046616585,14
2024-09-16 12:22:30.440000,416.6237581560687,1003
2024-09-16 12:22:30.482000,416.66364304633,1004
2024-09-16 12:22:30.537000,416.6530004004237,998
2024-09-16 12:22:30.589000,416.6461174742792,1005
2024-09-16 12:22:30.644000,416.6221273220861,998
2024-09-16 12:22:30.729000,416.6254873761965,102
2024-09-16 12:22:30.734000,416.6781272537584,101
2024-09-16 12:22:30.765000,416.6852983320196,997
2024-09-16 12:22:30.767000,416.67237119982286,10
2024-09-16 12:22:30.795000,416.6742140780656,101
2024-09-16 12:22:30.857000,416.6891549596132,103
2024-09-16 12:22:30.857000,416.6873257644904,7
2024-09-16 12:22:30.858000,416.6406905167975,997
2024-09-16 12:22:30.923000,416.7024959443288,95
2024-09-16 12:22:30.930000,416.6846466485408,7
2024-09-16 12:22:31.126000,416.6598328720476,12
2024-09-16 12:22:31.130000,416.6438900426237,8
2024-09-16 12:22:31.153000,416.66283623619904,1005
2024-09-16 12:22:31.340000,416.6441748717457,96
2024-09-16 12:22:31.351000,416.7003457329336,7
2024-09-16 12:22:31.377000,416.6560828877468,104
2024-09-16 12:22:31.392000,416.6575937454203,95
2024-09-16 12:22:31.399000,416.7028659076008,999
2024-09-16 12:22:31.422000,416.6532035424007,11
2024-09-16 12:22:31.446000,416.6581769087848,102
2024-09-16 12:22:31.447000,416.6531551491031,5
2024-09-16 12:22:31.480000,416.6456399756824,1002
2024-09-16 12:22:31.606000,416.65887028234863,100
2024-09-16 12:22:31.631000,416.6932492159396,100
2024-09-16 12:22:31.687000,416.6628654283544,1000
2024-09-16 12:22:31.724000,416.6583452509572,105
2024-09-16 12:22:31.782000,416.6570693478204,105
2024-09-16 12:22:31.896000,416.644231730289,104
2024-09-16 12:22:31.920000,416.64769951854345,1005
2024-09-16 12:22:32.106000,416.7105367881098,14
2024-09-16 12:22:32.158000,416.73176912807713,9
2024-09-16 12:22:32.540000,416.6998805817888,11
2024-09-16 12:22:32.572000,416.7414425713212,104
2024-09-16 12:22:32.576000,416.7157639639,998
2024-09-16 12:22:32.702000,416.6932150677328,12
2024-09-16 12:22:32.720000,416.744172428754,1004
2024-09-16 12:22:32.921000,416.7134226852771,12
2024-09-16 12:22:33.011000,416.7387237024336,9
2024-09-16 12:22:33.076000,416.73333793761685,1003
2024-09-16 12:22:33.123000,416.7232253366096,98
2024-09-16 12:22:33.130000,416.72156710113705,13
2024-09-16 12:22:33.287000,416.725598530869,100
2024-09-16 12:22:33.462000,416.7235658203304,103
2024-09-16 12:22:33.513000,416.7352475788667,8
2024-09-16 12:22:33.525000,416.7372575992074,9
2024-09-16 12:22:33.601000,416.7413438690496,13
2024-09-16 12:22:33.603000,416.7295403608486,104
2024-09-16 12:22:33.615000,416.7409027074222,1005
2024-09-16 12:22:33.628000,416.7302310676829,1002
2024-09-16 12:22:33.639000,416.7171954539545,102
2024-09-16 12:22:33.742000,416.7360724518524,95
2024-09-16 12:22:33.856000,416.75434490020587,5
2024-09-16 12:22:33.939000,416.7225525996328,1002
2024-09-16 12:22:34.030000,416.7558698536311,1000
2024-09-16 12:22:34.052000,416.7342412809878,997
2024-09-16 12:22:34.056000,416.70842093737,99
2024-09-16 12:22:34.114000,416.7052396432722,996
2024-09-16 12:22:34.115000,416.7783089986066,1005
2024-09-16 12:22:34.121000,416.7726652562818,98
2024-09-16 12:22:34.139000,416.7145617056706,1004
2024-09-16 12:22:34.173000,416.74632561326166,996
2024-09-16 12:22:34.189000,416.7224128562675,103
2024-09-16 12:22:34.268000,416.7377999662316,100
2024-09-16 12:22:34.321000,416.75671938211855,1004
2024-09-16 12:22:34.364000,416.759120126645,97
2024-09-16 12:22:34.411000,416.7022573254219,13
2024-09-16 12:22:34.450000,416.766561834349,1000
2024-09-16 12:22:34.463000,416.755941847436,1003
2024-09-16 12:22:34.483000,416.74515886984193,12
2024-09-16 12:22:34.761000,416.7660814606982,1005
2024-09-16 12:22:34.801000,416.7376409031424,14
2024-09-16 12:22:34.822000,416.7546128825326,15
2024-09-16 12:22:34.878000,416.7473195376873,12
2024-09-16 12:22:34.893000,416.7412587906369,11
2024-09-16 12:22:34.916000,416.740363578653,15
2024-09-16 12:22:34.948000,416.7580201192029,100
2024-09-16 12:22:35.001000,416.7853193767041,12
2024-09-16 12:22:35.046000,416.7740512475793,1002
2024-09-16 12:22:35.121000,416.78377287316175,996
2024-09-16 12:22:35.248000,416.7678528000233,11
2024-09-16 12:22:35.346000,416.7494724112378,9
2024-09-16 12:22:35.363000,416.74533977375165,99
2024-09-16 12:22:35.426000,416.8044074087411,998
2024-09-16 12:22:35.450000,416.77981471528665,11
2024-09-16 12:22:35.481000,416.7502404671598,1000
2024-09-16 12:22:35.533000,416.7881093991001,1005
2024-09-16 12:22:35.559000,416.7799176670238,97
2024-09-16 12:22:35.665000,416.7919339723168,97
2024-09-16 12:22:35.713000,416.78353810620064,997
2024-09-16 12:22:35.778000,416.8111260183487,13
2024-09-16 12:22:37.014000,416.71190926263927,1002
2024-09-16 12:22:37.024000,416.7269631700463,1000
2024-09-16 12:22:37.029000,416.7300452358156,1004
2024-09-16 12:22:37.061000,416.7367464934345,5
2024-09-16 12:22:37.093000,416.7439404107317,1005
2024-09-16 12:22:37.180000,416.7376947691727,12
2024-09-16 12:22:37.186000,416.755938763754,98
2024-09-16 12:22:37.206000,416.7522728806316,6
2024-09-16 12:22:37.229000,416.7426918875366,99
2024-09-16 12:22:37.245000,416.708659917958,101
2024-09-16 12:22:37.320000,416.7533425252741,102
2024-09-16 12:22:37.352000,416.7314495017964,97
2024-09-16 12:22:37.361000,416.71780350995374,98
2024-09-16 12:22:37.382000,416.7282787356952,7
2024-09-16 12:22:37.400000,416.7290975989496,7
2024-09-16 12:22:37.435000,416.7334483599612,996
2024-09-16 12:22:37.480000,416.7534470015116,9
2024-09-16 12:22:37.521000,416.74718687404095,103
2024-09-16 12:22:37.561000,416.7461103626901,5
2024-09-16 12:22:37.601000,416.7321539372932,14
2024-09-16 12:22:37.620000,416.7221256388951,7
2024-09-16 12:22:37.697000,416.7332656254168,995
2024-09-16 12:22:37.716000,416.7179827599952,105
2024-09-16 12:22:37.729000,416.7340201152703,9
2024-09-16 12:22:37.745000,416.7473804684814,103
2024-09-16 12:22:37.748000,416.7325656139205,1000
2024-09-16 12:22:37.783000,416.7356764145698,100
2024-09-16 12:22:37.897000,416.7483311081795,103
2024-09-16 12:22:37.943000,416.7289084340253,1002
2024-09-16 12:22:37.985000,416.7153455649164,14
2024-09-16 12:22:38.213000,416.75859541001904,998
2024-09-16 12:22:38.227000,416.789678500478,104
2024-09-16 12:22:38.278000,416.7114339660193,103
2024-09-16 12:22:38.342000,416.7379032881393,99
2024-09-16 12:22:38.348000,416.78872727869646,13
2024-09-16 12:22:38.407000,416.7264946807069,1003
2024-09-16 12:22:38.433000,416.7540413404871,9
2024-09-16 12:22:38.485000,416.7285293510093,101
2024-09-16 12:22:38.491000,416.7351523741013,99
2024-09-16 12:22:38.550000,416.74358983551696,97
2024-09-16 12:22:38.567000,416.7757777765262,105
2024-09-16 12:22:38.578000,416.7651286300509,100
2024-09-16 12:22:38.616000,416.740931118929,15
2024-09-16 12:22:38.616000,416.7778884883162,998
2024-09-16 12:22:38.652000,416.7823025601788,15
2024-09-16 12:22:38.708000,416.7670314166221,102
2024-09-16 12:22:38.712000,416.7736016777882,996
2024-09-16 12:22:38.735000,416.7340554504794,996
2024-09-16 12:22:38.769000,416.74111120044375,9
2024-09-16 12:22:38.790000,416.7294183819829,96
2024-09-16 12:22:38.796000,416.75604862458977,13
2024-09-16 12:22:38.810000,416.7201748605922,5
2024-09-16 12:22:38.837000,416.7177458270857,1005
2024-09-16 12:22:38.881000,416.74005641633033,8
2024-09-16 12:22:38.952000,416.7055102901925,102
2024-09-16 12:22:38.998000,416.7398445390149,1004
2024-09-16 12:22:39.099000,416.7774488025464,102
2024-09-16 12:22:39.686000,416.75148890928233,1004
2024-09-16 12:22:39.762000,416.7735296855668,1001
2024-09-16 12:22:40.038000,416.7113015956704,995
2024-09-16 12:22:40.045000,416.7106369046487,15
2024-09-16 12:22:40.142000,416.6878937628712,1000
2024-09-16 12:22:40.242000,416.7117748583714,1003
2024-09-16 12:22:40.254000,416.6549361440448,10
2024-09-16 12:22:40.294000,416.73205691281146,10
2024-09-16 12:22:40.389000,416.6653116263518,105
2024-09-16 12:22:40.493000,416.7598860339197,8
2024-09-16 12:22:40.563000,416.6817244204406,1000
2024-09-16 12:22:40.590000,416.6721717242511,13
2024-09-16 12:22:40.611000,416.64816458825607,997
2024-09-16 12:22:40.643000,416.71583377646766,1004
2024-09-16 12:22:40.650000,416.7469653285061,9
2024-09-16 12:22:40.651000,416.7045271878201,5
2024-09-16 12:22:40.694000,416.6653051746189,996
2024-09-16 12:22:40.830000,416.69631540326304,1002
2024-09-16 12:22:40.935000,416.6783668383358,102
2024-09-16 12:22:40.947000,416.6712823220619,102
2024-09-16 12:22:41.005000,416.6484139260265,1005
2024-09-16 12:22:41.044000,416.69767194452135,104
2024-09-16 12:22:41.075000,416.6286659535445,6
2024-09-16 12:22:41.079000,416.6402462604517,97
2024-09-16 12:22:41.201000,416.6453572027514,1000
2024-09-16 12:22:41.340000,416.662973227857,104
2024-09-16 12:22:41.424000,416.6431782356414,13
2024-09-16 12:22:41.477000,416.60928641774586,12
2024-09-16 12:22:41.501000,416.6412940012783,998
2024-09-16 12:22:41.528000,416.618859190354,15
2024-09-16 12:22:41.724000,416.62502975736,99
2024-09-16 12:22:41.789000,416.6481021054358,9
2024-09-16 12:22:41.870000,416.675945412789,996
2024-09-16 12:22:41.889000,416.6632895894863,103
2024-09-16 12:22:41.908000,416.6823500709757,999
2024-09-16 12:22:41.966000,416.6304004775177,1002
2024-09-16 12:22:42.259000,416.69779706711313,1004
2024-09-16 12:22:42.324000,416.6968388231703,102
2024-09-16 12:22:42.362000,416.66359090570825,102
2024-09-16 12:22:42.595000,416.6896624098249,14
2024-09-16 12:22:43.072000,416.6790440557714,7
2024-09-16 12:22:43.194000,416.6673322179692,14
2024-09-16 12:22:43.469000,416.6597110134987,1002
2024-09-16 12:22:43.535000,416.6540743473672,100
2024-09-16 12:22:43.946000,416.6691894723389,1003
2024-09-16 12:22:43.950000,416.6592748134148,997
2024-09-16 12:22:44.014000,416.6936677814202,96
2024-09-16 12:22:44.035000,416.6835257140867,999
2024-09-16 12:22:44.094000,416.6840674162424,999
2024-09-16 12:22:44.131000,416.71009758319593,97
2024-09-16 12:22:44.143000,416.69342884717526,5
2024-09-16 12:22:44.169000,416.6904527280304,100
2024-09-16 12:22:44.267000,416.6887080886863,5
2024-09-16 12:22:44.398000,416.6914431037669,95
2024-09-16 12:22:44.454000,416.6625848639567,996
2024-09-16 12:22:44.463000,416.6742014378372,100
2024-09-16 12:22:44.544000,416.6788708677414,996
2024-09-16 12:22:44.616000,416.69648136634646,6
2024-09-16 12:22:44.792000,416.7100013590078,6
2024-09-16 12:22:44.835000,416.68385681773367,1002
2024-09-16 12:22:44.876000,416.6884440625937,1001
2024-09-16 12:22:44.974000,416.6541817045122,95
2024-09-16 12:22:44.997000,416.6967728084874,1003
2024-09-16 12:22:45.029000,416.70780808371455,996
2024-09-16 12:22:45.036000,416.6783079813331,100
2024-09-16 12:22:45.081000,416.7006279602363,1003
2024-09-16 12:22:45.083000,416.683201055032,97
2024-09-16 12:22:45.129000,416.68633782531975,15
2024-09-16 12:22:45.195000,416.6782167772782,1004
2024-09-16 12:22:45.239000,416.6657425837724,15
2024-09-16 12:22:45.239000,416.7017577734771,10
2024-09-16 12:22:45.327000,416.6643820297468,998
2024-09-16 12:22:45.392000,416.6798579977005,100
2024-09-16 12:22:45.395000,416.6894260770528,98
2024-09-16 12:22:45.451000,416.6627996470805,95
2024-09-16 12:22:45.471000,416.6486069311901,99
2024-09-16 12:22:45.500000,416.6914387979864,104
2024-09-16 12:22:45.674000,416.6807394964737,7
2024-09-16 12:22:45.674000,416.69125223476937,101
2024-09-16 12:22:45.679000,416.6977684759842,998
2024-09-16 12:22:45.714000,416.69192483442026,12
2024-09-16 12:22:45.951000,416.6972984978541,102
2024-09-16 12:22:45.969000,416.6973327403583,998
2024-09-16 12:22:46.062000,416.6189539068055,995
2024-09-16 12:22:46.127000,416.671531189921,100
2024-09-16 12:22:46.213000,416.6683302928597,97
2024-09-16 12:22:46.315000,416.6566145438416,103
2024-09-16 12:22:46.364000,416.6548568023103,9
2024-09-16 12:22:46.381000,416.618707209755,8
2024-09-16 12:22:46.461000,416.67584061040753,99
2024-09-16 12:22:46.475000,416.617370661822,15
2024-09-16 12:22:46.496000,416.615320055544,1000
2024-09-16 12:22:46.509000,416.6068994412096,13
2024-09-16 12:22:46.579000,416.644492228414,96
2024-09-16 12:22:46.610000,416.6690122990703,14
2024-09-16 12:22:46.675000,416.68367459667934,9
2024-09-16 12:22:46.709000,416.6662052093573,7
2024-09-16 12:22:46.750000,416.62723974074953,995
2024-09-16 12:22:46.767000,416.6218264073004,5
2024-09-16 12:22:46.821000,416.68868466659495,8
2024-09-16 12:22:46.869000,416.6532938167856,8
2024-09-16 12:22:46.904000,416.6043947679204,101
2024-09-16 12:22:46.972000,416.6235173931619,7
2024-09-16 12:22:47.009000,416.56923399872784,15
2024-09-16 12:22:47.019000,416.5644041348916,96
2024-09-16 12:22:47.045000,416.5445240737572,997
2024-09-16 12:22:47.069000,416.5545725828911,5
2024-09-16 12:22:47.081000,416.5845938596582,5
2024-09-16 12:22:47.137000,416.6180692021585,1005
2024-09-16 12:22:47.166000,416.6120806925261,1005
2024-09-16 12:22:47.220000,416.5858487604379,96
2024-09-16 12:22:47.248000,416.60384973827314,995
2024-09-16 12:22:47.317000,416.586364574316,8
2024-09-16 12:22:47.329000,416.5338036315928,5
2024-09-16 12:22:47.399000,416.6034452442809,97
2024-09-16 12:22:47.429000,416.5630983439527,997
2024-09-16 12:22:47.458000,416.6100287178268,995
2024-09-16 12:22:47.459000,416.54633648018313,101
2024-09-16 12:22:47.570000,416.6010707605007,8
2024-09-16 12:22:47.631000,416.5559514962567,15
2024-09-16 12:22:47.633000,416.6077382926183,100
2024-09-16 12:22:47.669000,416.602243002212,1001
2024-09-16 12:22:47.719000,416.5388995905893,13
2024-09-16 12:22:47.751000,416.61443170720776,1000
2024-09-16 12:22:47.801000,416.597043374575,12
2024-09-16 12:22:47.816000,416.6088742491861,103
2024-09-16 12:22:47.816000,416.5491736111258,99
2024-09-16 12:22:47.939000,416.5744317563825,103
2024-09-16 12:22:47.960000,416.5846994814924,9
2024-09-16 12:22:48.548000,416.6370253176227,1001
2024-09-16 12:22:48.618000,416.6127520160276,97
2024-09-16 12:22:48.752000,416.630020970782,104
2024-09-16 12:22:48.976000,416.6378310790701,15
2024-09-16 12:22:49.250000,416.5721195221216,11
2024-09-16 12:22:49.303000,416.5703394511984,1000
2024-09-16 12:22:49.304000,416.5445226064234,13
2024-09-16 12:22:49.333000,416.5746936059666,95
2024-09-16 12:22:49.376000,416.5963428906786,102
2024-09-16 12:22:49.423000,416.5637557982041,1003
2024-09-16 12:22:49.495000,416.5886214168116,13
2024-09-16 12:22:49.539000,416.61504969130993,1000
2024-09-16 12:22:49.546000,416.6001737810079,998
2024-09-16 12:22:49.550000,416.5489494632076,100
2024-09-16 12:22:49.632000,416.5945105253324,103
2024-09-16 12:22:49.767000,416.5766578387239,105
2024-09-16 12:22:49.837000,416.6111504331498,995
2024-09-16 12:22:49.854000,416.5838619990231,101
2024-09-16 12:22:49.884000,416.5643415704587,101
2024-09-16 12:22:49.935000,416.6043608451484,101
2024-09-16 12:22:50.037000,416.5842521210255,100
2024-09-16 12:22:50.179000,416.627617951252,15
2024-09-16 12:22:50.273000,416.5844284754873,1004
2024-09-16 12:22:50.444000,416.613532558091,7
2024-09-16 12:22:50.599000,416.6237094608933,15
2024-09-16 12:22:50.754000,416.6211729103617,7
2024-09-16 12:22:51.322000,416.6158414443028,8
2024-09-16 12:22:51.588000,416.6025439373055,102
2024-09-16 12:22:52.159000,416.5706850927719,12
2024-09-16 12:22:52.291000,416.6136952033238,995
2024-09-16 12:22:52.562000,416.5927699809647,1001
2024-09-16 12:22:52.562000,416.6015375786364,105
2024-09-16 12:22:52.652000,416.6087500681914,6
2024-09-16 12:22:52.654000,416.59146094258006,97
2024-09-16 12:22:52.721000,416.58619285971855,7
2024-09-16 12:22:53.009000,416.5982250598779,5
2024-09-16 12:22:53.130000,416.616268690748,1003
2024-09-16 12:22:53.156000,416.6159524480379,1004
2024-09-16 12:22:53.264000,416.61079531874987,1005
2024-09-16 12:22:53.324000,416.6049891173118,104
2024-09-16 12:22:53.502000,416.6018155197806,102
2024-09-16 12:22:53.607000,416.6121136026501,97
2024-09-16 12:22:53.642000,416.6032955334217,9
2024-09-16 12:22:53.654000,416.5916304687541,999
2024-09-16 12:22:53.798000,416.60223926914495,15
2024-09-16 12:22:53.852000,416.59569264211865,1000
2024-09-16 12:22:53.968000,416.59267890750885,1004
2024-09-16 12:22:54.111000,416.6199049048463,997
2024-09-16 12:22:54.483000,416.6143400631058,103
2024-09-16 12:22:54.880000,416.6283545298567,105
2024-09-16 12:22:55.308000,416.6156277940381,105
2024-09-16 12:22:55.327000,416.61568524404487,100
2024-09-16 12:22:55.330000,416.6113755237014,1005
2024-09-16 12:22:55.346000,416.6090502990804,1003
2024-09-16 12:22:55.590000,416.5973728959916,1002
2024-09-16 12:22:56.007000,416.56311859003375,10
2024-09-16 12:22:56.012000,416.57592563403534,105
2024-09-16 12:22:56.095000,416.6180738722057,1005
2024-09-16 12:22:56.099000,416.620319154333,1005
2024-09-16 12:22:56.109000,416.6378588636859,96
2024-09-16 12:22:56.195000,416.5835926172076,15
2024-09-16 12:22:56.283000,416.6223284629562,104
2024-09-16 12:22:56.289000,416.606117379864,5
2024-09-16 12:22:56.342000,416.6363490019701,105
2024-09-16 12:22:56.417000,416.59845355337126,14
2024-09-16 12:22:56.537000,416.609372574549,103
2024-09-16 12:22:56.575000,416.6010995069671,1001
2024-09-16 12:22:56.610000,416.55865795304766,1005
2024-09-16 12:22:56.621000,416.5807133989466,102
2024-09-16 12:22:56.654000,416.625847738627,15
2024-09-16 12:22:56.679000,416.5856620321819,104
2024-09-16 12:22:56.718000,416.6189252210679,11
2024-09-16 12:22:56.758000,416.5771088053973,1004
2024-09-16 12:22:56.778000,416.6079717150884,99
2024-09-16 12:22:56.816000,416.6280505170431,10
2024-09-16 12:22:56.832000,416.632550407868,1005
2024-09-16 12:22:56.854000,416.6362982434836,8
2024-09-16 12:22:56.904000,416.5629776968199,6
2024-09-16 12:22:56.912000,416.64050674180686,13
2024-09-16 12:22:57.020000,416.629802561484,14
2024-09-16 12:22:57.382000,416.6390248200732,14
2024-09-16 12:22:57.798000,416.6307498226297,1001
2024-09-16 12:22:57.851000,416.63410785160215,11
2024-09-16 12:22:58.003000,416.5940961498568,6
2024-09-16 12:22:58.020000,416.6601905997642,105
2024-09-16 12:22:58.063000,416.6346409725092,15
2024-09-16 12:22:58.119000,416.5740694590745,9
2024-09-16 12:22:58.120000,416.5872946217831,1002
2024-09-16 12:22:58.239000,416.61812954061526,6
2024-09-16 12:22:58.283000,416.6223113480853,103
2024-09-16 12:22:58.293000,416.6569875450156,101
2024-09-16 12:22:58.326000,416.62282336571474,15
2024-09-16 12:22:58.407000,416.6512935170886,104
2024-09-16 12:22:58.481000,416.59034397608855,8
2024-09-16 12:22:58.549000,416.6050437250577,996
2024-09-16 12:22:58.575000,416.5952763061693,1005
2024-09-16 12:22:58.614000,416.6626622619421,7
2024-09-16 12:22:58.636000,416.662538210019,5
2024-09-16 12:22:58.657000,416.63500672553135,1005
2024-09-16 12:22:58.678000,416.6106397550201,104
2024-09-16 12:22:58.681000,416.61213347248525,998
2024-09-16 12:22:58.692000,416.60419006712857,104
2024-09-16 12:22:58.711000,416.5993568282195,104
2024-09-16 12:22:58.725000,416.6465785539521,105
2024-09-16 12:22:58.822000,416.6352018170083,1001
2024-09-16 12:22:58.895000,416.6195287101393,8
2024-09-16 12:22:58.897000,416.6220639214391,12
2024-09-16 12:22:58.936000,416.6211296589758,7
2024-09-16 12:22:58.966000,416.61824052795527,1003
2024-09-16 12:22:58.975000,416.59086176536056,10
2024-09-16 12:22:58.985000,416.6138106783835,1002
2024-09-16 12:22:58.989000,416.6180176137619,104
2024-09-16 12:22:59.068000,416.6134369596355,5
2024-09-16 12:22:59.077000,416.58662577304455,7
2024-09-16 12:22:59.117000,416.6079096693624,96
2024-09-16 12:22:59.150000,416.59711729481546,103
2024-09-16 12:22:59.183000,416.59241684952895,105
2024-09-16 12:22:59.366000,416.59924899786535,996
2024-09-16 12:22:59.377000,416.6232588446781,1002
2024-09-16 12:22:59.386000,416.6094206633023,96
2024-09-16 12:22:59.583000,416.6019724481672,5
2024-09-16 12:22:59.625000,416.60540573473554,996
2024-09-16 12:22:59.641000,416.5913404892624,10
