Timestamp,Price,Size
2024-09-20 11:45:00.096000,428.283810256081,103
2024-09-20 11:45:00.112000,428.3094994051334,103
2024-09-20 11:45:00.163000,428.287653859916,99
2024-09-20 11:45:00.252000,428.29882899124544,14
2024-09-20 11:45:00.266000,428.3085962071267,11
2024-09-20 11:45:00.308000,428.2958683512621,11
2024-09-20 11:45:00.321000,428.30026823896674,1000
2024-09-20 11:45:00.581000,428.287274738436,98
2024-09-20 11:45:00.671000,428.296028021869,95
2024-09-20 11:45:00.685000,428.28912987539104,9
2024-09-20 11:45:00.807000,428.284711752713,9
2024-09-20 11:45:00.923000,428.3075570939784,10
2024-09-20 11:45:00.970000,428.2994558323053,15
2024-09-20 11:45:01.205000,428.2749740612736,1003
2024-09-20 11:45:01.284000,428.27930854357777,1000
2024-09-20 11:45:01.473000,428.2851355298605,10
2024-09-20 11:45:01.708000,428.294148248636,95
2024-09-20 11:45:02.042000,428.2768013214285,12
2024-09-20 11:45:02.075000,428.2714791966423,104
2024-09-20 11:45:02.121000,428.2552143896052,996
2024-09-20 11:45:02.132000,428.2457165564508,996
2024-09-20 11:45:02.353000,428.2849010325799,1001
2024-09-20 11:45:02.422000,428.2631644464521,1003
2024-09-20 11:45:02.524000,428.2936707947945,1000
2024-09-20 11:45:02.526000,428.2666399640031,95
2024-09-20 11:45:02.587000,428.2704881400114,105
2024-09-20 11:45:02.601000,428.262800759035,995
2024-09-20 11:45:02.632000,428.2713595557728,1001
2024-09-20 11:45:02.689000,428.2613610337216,6
2024-09-20 11:45:02.708000,428.2627396424341,14
2024-09-20 11:45:02.788000,428.27211202592326,99
2024-09-20 11:45:02.790000,428.2673783899908,102
2024-09-20 11:45:02.822000,428.2908963265084,96
2024-09-20 11:45:02.843000,428.2828857030638,97
2024-09-20 11:45:02.892000,428.25258868275273,102
2024-09-20 11:45:02.907000,428.2472673984089,5
2024-09-20 11:45:02.916000,428.2821746107167,11
2024-09-20 11:45:02.927000,428.2836700119482,997
2024-09-20 11:45:02.941000,428.2633557401773,1000
2024-09-20 11:45:02.975000,428.25810428716073,96
2024-09-20 11:45:03.018000,428.2765733673143,1004
2024-09-20 11:45:03.180000,428.26863334822,995
2024-09-20 11:45:03.278000,428.2939878752401,103
2024-09-20 11:45:03.417000,428.265534641318,1005
2024-09-20 11:45:03.572000,428.2673120591574,102
2024-09-20 11:45:03.621000,428.2820583576335,1005
2024-09-20 11:45:03.668000,428.2714327522615,1001
2024-09-20 11:45:03.818000,428.2901986590937,999
2024-09-20 11:45:05.312000,428.291242504328,998
2024-09-20 11:45:05.398000,428.2910799722118,998
2024-09-20 11:45:05.657000,428.315307194006,98
2024-09-20 11:45:05.981000,428.2693155815737,11
2024-09-20 11:45:05.991000,428.2797213854441,102
2024-09-20 11:45:06.027000,428.3466882424054,1002
2024-09-20 11:45:06.032000,428.3265300770294,96
2024-09-20 11:45:06.038000,428.3264367130999,99
2024-09-20 11:45:06.040000,428.322490789927,996
2024-09-20 11:45:06.045000,428.3208875212642,103
2024-09-20 11:45:06.083000,428.315794521225,995
2024-09-20 11:45:06.171000,428.3041865164868,103
2024-09-20 11:45:06.243000,428.31348268238025,10
2024-09-20 11:45:06.342000,428.3003706213861,997
2024-09-20 11:45:06.345000,428.31827191027634,100
2024-09-20 11:45:06.412000,428.3258573881286,12
2024-09-20 11:45:06.425000,428.31910409138754,13
2024-09-20 11:45:06.580000,428.3098938303184,998
2024-09-20 11:45:06.752000,428.3332556213637,97
2024-09-20 11:45:06.848000,428.3176580171008,10
2024-09-20 11:45:07.101000,428.3739700918856,1004
2024-09-20 11:45:07.168000,428.4440835730189,104
2024-09-20 11:45:07.184000,428.28867792756967,8
2024-09-20 11:45:07.209000,428.2956715226991,10
2024-09-20 11:45:07.258000,428.2927193071776,999
2024-09-20 11:45:07.305000,428.4189202630664,9
2024-09-20 11:45:07.308000,428.3853678903132,1002
2024-09-20 11:45:07.312000,428.2867490512689,997
2024-09-20 11:45:07.335000,428.3020087713112,998
2024-09-20 11:45:07.401000,428.2989185007594,996
2024-09-20 11:45:07.457000,428.2769205784278,95
2024-09-20 11:45:07.460000,428.2920793901516,9
2024-09-20 11:45:07.462000,428.4226091231614,999
2024-09-20 11:45:07.473000,428.294774244617,1004
2024-09-20 11:45:07.490000,428.3204656511559,9
2024-09-20 11:45:07.494000,428.4215236225074,1004
2024-09-20 11:45:07.544000,428.3214527925711,1004
2024-09-20 11:45:07.547000,428.3960387491583,6
2024-09-20 11:45:07.585000,428.3143499583224,13
2024-09-20 11:45:07.591000,428.30518020252606,1003
2024-09-20 11:45:07.624000,428.383353888732,102
2024-09-20 11:45:07.651000,428.2840821830152,7
2024-09-20 11:45:07.665000,428.3446021759771,998
2024-09-20 11:45:07.691000,428.2859652417136,1000
2024-09-20 11:45:07.758000,428.3800237293791,11
2024-09-20 11:45:07.777000,428.3634523990584,11
2024-09-20 11:45:07.853000,428.45378955287146,96
2024-09-20 11:45:07.862000,428.2793058979106,105
2024-09-20 11:45:07.877000,428.4009001351829,15
2024-09-20 11:45:07.971000,428.328170402237,105
2024-09-20 11:45:08.094000,428.3928680471868,1001
2024-09-20 11:45:08.290000,428.4625819484924,105
2024-09-20 11:45:08.297000,428.45108773706727,14
2024-09-20 11:45:08.486000,428.4387488832148,1003
2024-09-20 11:45:08.580000,428.4128928005652,11
2024-09-20 11:45:08.588000,428.44943718830166,96
2024-09-20 11:45:08.632000,428.4651710650012,100
2024-09-20 11:45:08.635000,428.4554027506527,6
2024-09-20 11:45:08.740000,428.39305869784704,103
2024-09-20 11:45:08.765000,428.4822546897816,102
2024-09-20 11:45:08.802000,428.4758036494738,102
2024-09-20 11:45:08.887000,428.42706778468784,5
2024-09-20 11:45:09.254000,428.4460897327318,999
2024-09-20 11:45:10.046000,428.3928970061395,100
2024-09-20 11:45:10.049000,428.3858607198101,98
2024-09-20 11:45:10.096000,428.4101695555979,6
2024-09-20 11:45:10.107000,428.3941777475837,98
2024-09-20 11:45:10.287000,428.3877876362636,103
2024-09-20 11:45:10.390000,428.45699964556354,15
2024-09-20 11:45:10.467000,428.39897429525473,5
2024-09-20 11:45:10.498000,428.3929033079936,97
2024-09-20 11:45:10.551000,428.404853876849,12
2024-09-20 11:45:10.586000,428.4092388772577,96
2024-09-20 11:45:10.622000,428.39359870143295,996
2024-09-20 11:45:10.907000,428.4297118153001,98
2024-09-20 11:45:11.010000,428.41184712436393,8
2024-09-20 11:45:11.018000,428.3191000621832,103
2024-09-20 11:45:11.030000,428.4295705232174,12
2024-09-20 11:45:11.125000,428.3733946382044,6
2024-09-20 11:45:11.147000,428.4251726481984,1004
2024-09-20 11:45:11.170000,428.40049799842143,10
2024-09-20 11:45:11.172000,428.32493016847457,103
2024-09-20 11:45:11.180000,428.3847606196687,1002
2024-09-20 11:45:11.190000,428.3130460643846,14
2024-09-20 11:45:11.226000,428.4262509123722,1005
2024-09-20 11:45:11.299000,428.39162317922535,997
2024-09-20 11:45:11.303000,428.32506747901095,102
2024-09-20 11:45:11.338000,428.40479644705545,15
2024-09-20 11:45:11.356000,428.3019393993684,15
2024-09-20 11:45:11.363000,428.3746602403509,97
2024-09-20 11:45:11.368000,428.32223610689726,101
2024-09-20 11:45:11.390000,428.3893171294203,102
2024-09-20 11:45:11.461000,428.3729373469315,1005
2024-09-20 11:45:11.463000,428.3170630562032,12
2024-09-20 11:45:11.775000,428.4332858373721,98
2024-09-20 11:45:11.874000,428.3953639382001,99
2024-09-20 11:45:11.915000,428.3446936938783,996
2024-09-20 11:45:11.929000,428.317031902628,101
2024-09-20 11:45:12.242000,428.2900968841122,1001
2024-09-20 11:45:12.351000,428.2881935544869,9
2024-09-20 11:45:12.494000,428.2980085232454,999
2024-09-20 11:45:12.732000,428.2933887769682,1002
2024-09-20 11:45:13.063000,428.3477711466044,95
2024-09-20 11:45:13.072000,428.3253559318401,1001
2024-09-20 11:45:13.111000,428.3273862959,999
2024-09-20 11:45:13.159000,428.3352760165388,11
2024-09-20 11:45:13.200000,428.3489805854328,97
2024-09-20 11:45:13.278000,428.3320119316394,1003
2024-09-20 11:45:13.327000,428.34519940199226,15
2024-09-20 11:45:13.472000,428.29679733414577,1000
2024-09-20 11:45:13.535000,428.3134693959984,999
2024-09-20 11:45:13.672000,428.3050511860192,997
2024-09-20 11:45:13.690000,428.3307830730933,99
2024-09-20 11:45:13.776000,428.3407805699756,11
2024-09-20 11:45:13.813000,428.3514166382062,12
2024-09-20 11:45:13.822000,428.3402148847416,14
2024-09-20 11:45:13.825000,428.3295021753871,12
2024-09-20 11:45:15.049000,428.3094629246185,96
2024-09-20 11:45:15.088000,428.2882758280685,9
2024-09-20 11:45:15.089000,428.3085589398056,1003
2024-09-20 11:45:15.167000,428.3241215003632,1003
2024-09-20 11:45:15.209000,428.3291951705279,98
2024-09-20 11:45:15.244000,428.3367742499695,97
2024-09-20 11:45:15.324000,428.2981809989356,996
2024-09-20 11:45:15.522000,428.284248786718,1002
2024-09-20 11:45:15.523000,428.3199878911468,102
2024-09-20 11:45:15.632000,428.3050805855111,97
2024-09-20 11:45:15.650000,428.3009809778636,996
2024-09-20 11:45:15.670000,428.31716477601617,15
2024-09-20 11:45:15.671000,428.3103981201554,9
2024-09-20 11:45:15.679000,428.33153673262274,14
2024-09-20 11:45:15.716000,428.3023890481848,1004
2024-09-20 11:45:15.719000,428.285291279504,998
2024-09-20 11:45:15.736000,428.3004643935466,1000
2024-09-20 11:45:15.792000,428.3238267471261,999
2024-09-20 11:45:15.852000,428.2724986605992,99
2024-09-20 11:45:15.970000,428.30964344127096,1003
2024-09-20 11:45:16.029000,428.2796102089305,997
2024-09-20 11:45:16.133000,428.2911777674868,101
2024-09-20 11:45:16.404000,428.3126253151809,98
2024-09-20 11:45:16.767000,428.3063096768804,12
2024-09-20 11:45:16.780000,428.2899532447397,103
2024-09-20 11:45:16.790000,428.3126555672975,98
2024-09-20 11:45:16.854000,428.3223356216524,100
2024-09-20 11:45:16.893000,428.31204439292446,10
2024-09-20 11:45:16.932000,428.3281446787606,998
2024-09-20 11:45:17.152000,428.2114819525008,104
2024-09-20 11:45:17.168000,428.2206040328498,7
2024-09-20 11:45:17.284000,428.2338163986744,6
2024-09-20 11:45:17.350000,428.2622560270127,15
2024-09-20 11:45:17.363000,428.2130737616969,1001
2024-09-20 11:45:17.368000,428.2039030952223,1001
2024-09-20 11:45:17.405000,428.2145052799605,996
2024-09-20 11:45:17.424000,428.22865566856615,103
2024-09-20 11:45:17.540000,428.2842271713173,96
2024-09-20 11:45:17.627000,428.2052996010423,98
2024-09-20 11:45:17.712000,428.26706552077496,101
2024-09-20 11:45:17.716000,428.27061139495447,103
2024-09-20 11:45:17.730000,428.2759609151117,995
2024-09-20 11:45:17.843000,428.23209241213,101
2024-09-20 11:45:17.906000,428.2447817702506,996
2024-09-20 11:45:18.125000,428.2070598057287,102
2024-09-20 11:45:18.187000,428.2519400135087,995
2024-09-20 11:45:18.253000,428.2251430083183,105
2024-09-20 11:45:18.290000,428.19030890199497,13
2024-09-20 11:45:18.339000,428.1919524443062,1005
2024-09-20 11:45:18.419000,428.18089156839153,9
2024-09-20 11:45:18.505000,428.2287401942264,100
2024-09-20 11:45:18.669000,428.2053974285594,104
2024-09-20 11:45:18.801000,428.2349192481561,997
2024-09-20 11:45:18.851000,428.2476859555397,12
2024-09-20 11:45:18.851000,428.1895014314936,15
2024-09-20 11:45:19.021000,428.3085684445456,103
2024-09-20 11:45:19.031000,428.2444037816261,101
2024-09-20 11:45:19.058000,428.22260288185055,995
2024-09-20 11:45:19.210000,428.30646634356464,99
2024-09-20 11:45:19.282000,428.2466516019677,13
2024-09-20 11:45:19.309000,428.23131276012407,1002
2024-09-20 11:45:19.351000,428.2848559170479,1005
2024-09-20 11:45:19.394000,428.2938401035936,10
2024-09-20 11:45:19.414000,428.2866404975738,95
2024-09-20 11:45:19.458000,428.2334046007662,13
2024-09-20 11:45:19.489000,428.2994566197496,102
2024-09-20 11:45:19.514000,428.2765426959176,1004
2024-09-20 11:45:19.593000,428.2006529395162,105
2024-09-20 11:45:19.638000,428.3022549575811,102
2024-09-20 11:45:19.639000,428.2902117021303,998
2024-09-20 11:45:19.709000,428.2968282125229,997
2024-09-20 11:45:19.862000,428.229693843488,13
2024-09-20 11:45:19.894000,428.2929045692496,5
2024-09-20 11:45:19.923000,428.2902850699142,1001
2024-09-20 11:45:19.947000,428.2654586506708,105
2024-09-20 11:45:20.473000,428.3218549469327,1002
2024-09-20 11:45:21.373000,428.3280165401565,7
2024-09-20 11:45:21.897000,428.3180747880295,8
2024-09-20 11:45:21.952000,428.3242564367315,7
2024-09-20 11:45:22.018000,428.3239074336059,96
2024-09-20 11:45:22.030000,428.3420762620497,996
2024-09-20 11:45:22.040000,428.3155143048701,97
2024-09-20 11:45:22.078000,428.3444435880535,1002
2024-09-20 11:45:22.101000,428.3411655561109,10
2024-09-20 11:45:22.196000,428.3580282924488,999
2024-09-20 11:45:22.220000,428.3610429000203,1000
2024-09-20 11:45:22.231000,428.3249328486508,10
2024-09-20 11:45:22.240000,428.339191623916,10
2024-09-20 11:45:22.338000,428.319791295732,995
2024-09-20 11:45:22.403000,428.3158279371026,103
2024-09-20 11:45:22.536000,428.3215191081933,100
2024-09-20 11:45:22.554000,428.3686730308256,997
2024-09-20 11:45:22.618000,428.35737711787857,5
2024-09-20 11:45:22.652000,428.3343720377964,1005
2024-09-20 11:45:22.663000,428.3054247758007,1004
2024-09-20 11:45:22.690000,428.3234004330256,1004
2024-09-20 11:45:22.728000,428.3083282005715,1001
2024-09-20 11:45:22.729000,428.3221202486123,1001
2024-09-20 11:45:22.735000,428.30686309665134,13
2024-09-20 11:45:22.761000,428.30838023322445,101
2024-09-20 11:45:22.804000,428.3186078764128,996
2024-09-20 11:45:22.824000,428.3071351199569,10
2024-09-20 11:45:22.867000,428.333466072373,11
2024-09-20 11:45:22.876000,428.331609062296,6
2024-09-20 11:45:22.931000,428.3190521619738,99
2024-09-20 11:45:22.987000,428.3183362376542,5
2024-09-20 11:45:22.997000,428.3217333670802,100
2024-09-20 11:45:23.040000,428.2964780140791,8
2024-09-20 11:45:23.042000,428.3139455569799,104
2024-09-20 11:45:23.056000,428.3110233927032,10
2024-09-20 11:45:23.062000,428.29566478916576,1004
2024-09-20 11:45:23.110000,428.30566137836297,1000
2024-09-20 11:45:23.235000,428.30754709797606,13
2024-09-20 11:45:23.246000,428.29107446002496,7
2024-09-20 11:45:23.266000,428.31335049990594,996
2024-09-20 11:45:23.287000,428.2939627967276,12
2024-09-20 11:45:23.366000,428.2947900905878,999
2024-09-20 11:45:23.436000,428.3545617384584,12
2024-09-20 11:45:23.442000,428.33368811023024,1001
2024-09-20 11:45:23.474000,428.2929511082186,102
2024-09-20 11:45:23.523000,428.3460941971695,14
2024-09-20 11:45:23.558000,428.344264561078,12
2024-09-20 11:45:23.664000,428.3132647222668,105
2024-09-20 11:45:23.698000,428.3336681529036,5
2024-09-20 11:45:23.704000,428.3159343775236,9
2024-09-20 11:45:23.779000,428.3090763239287,13
2024-09-20 11:45:23.796000,428.3100531576874,96
2024-09-20 11:45:23.967000,428.3124999763611,998
2024-09-20 11:45:25.014000,428.34479686895054,102
2024-09-20 11:45:25.086000,428.34598342521394,1000
2024-09-20 11:45:25.250000,428.3574120032622,96
2024-09-20 11:45:25.403000,428.3621428176593,97
2024-09-20 11:45:25.449000,428.35805637400057,13
2024-09-20 11:45:25.513000,428.3502581713553,96
2024-09-20 11:45:25.583000,428.3664086793799,105
2024-09-20 11:45:25.627000,428.3551680964782,997
2024-09-20 11:45:25.725000,428.3627901519127,1000
2024-09-20 11:45:25.881000,428.3820353469735,996
2024-09-20 11:45:26.181000,428.3335805661895,999
2024-09-20 11:45:26.627000,428.35566977272015,6
2024-09-20 11:45:26.656000,428.3535395015414,11
2024-09-20 11:45:26.736000,428.34772819154585,996
2024-09-20 11:45:26.908000,428.34701525565697,1000
2024-09-20 11:45:26.910000,428.34346069418416,97
2024-09-20 11:45:26.922000,428.3631519798133,11
2024-09-20 11:45:26.966000,428.3430072519728,101
2024-09-20 11:45:27.030000,428.27548890579607,6
2024-09-20 11:45:27.035000,428.29847217433513,99
2024-09-20 11:45:27.037000,428.31772628505297,14
2024-09-20 11:45:27.062000,428.280145344878,96
2024-09-20 11:45:27.184000,428.2840890559585,100
2024-09-20 11:45:27.210000,428.2839053883647,100
2024-09-20 11:45:27.223000,428.2907925404999,102
2024-09-20 11:45:27.229000,428.2910978547856,1002
2024-09-20 11:45:27.304000,428.3081781194229,1002
2024-09-20 11:45:27.359000,428.27809238363153,105
2024-09-20 11:45:27.531000,428.3013554025031,95
2024-09-20 11:45:27.575000,428.2921952689092,13
2024-09-20 11:45:27.597000,428.2915143860062,103
2024-09-20 11:45:27.607000,428.31293355575417,99
2024-09-20 11:45:27.652000,428.2789857514117,101
2024-09-20 11:45:27.657000,428.3011207858009,1004
2024-09-20 11:45:27.788000,428.2794948763256,1005
2024-09-20 11:45:27.836000,428.31229166083153,1005
2024-09-20 11:45:27.839000,428.3023077474642,999
2024-09-20 11:45:27.854000,428.31988498283846,15
2024-09-20 11:45:27.872000,428.2840439640853,1000
2024-09-20 11:45:27.953000,428.30143745798017,1003
2024-09-20 11:45:28.093000,428.2919981417768,5
2024-09-20 11:45:28.123000,428.22884639593417,995
2024-09-20 11:45:28.432000,428.2858575890439,997
2024-09-20 11:45:28.567000,428.2647864668847,100
2024-09-20 11:45:28.980000,428.23600202032776,996
2024-09-20 11:45:30.003000,428.18614412565233,15
2024-09-20 11:45:30.357000,428.1921674084149,15
2024-09-20 11:45:30.397000,428.2041189029462,1002
2024-09-20 11:45:30.573000,428.19626699628265,99
2024-09-20 11:45:30.634000,428.2145771450148,1004
2024-09-20 11:45:30.802000,428.20159708267056,1003
2024-09-20 11:45:30.866000,428.1866044632536,96
2024-09-20 11:45:31.023000,428.1861357487739,104
2024-09-20 11:45:31.102000,428.17260262542607,104
2024-09-20 11:45:31.468000,428.1997544606848,1002
2024-09-20 11:45:31.478000,428.1792664659648,9
2024-09-20 11:45:31.645000,428.1697161420768,104
2024-09-20 11:45:31.681000,428.1776926947306,12
2024-09-20 11:45:31.703000,428.1939214410005,997
2024-09-20 11:45:32.252000,428.1760499889925,997
2024-09-20 11:45:32.396000,428.1722112428719,101
2024-09-20 11:45:32.966000,428.177890370182,995
2024-09-20 11:45:33.194000,428.1703968742856,7
2024-09-20 11:45:33.466000,428.1753073430236,98
2024-09-20 11:45:33.910000,428.1803018624015,995
2024-09-20 11:45:35.031000,428.0879976327385,103
2024-09-20 11:45:35.040000,428.157802626163,1005
2024-09-20 11:45:35.114000,428.1093371211679,103
2024-09-20 11:45:35.123000,428.1531349011554,99
2024-09-20 11:45:35.234000,428.1563895362759,998
2024-09-20 11:45:35.245000,428.1432511257839,104
2024-09-20 11:45:35.287000,428.1786422271341,15
2024-09-20 11:45:35.307000,428.1787907208512,103
2024-09-20 11:45:35.333000,428.1622030107608,12
2024-09-20 11:45:35.346000,428.1666811537578,12
2024-09-20 11:45:35.371000,428.15677863784776,103
2024-09-20 11:45:35.388000,428.1521657446655,1005
2024-09-20 11:45:35.426000,428.1101904310568,104
2024-09-20 11:45:35.442000,428.1404759569145,15
2024-09-20 11:45:35.460000,428.1761621542223,1005
2024-09-20 11:45:35.506000,428.1124555095992,1000
2024-09-20 11:45:35.547000,428.11366739798456,995
2024-09-20 11:45:35.624000,428.16312338038506,6
2024-09-20 11:45:35.664000,428.1659829180682,100
2024-09-20 11:45:35.684000,428.18387162069695,995
2024-09-20 11:45:35.695000,428.1136577864464,96
2024-09-20 11:45:35.752000,428.1130540369859,9
2024-09-20 11:45:35.772000,428.1602102302877,101
2024-09-20 11:45:35.785000,428.16862748877867,995
2024-09-20 11:45:35.820000,428.112907650098,7
2024-09-20 11:45:35.845000,428.1733725747063,997
2024-09-20 11:45:35.861000,428.1592972643269,97
2024-09-20 11:45:35.996000,428.0950366846777,998
2024-09-20 11:45:36.112000,428.0971267442167,997
2024-09-20 11:45:36.172000,428.0339462879608,96
2024-09-20 11:45:36.191000,428.01332580632703,105
2024-09-20 11:45:36.262000,428.0991889540204,100
2024-09-20 11:45:36.304000,428.03621677599256,1004
2024-09-20 11:45:36.325000,428.0367862716401,996
2024-09-20 11:45:36.331000,428.07713771580137,98
2024-09-20 11:45:36.432000,428.0692590109162,996
2024-09-20 11:45:36.472000,428.107477308311,5
2024-09-20 11:45:36.488000,428.06484679236223,9
2024-09-20 11:45:36.505000,428.09343831056776,15
2024-09-20 11:45:36.517000,428.0875133875175,999
2024-09-20 11:45:36.540000,427.9802532467274,101
2024-09-20 11:45:36.540000,427.9974206744389,99
2024-09-20 11:45:36.547000,428.0555539821031,15
2024-09-20 11:45:36.548000,428.05070901619536,996
2024-09-20 11:45:36.548000,428.0462021967182,101
2024-09-20 11:45:36.580000,428.10202016644064,95
2024-09-20 11:45:36.587000,428.0578397546538,1002
2024-09-20 11:45:36.692000,428.083348199672,103
2024-09-20 11:45:36.700000,427.9848045382449,102
2024-09-20 11:45:36.701000,428.09408269565137,995
2024-09-20 11:45:36.758000,428.0582509418139,998
2024-09-20 11:45:36.788000,428.0512963768362,96
2024-09-20 11:45:36.861000,428.1014567176575,100
2024-09-20 11:45:36.864000,427.9927050284027,103
2024-09-20 11:45:36.873000,428.02931211557046,9
2024-09-20 11:45:36.873000,428.0721144141464,14
2024-09-20 11:45:36.879000,428.0855275037272,1000
2024-09-20 11:45:36.996000,428.1073438734573,104
2024-09-20 11:45:37.012000,427.97828325667206,995
2024-09-20 11:45:37.023000,428.0602013219773,1001
2024-09-20 11:45:37.056000,427.965159154308,995
2024-09-20 11:45:37.085000,427.9702180700209,11
2024-09-20 11:45:37.146000,428.062148446161,98
2024-09-20 11:45:37.150000,427.9872687393424,101
2024-09-20 11:45:37.170000,428.0527499564009,5
2024-09-20 11:45:37.198000,428.0817115794611,1005
2024-09-20 11:45:37.207000,428.0586286339591,8
2024-09-20 11:45:37.227000,428.0250538783452,105
2024-09-20 11:45:37.406000,428.0800896340178,103
2024-09-20 11:45:37.477000,427.9735334304152,5
2024-09-20 11:45:37.511000,428.0115305979962,105
2024-09-20 11:45:37.550000,428.1015463182828,5
2024-09-20 11:45:37.557000,428.0757843096656,1003
2024-09-20 11:45:37.659000,428.0510513083671,996
2024-09-20 11:45:37.728000,428.07578108350987,998
2024-09-20 11:45:37.750000,427.9766227641568,96
2024-09-20 11:45:37.811000,427.9796686039966,5
2024-09-20 11:45:37.814000,427.9872833832509,95
2024-09-20 11:45:37.867000,428.0534018308564,1002
2024-09-20 11:45:37.915000,428.0489416408639,1002
2024-09-20 11:45:37.919000,427.97682642372826,96
2024-09-20 11:45:38.007000,428.1629184024095,13
2024-09-20 11:45:38.032000,428.2377256107068,7
2024-09-20 11:45:38.050000,428.1279515326311,101
2024-09-20 11:45:38.059000,428.1986181212447,1005
2024-09-20 11:45:38.077000,428.1483535153408,102
2024-09-20 11:45:38.104000,428.1171912852295,5
2024-09-20 11:45:38.138000,428.1268386748261,5
2024-09-20 11:45:38.147000,428.1160048928495,96
2024-09-20 11:45:38.169000,428.2298758297874,997
2024-09-20 11:45:38.217000,428.2074039459295,13
2024-09-20 11:45:38.254000,428.12058423888186,99
2024-09-20 11:45:38.261000,428.2207299490537,10
2024-09-20 11:45:38.267000,428.1322102296206,8
2024-09-20 11:45:38.273000,428.1190199937952,105
2024-09-20 11:45:38.295000,428.11441919745727,98
2024-09-20 11:45:38.309000,428.24435529956,10
2024-09-20 11:45:38.332000,428.1833166037997,1002
2024-09-20 11:45:38.381000,428.1353243431412,1001
2024-09-20 11:45:38.562000,428.1248906670567,96
2024-09-20 11:45:38.596000,428.105674120909,1002
2024-09-20 11:45:38.706000,428.14024085092734,996
2024-09-20 11:45:38.716000,428.1106022840224,995
2024-09-20 11:45:38.737000,428.2347597424065,105
2024-09-20 11:45:38.738000,428.2248118716185,8
2024-09-20 11:45:38.746000,428.1366643662775,13
2024-09-20 11:45:38.847000,428.1406157895504,9
2024-09-20 11:45:38.849000,428.1213788051947,100
2024-09-20 11:45:38.962000,428.1133820412635,995
2024-09-20 11:45:38.995000,428.20412573361847,995
2024-09-20 11:45:39.407000,428.2284692256626,999
2024-09-20 11:45:39.445000,428.2415992157227,9
2024-09-20 11:45:39.603000,428.222519997995,97
2024-09-20 11:45:39.779000,428.2367844708148,10
2024-09-20 11:45:39.927000,428.21867639178754,12
2024-09-20 11:45:39.970000,428.2212228632776,1000
2024-09-20 11:45:39.980000,428.2261431914234,100
2024-09-20 11:45:40.021000,428.3180966916492,1005
2024-09-20 11:45:40.052000,428.3137348279684,1003
2024-09-20 11:45:40.137000,428.33029495889497,102
2024-09-20 11:45:40.169000,428.2654126546213,12
2024-09-20 11:45:40.218000,428.28282421281017,103
2024-09-20 11:45:40.249000,428.22199839396353,96
2024-09-20 11:45:40.253000,428.2990534483666,97
2024-09-20 11:45:40.375000,428.30611104342375,100
2024-09-20 11:45:40.386000,428.2949204721148,11
2024-09-20 11:45:40.488000,428.3022548429852,5
2024-09-20 11:45:40.503000,428.2251767073012,10
2024-09-20 11:45:40.506000,428.2781976549309,96
2024-09-20 11:45:40.572000,428.2428582737148,99
2024-09-20 11:45:40.625000,428.26494844928993,100
2024-09-20 11:45:40.629000,428.3439240003399,97
2024-09-20 11:45:40.636000,428.21439186406894,8
2024-09-20 11:45:40.651000,428.2320313247183,101
2024-09-20 11:45:40.664000,428.3494325346724,9
2024-09-20 11:45:40.734000,428.2580532920189,11
2024-09-20 11:45:40.781000,428.2344305581588,9
2024-09-20 11:45:40.792000,428.3229321830135,6
2024-09-20 11:45:40.801000,428.2207587112064,1002
2024-09-20 11:45:40.821000,428.3138382328085,11
2024-09-20 11:45:40.896000,428.3354916988819,11
2024-09-20 11:45:40.918000,428.313530788205,100
2024-09-20 11:45:40.961000,428.2153250375728,15
2024-09-20 11:45:40.988000,428.3117863852552,998
2024-09-20 11:45:40.996000,428.3179022065411,100
2024-09-20 11:45:41.010000,428.35174376808834,98
2024-09-20 11:45:41.025000,428.3251283360634,5
2024-09-20 11:45:41.134000,428.3162803939968,10
2024-09-20 11:45:41.159000,428.3180511629187,1005
2024-09-20 11:45:41.226000,428.3559556503482,100
2024-09-20 11:45:41.322000,428.3378490493101,103
2024-09-20 11:45:41.362000,428.33384147128766,98
2024-09-20 11:45:41.426000,428.3312244987917,102
2024-09-20 11:45:41.463000,428.3226911853848,995
2024-09-20 11:45:41.467000,428.3169088059595,10
2024-09-20 11:45:41.519000,428.3125838173533,8
2024-09-20 11:45:41.583000,428.3209800327393,102
2024-09-20 11:45:41.625000,428.3067645797206,100
2024-09-20 11:45:41.688000,428.3501389717276,1001
2024-09-20 11:45:41.689000,428.330729285346,99
2024-09-20 11:45:41.698000,428.35936188667466,6
2024-09-20 11:45:41.714000,428.3390623689079,100
2024-09-20 11:45:41.717000,428.3113023113104,1003
2024-09-20 11:45:41.851000,428.3039840263533,11
2024-09-20 11:45:41.857000,428.329716751259,7
2024-09-20 11:45:41.921000,428.3162888905263,995
2024-09-20 11:45:41.959000,428.3499376999279,10
2024-09-20 11:45:42.007000,428.3669624881824,7
2024-09-20 11:45:42.026000,428.36072904655447,12
2024-09-20 11:45:42.096000,428.3748926880534,10
2024-09-20 11:45:42.098000,428.3439129708171,100
2024-09-20 11:45:42.137000,428.346456837359,6
2024-09-20 11:45:42.146000,428.3735082743189,996
2024-09-20 11:45:42.180000,428.3740708483162,7
2024-09-20 11:45:42.282000,428.3400075262677,11
2024-09-20 11:45:42.300000,428.3841050030812,103
2024-09-20 11:45:42.357000,428.3626454237402,1005
2024-09-20 11:45:42.511000,428.4082461201375,101
2024-09-20 11:45:42.570000,428.3703502204237,6
2024-09-20 11:45:42.650000,428.3750816174756,10
2024-09-20 11:45:42.696000,428.4214311015424,7
2024-09-20 11:45:42.701000,428.3905625009893,98
2024-09-20 11:45:42.761000,428.3634251968052,1005
2024-09-20 11:45:42.854000,428.3568534903518,1004
2024-09-20 11:45:42.874000,428.3566706142376,997
2024-09-20 11:45:42.913000,428.37250481952015,103
2024-09-20 11:45:42.942000,428.3609548142225,6
2024-09-20 11:45:42.989000,428.40754338549976,12
2024-09-20 11:45:43.028000,428.36112207157936,10
2024-09-20 11:45:43.036000,428.3504849833127,997
2024-09-20 11:45:43.129000,428.31802017323264,997
2024-09-20 11:45:43.286000,428.3628409288869,1000
2024-09-20 11:45:43.298000,428.3274215307081,7
2024-09-20 11:45:43.386000,428.3756559326012,98
2024-09-20 11:45:43.390000,428.3468913797036,103
2024-09-20 11:45:43.430000,428.3641548513913,14
2024-09-20 11:45:43.522000,428.3681537644338,1002
2024-09-20 11:45:43.646000,428.34885004198776,98
2024-09-20 11:45:43.660000,428.3614800297082,96
2024-09-20 11:45:43.691000,428.3596744888434,10
2024-09-20 11:45:43.902000,428.366536433026,101
2024-09-20 11:45:43.932000,428.3767102055511,10
2024-09-20 11:45:43.954000,428.36571566737865,1004
2024-09-20 11:45:43.955000,428.338735456141,995
2024-09-20 11:45:44.011000,428.3047578159701,96
2024-09-20 11:45:44.060000,428.3324006054782,8
2024-09-20 11:45:44.061000,428.33187612396944,100
2024-09-20 11:45:44.076000,428.3470071900328,105
2024-09-20 11:45:44.088000,428.3619841793008,14
2024-09-20 11:45:44.139000,428.36881423337513,97
2024-09-20 11:45:44.315000,428.3587255546626,1001
2024-09-20 11:45:44.513000,428.3271065212642,9
2024-09-20 11:45:44.513000,428.3597938931336,104
2024-09-20 11:45:44.557000,428.3623955425148,96
2024-09-20 11:45:44.629000,428.3246267099614,997
2024-09-20 11:45:44.656000,428.3660202004352,1004
2024-09-20 11:45:44.695000,428.346196985295,101
2024-09-20 11:45:44.713000,428.3516735683648,97
2024-09-20 11:45:44.762000,428.3191494406215,96
2024-09-20 11:45:44.787000,428.3485059540294,95
2024-09-20 11:45:44.874000,428.3176565867549,1002
2024-09-20 11:45:44.907000,428.3351361263044,96
2024-09-20 11:45:44.923000,428.351787428282,97
2024-09-20 11:45:44.934000,428.35797405952206,11
2024-09-20 11:45:44.955000,428.3217657275049,102
2024-09-20 11:45:45,428.4344611030679,996
2024-09-20 11:45:45.044000,428.4350362819165,1005
2024-09-20 11:45:45.159000,428.4350527693472,10
2024-09-20 11:45:45.186000,428.34204836486697,13
2024-09-20 11:45:45.193000,428.4431786453035,97
2024-09-20 11:45:45.265000,428.4232686348528,98
2024-09-20 11:45:45.301000,428.4235647475824,7
2024-09-20 11:45:45.416000,428.4520211555493,996
2024-09-20 11:45:45.600000,428.4065492145469,8
2024-09-20 11:45:45.609000,428.4409436733874,1004
2024-09-20 11:45:45.644000,428.3715188957672,1001
2024-09-20 11:45:45.664000,428.4461616209197,996
2024-09-20 11:45:45.666000,428.4667189038014,98
2024-09-20 11:45:45.705000,428.4309148240412,1005
2024-09-20 11:45:45.728000,428.3833119958515,102
2024-09-20 11:45:45.801000,428.4556143493019,101
2024-09-20 11:45:45.863000,428.42141543809095,997
2024-09-20 11:45:45.968000,428.4528943127992,995
2024-09-20 11:45:46.012000,428.3690313049161,97
2024-09-20 11:45:46.066000,428.36683247760095,100
2024-09-20 11:45:46.142000,428.4343836385369,1004
2024-09-20 11:45:46.143000,428.3631558742532,997
2024-09-20 11:45:46.181000,428.4282805883561,103
2024-09-20 11:45:46.197000,428.40013288038375,1005
2024-09-20 11:45:46.382000,428.3200369842299,95
2024-09-20 11:45:46.388000,428.3298478336085,998
2024-09-20 11:45:46.600000,428.403450879024,1002
2024-09-20 11:45:46.646000,428.333347047726,7
2024-09-20 11:45:46.671000,428.3266783923469,996
2024-09-20 11:45:46.682000,428.3339367568474,102
2024-09-20 11:45:46.773000,428.4345293693387,15
2024-09-20 11:45:46.812000,428.3778495893962,11
2024-09-20 11:45:46.843000,428.31508405881874,97
2024-09-20 11:45:46.886000,428.3638325468191,9
2024-09-20 11:45:46.900000,428.394127986184,100
2024-09-20 11:45:46.974000,428.4359224813997,1003
2024-09-20 11:45:47.142000,428.3588253656435,998
2024-09-20 11:45:47.152000,428.3511586551095,9
2024-09-20 11:45:47.220000,428.3315526231586,995
2024-09-20 11:45:47.489000,428.3543833486036,96
2024-09-20 11:45:47.620000,428.3317763921536,96
2024-09-20 11:45:47.648000,428.35621642593713,7
2024-09-20 11:45:47.859000,428.3229533385447,1003
2024-09-20 11:45:47.905000,428.3509112890846,98
2024-09-20 11:45:47.906000,428.3519460058956,95
2024-09-20 11:45:48.030000,428.3358930507172,1004
2024-09-20 11:45:48.054000,428.3334821290442,999
2024-09-20 11:45:48.113000,428.3203769338248,11
2024-09-20 11:45:48.116000,428.32679165055225,997
2024-09-20 11:45:48.138000,428.3366076375862,98
2024-09-20 11:45:48.152000,428.3020745982549,1004
2024-09-20 11:45:48.173000,428.30835702458114,7
2024-09-20 11:45:48.260000,428.296229481993,11
2024-09-20 11:45:48.262000,428.2882125690005,1004
2024-09-20 11:45:48.282000,428.32308611306695,8
2024-09-20 11:45:48.283000,428.3111997417605,100
2024-09-20 11:45:48.316000,428.337570992074,95
2024-09-20 11:45:48.325000,428.2985405686906,996
2024-09-20 11:45:48.369000,428.3281358332932,12
2024-09-20 11:45:48.382000,428.3265135435519,100
2024-09-20 11:45:48.466000,428.3084785888409,998
2024-09-20 11:45:48.531000,428.3306645948584,102
2024-09-20 11:45:48.562000,428.2988587265858,1005
2024-09-20 11:45:48.596000,428.3032110569333,100
2024-09-20 11:45:48.670000,428.3211005773862,12
2024-09-20 11:45:48.689000,428.3191015785697,1001
2024-09-20 11:45:48.760000,428.3227442335786,1000
2024-09-20 11:45:48.779000,428.3319714907112,1001
2024-09-20 11:45:48.785000,428.3397492799624,12
2024-09-20 11:45:48.809000,428.3347031692219,12
2024-09-20 11:45:48.853000,428.3223998901994,14
2024-09-20 11:45:48.890000,428.3174558585283,6
2024-09-20 11:45:48.963000,428.3317396541075,999
2024-09-20 11:45:48.969000,428.327144459228,996
2024-09-20 11:45:49.081000,428.3620089118361,6
2024-09-20 11:45:49.177000,428.3593307564684,995
2024-09-20 11:45:49.181000,428.3472686452114,14
2024-09-20 11:45:49.194000,428.3495233516656,100
2024-09-20 11:45:49.205000,428.3598099926157,996
2024-09-20 11:45:49.220000,428.3027021671532,1002
2024-09-20 11:45:49.222000,428.32548657072,95
2024-09-20 11:45:49.270000,428.35058787410406,15
2024-09-20 11:45:49.277000,428.34518893309513,98
2024-09-20 11:45:49.282000,428.3363051385567,101
2024-09-20 11:45:49.343000,428.36581511653225,96
2024-09-20 11:45:49.349000,428.35632526657207,103
2024-09-20 11:45:49.356000,428.3056762003352,1000
2024-09-20 11:45:49.401000,428.3553571516919,12
2024-09-20 11:45:49.430000,428.31961434288326,13
2024-09-20 11:45:49.496000,428.3577596718317,9
2024-09-20 11:45:49.545000,428.3323472181998,1005
2024-09-20 11:45:49.554000,428.3516589474548,9
2024-09-20 11:45:49.612000,428.3414990403557,13
2024-09-20 11:45:49.637000,428.35958539232274,997
2024-09-20 11:45:49.684000,428.3688115519395,999
2024-09-20 11:45:49.752000,428.3478724121758,5
2024-09-20 11:45:49.867000,428.31609472306553,97
2024-09-20 11:45:49.894000,428.3500151670755,995
2024-09-20 11:45:49.939000,428.29398489031297,1002
2024-09-20 11:45:49.982000,428.34986706213147,96
2024-09-20 11:45:49.998000,428.3353416452213,996
2024-09-20 11:45:50.019000,428.3672385791042,104
2024-09-20 11:45:50.037000,428.3070706720285,1005
2024-09-20 11:45:50.078000,428.2936453058264,995
2024-09-20 11:45:50.080000,428.3896243639728,102
2024-09-20 11:45:50.115000,428.3203742983069,96
2024-09-20 11:45:50.146000,428.3102758494339,99
2024-09-20 11:45:50.180000,428.3832727344303,1003
2024-09-20 11:45:50.312000,428.3054208426648,98
2024-09-20 11:45:50.329000,428.3868360454377,15
2024-09-20 11:45:50.412000,428.3456404664515,15
2024-09-20 11:45:50.414000,428.2963740773547,1004
2024-09-20 11:45:50.462000,428.3916890664278,12
2024-09-20 11:45:50.474000,428.327024562768,5
2024-09-20 11:45:50.511000,428.3122672423459,103
2024-09-20 11:45:50.552000,428.384446002156,997
2024-09-20 11:45:50.571000,428.3556321022966,6
2024-09-20 11:45:50.667000,428.3063079855387,1004
2024-09-20 11:45:50.753000,428.321681622843,95
2024-09-20 11:45:50.767000,428.3697040983441,8
2024-09-20 11:45:50.815000,428.30082157762126,1000
2024-09-20 11:45:50.891000,428.3106857683456,995
2024-09-20 11:45:50.920000,428.29966236979686,95
2024-09-20 11:45:50.924000,428.2913736304805,105
2024-09-20 11:45:50.957000,428.3566193720852,105
2024-09-20 11:45:50.962000,428.3332593831919,99
2024-09-20 11:45:51.010000,428.3258940049938,15
2024-09-20 11:45:51.049000,428.2744453965209,5
2024-09-20 11:45:51.069000,428.3910956476071,997
2024-09-20 11:45:51.115000,428.3292600350794,10
2024-09-20 11:45:51.167000,428.3400888001938,996
2024-09-20 11:45:51.192000,428.2740763162256,97
2024-09-20 11:45:51.208000,428.2742866871953,96
2024-09-20 11:45:51.239000,428.27260430238266,15
2024-09-20 11:45:51.310000,428.3039816373837,102
2024-09-20 11:45:51.404000,428.2731356723212,101
2024-09-20 11:45:51.412000,428.2979002865512,5
2024-09-20 11:45:51.412000,428.3857442331309,1004
2024-09-20 11:45:51.517000,428.2688916062294,102
2024-09-20 11:45:51.588000,428.3772617044847,1002
2024-09-20 11:45:51.601000,428.26591633541113,996
2024-09-20 11:45:51.679000,428.2690196777429,12
2024-09-20 11:45:51.795000,428.2693845584054,999
2024-09-20 11:45:51.979000,428.3577837602379,995
2024-09-20 11:45:52.076000,428.2980114620055,1004
2024-09-20 11:45:52.135000,428.28606423986434,101
2024-09-20 11:45:52.149000,428.3010927208469,8
2024-09-20 11:45:52.320000,428.295423347258,7
2024-09-20 11:45:52.391000,428.3093143340985,1000
2024-09-20 11:45:52.524000,428.2561314542774,100
2024-09-20 11:45:52.681000,428.2794032147664,10
2024-09-20 11:45:52.867000,428.3005636741113,998
2024-09-20 11:45:52.918000,428.2973143863498,12
2024-09-20 11:45:53.037000,428.26081223636055,98
2024-09-20 11:45:53.059000,428.3262911432594,99
2024-09-20 11:45:53.060000,428.3450336530572,95
2024-09-20 11:45:53.091000,428.2959730299675,104
2024-09-20 11:45:53.140000,428.3086834384467,997
2024-09-20 11:45:53.265000,428.2964431186422,97
2024-09-20 11:45:53.302000,428.3381982224493,999
2024-09-20 11:45:53.348000,428.26519311090783,1005
2024-09-20 11:45:53.354000,428.260393373362,15
2024-09-20 11:45:53.458000,428.3104704959291,104
2024-09-20 11:45:53.584000,428.261532037029,9
2024-09-20 11:45:53.585000,428.3374868425333,1005
2024-09-20 11:45:53.639000,428.3230405469293,102
2024-09-20 11:45:53.640000,428.2882955088787,100
2024-09-20 11:45:53.748000,428.3426927242603,15
2024-09-20 11:45:53.806000,428.3234065220864,9
2024-09-20 11:45:53.861000,428.26177510575246,14
2024-09-20 11:45:53.865000,428.313590125344,1000
2024-09-20 11:45:53.870000,428.289339606439,7
2024-09-20 11:45:53.879000,428.27175009672806,6
2024-09-20 11:45:53.890000,428.2835873504865,1004
2024-09-20 11:45:53.905000,428.28260663074224,998
2024-09-20 11:45:53.908000,428.3218478269539,1001
2024-09-20 11:45:53.913000,428.2901713386726,101
2024-09-20 11:45:53.926000,428.2987636746813,1004
2024-09-20 11:45:53.949000,428.2564410543257,11
2024-09-20 11:45:54.184000,428.3269539953184,8
2024-09-20 11:45:54.356000,428.32255497723486,1003
2024-09-20 11:45:54.476000,428.3067359263859,104
2024-09-20 11:45:54.575000,428.31938542926224,105
2024-09-20 11:45:54.731000,428.3309033185273,10
2024-09-20 11:45:55.013000,428.38769790006137,13
2024-09-20 11:45:55.063000,428.3709733061695,95
2024-09-20 11:45:55.076000,428.3842383847426,12
2024-09-20 11:45:55.095000,428.3790927198136,995
2024-09-20 11:45:55.371000,428.3817108844653,995
2024-09-20 11:45:55.684000,428.3673499047871,105
2024-09-20 11:45:56.397000,428.3910907122437,101
2024-09-20 11:45:57.019000,428.4017025291466,98
2024-09-20 11:45:57.023000,428.445188522662,99
2024-09-20 11:45:57.089000,428.3708291901452,98
2024-09-20 11:45:57.274000,428.44148416598847,14
2024-09-20 11:45:57.277000,428.4493888420079,9
2024-09-20 11:45:57.317000,428.4410217032509,105
2024-09-20 11:45:57.359000,428.36282319282856,97
2024-09-20 11:45:57.408000,428.3753070993782,15
2024-09-20 11:45:57.516000,428.4445115710631,103
2024-09-20 11:45:57.551000,428.3806893164961,995
2024-09-20 11:45:57.606000,428.4443772870329,103
2024-09-20 11:45:57.616000,428.4300643298695,101
2024-09-20 11:45:57.686000,428.36570015080304,99
2024-09-20 11:45:57.710000,428.4126685582703,995
2024-09-20 11:45:57.723000,428.461876913663,9
2024-09-20 11:45:57.835000,428.3759201955274,5
2024-09-20 11:45:57.915000,428.3931933204663,8
2024-09-20 11:45:57.921000,428.42797546101184,11
2024-09-20 11:45:57.925000,428.38705224588006,95
2024-09-20 11:45:57.926000,428.3640029268164,98
2024-09-20 11:45:57.985000,428.36302693597054,95
2024-09-20 11:45:58.030000,428.3707445993237,11
2024-09-20 11:45:58.044000,428.3650337252565,103
2024-09-20 11:45:58.059000,428.3673443778257,8
2024-09-20 11:45:58.060000,428.447429776264,97
2024-09-20 11:45:58.066000,428.4769326764147,96
2024-09-20 11:45:58.198000,428.4130671551205,9
2024-09-20 11:45:58.231000,428.3885766700604,15
2024-09-20 11:45:58.242000,428.3981770124186,105
2024-09-20 11:45:58.266000,428.3985093482625,1003
2024-09-20 11:45:58.313000,428.420574992927,105
2024-09-20 11:45:58.313000,428.4018336370218,1001
2024-09-20 11:45:58.334000,428.3642300066476,998
2024-09-20 11:45:58.344000,428.3511742064457,999
2024-09-20 11:45:58.384000,428.4299914046448,103
2024-09-20 11:45:58.408000,428.39676493138376,9
2024-09-20 11:45:58.499000,428.405732051732,9
2024-09-20 11:45:58.563000,428.3962466584916,105
2024-09-20 11:45:58.685000,428.4135096275976,12
2024-09-20 11:45:58.729000,428.3799819894182,96
2024-09-20 11:45:58.783000,428.40498011117216,998
2024-09-20 11:45:58.787000,428.392396150025,105
2024-09-20 11:45:58.881000,428.38789863797433,105
2024-09-20 11:45:58.915000,428.437744332269,11
2024-09-20 11:45:58.933000,428.37514832714817,1000
2024-09-20 11:45:58.980000,428.4053616114505,5
2024-09-20 11:45:59.036000,428.4099775165135,7
2024-09-20 11:45:59.049000,428.4370938785694,105
2024-09-20 11:45:59.138000,428.3977999400143,101
2024-09-20 11:45:59.253000,428.40577366522734,1005
2024-09-20 11:45:59.279000,428.3893147776778,11
2024-09-20 11:45:59.285000,428.39964301903217,99
2024-09-20 11:45:59.326000,428.4437349013703,998
2024-09-20 11:45:59.434000,428.43709640015567,997
2024-09-20 11:45:59.448000,428.383779627926,100
2024-09-20 11:45:59.484000,428.40925440373695,999
2024-09-20 11:45:59.512000,428.3790831552269,12
2024-09-20 11:45:59.567000,428.4332840259575,12
2024-09-20 11:45:59.611000,428.4320437043446,998
2024-09-20 11:45:59.679000,428.4068241690874,10
2024-09-20 11:45:59.715000,428.3771778888752,10
2024-09-20 11:45:59.936000,428.43081721364143,999
2024-09-20 11:45:59.936000,428.40225134073125,999
