Timestamp,Price,Size
2024-09-16 15:46:00.024000,415.1619746706295,96
2024-09-16 15:46:00.060000,415.1926858167436,1005
2024-09-16 15:46:00.188000,415.1203334323672,999
2024-09-16 15:46:00.301000,415.1323390318914,101
2024-09-16 15:46:00.344000,415.1159212985513,98
2024-09-16 15:46:00.361000,415.17125696760456,1002
2024-09-16 15:46:00.382000,415.1162308183581,7
2024-09-16 15:46:00.383000,415.116271410046,95
2024-09-16 15:46:00.423000,415.1368569541265,1005
2024-09-16 15:46:00.426000,415.1223623446291,97
2024-09-16 15:46:00.471000,415.16737597873714,103
2024-09-16 15:46:00.621000,415.1291850162499,9
2024-09-16 15:46:00.629000,415.1840742640232,98
2024-09-16 15:46:00.635000,415.1990970091673,10
2024-09-16 15:46:00.675000,415.1302711515516,95
2024-09-16 15:46:00.735000,415.1465260533306,10
2024-09-16 15:46:00.737000,415.1360469859499,12
2024-09-16 15:46:00.750000,415.13905555716167,103
2024-09-16 15:46:00.751000,415.1479639512561,102
2024-09-16 15:46:00.841000,415.1360495810965,15
2024-09-16 15:46:00.905000,415.1428585384623,104
2024-09-16 15:46:00.936000,415.1311800675326,1004
2024-09-16 15:46:00.991000,415.1830514071211,1004
2024-09-16 15:46:01.035000,415.1421884211936,97
2024-09-16 15:46:01.041000,415.1790022595861,95
2024-09-16 15:46:01.072000,415.1357073993264,6
2024-09-16 15:46:01.160000,415.15240999773255,100
2024-09-16 15:46:01.246000,415.1911736703824,100
2024-09-16 15:46:01.256000,415.1283887170927,99
2024-09-16 15:46:01.263000,415.1282071484028,1000
2024-09-16 15:46:01.281000,415.1813691306766,104
2024-09-16 15:46:01.350000,415.1337039119177,6
2024-09-16 15:46:01.351000,415.1920978275253,100
2024-09-16 15:46:01.364000,415.16441035111865,9
2024-09-16 15:46:01.444000,415.1889863780288,10
2024-09-16 15:46:01.459000,415.1592119903701,5
2024-09-16 15:46:01.484000,415.1890811529005,7
2024-09-16 15:46:01.491000,415.1132919905981,1005
2024-09-16 15:46:01.510000,415.1366571706477,995
2024-09-16 15:46:01.542000,415.2021178455327,7
2024-09-16 15:46:01.602000,415.1812755373264,1003
2024-09-16 15:46:01.604000,415.1444062993483,995
2024-09-16 15:46:01.653000,415.152534861677,998
2024-09-16 15:46:01.667000,415.1827882437113,1002
2024-09-16 15:46:01.695000,415.17232728590176,11
2024-09-16 15:46:01.797000,415.10574671117325,1005
2024-09-16 15:46:01.808000,415.1857097272469,100
2024-09-16 15:46:01.816000,415.1372918078218,1002
2024-09-16 15:46:01.821000,415.14398648977226,98
2024-09-16 15:46:01.921000,415.1209080944205,9
2024-09-16 15:46:01.935000,415.1378809603784,8
2024-09-16 15:46:01.952000,415.13828225954734,1001
2024-09-16 15:46:01.991000,415.1184736732964,7
2024-09-16 15:46:02.089000,416.4259398906542,96
2024-09-16 15:46:02.096000,415.2025372315457,101
2024-09-16 15:46:02.102000,415.2502347891149,1002
2024-09-16 15:46:02.205000,415.20621151457937,999
2024-09-16 15:46:02.366000,415.281045237702,98
2024-09-16 15:46:02.402000,415.2392483190724,997
2024-09-16 15:46:02.413000,415.2116001556674,101
2024-09-16 15:46:02.756000,415.2410441230671,103
2024-09-16 15:46:02.818000,415.2166152654332,9
2024-09-16 15:46:02.875000,415.2565813882019,11
2024-09-16 15:46:02.927000,415.2119568653951,998
2024-09-16 15:46:03.047000,415.2588931138741,6
2024-09-16 15:46:03.104000,415.27221756111,104
2024-09-16 15:46:03.127000,415.2663557813461,98
2024-09-16 15:46:03.166000,415.2921845427138,96
2024-09-16 15:46:03.173000,415.249368515653,14
2024-09-16 15:46:03.212000,415.264894536605,11
2024-09-16 15:46:03.218000,415.2930837883442,997
2024-09-16 15:46:03.471000,415.287727079028,997
2024-09-16 15:46:03.501000,415.26539529319655,11
2024-09-16 15:46:03.580000,415.236863256039,95
2024-09-16 15:46:03.715000,415.26526457064654,104
2024-09-16 15:46:03.751000,415.2883159657517,15
2024-09-16 15:46:04.020000,415.28580544153647,15
2024-09-16 15:46:04.027000,415.2953739244735,14
2024-09-16 15:46:04.074000,415.3289234160091,1003
2024-09-16 15:46:04.090000,415.26408421752666,6
2024-09-16 15:46:04.097000,415.3379990245896,7
2024-09-16 15:46:04.200000,415.29638246721913,99
2024-09-16 15:46:04.393000,415.2871648343468,98
2024-09-16 15:46:04.440000,415.3431979418343,105
2024-09-16 15:46:04.452000,415.2545590500825,104
2024-09-16 15:46:04.548000,415.28121828676217,100
2024-09-16 15:46:04.565000,415.2999623155608,15
2024-09-16 15:46:04.566000,415.27621445442696,1000
2024-09-16 15:46:04.567000,415.29361027828696,1005
2024-09-16 15:46:04.603000,415.3429056342308,11
2024-09-16 15:46:04.645000,415.2654460112661,1000
2024-09-16 15:46:04.663000,415.2886295549429,102
2024-09-16 15:46:04.669000,415.28243145685866,8
2024-09-16 15:46:04.690000,415.3333724623113,14
2024-09-16 15:46:04.730000,415.2978773452262,14
2024-09-16 15:46:04.842000,415.35329022131873,998
2024-09-16 15:46:04.856000,415.3366397410277,15
2024-09-16 15:46:04.864000,415.2784929024834,1003
2024-09-16 15:46:04.976000,415.3572351854066,1003
2024-09-16 15:46:05.022000,415.4064280465851,101
2024-09-16 15:46:05.107000,415.4172889268072,7
2024-09-16 15:46:05.193000,415.4150419063077,1002
2024-09-16 15:46:05.244000,415.38320455665865,6
2024-09-16 15:46:05.322000,415.38581749248135,10
2024-09-16 15:46:05.513000,415.3798735732392,1005
2024-09-16 15:46:05.599000,415.3771086372919,99
2024-09-16 15:46:05.913000,415.39330855665474,101
2024-09-16 15:46:05.961000,415.36263439065993,8
2024-09-16 15:46:06.041000,415.342402674043,96
2024-09-16 15:46:06.053000,415.3657966169357,7
2024-09-16 15:46:06.080000,415.3383391035305,104
2024-09-16 15:46:06.209000,415.3225372661865,95
2024-09-16 15:46:06.213000,415.3082005586717,1004
2024-09-16 15:46:06.319000,415.28734085618686,102
2024-09-16 15:46:06.423000,415.3283111213077,999
2024-09-16 15:46:06.468000,415.3323427179037,1002
2024-09-16 15:46:06.709000,415.2773610291725,5
2024-09-16 15:46:06.739000,415.34119049783874,10
2024-09-16 15:46:06.765000,415.327190247476,996
2024-09-16 15:46:06.787000,415.3334104802385,95
2024-09-16 15:46:06.882000,415.3464150559894,995
2024-09-16 15:46:06.927000,415.36302279197,1005
2024-09-16 15:46:07.030000,415.25992349576217,101
2024-09-16 15:46:07.672000,415.27143070276526,1003
2024-09-16 15:46:07.709000,415.25864469030535,13
2024-09-16 15:46:07.734000,415.2667442604274,1001
2024-09-16 15:46:07.916000,415.2662915970898,102
2024-09-16 15:46:08.054000,415.3040899385359,104
2024-09-16 15:46:08.350000,415.2692437868857,102
2024-09-16 15:46:08.466000,415.2960730597603,95
2024-09-16 15:46:08.837000,415.3159737401792,999
2024-09-16 15:46:08.901000,415.2738792078136,996
2024-09-16 15:46:08.942000,415.2891469758995,8
2024-09-16 15:46:09.028000,415.3335936925829,1001
2024-09-16 15:46:09.477000,415.326843397929,999
2024-09-16 15:46:09.598000,415.28051882576847,6
2024-09-16 15:46:09.660000,415.2810148134143,105
2024-09-16 15:46:09.726000,415.33073545832,105
2024-09-16 15:46:09.729000,415.2700110413876,104
2024-09-16 15:46:09.749000,415.3046598985193,996
2024-09-16 15:46:09.918000,415.323766022078,999
2024-09-16 15:46:10.568000,415.3476039256885,998
2024-09-16 15:46:10.597000,415.3485556579351,101
2024-09-16 15:46:10.756000,415.3540775338732,8
2024-09-16 15:46:11.008000,415.3750194373115,995
2024-09-16 15:46:11.069000,415.385385630267,14
2024-09-16 15:46:11.176000,415.3725898007701,1004
2024-09-16 15:46:11.254000,415.34925676843216,995
2024-09-16 15:46:11.261000,415.3402855790057,104
2024-09-16 15:46:11.367000,415.3369515686639,998
2024-09-16 15:46:11.396000,415.3416498748388,8
2024-09-16 15:46:11.405000,415.3688801727108,101
2024-09-16 15:46:11.405000,415.3480354188681,11
2024-09-16 15:46:11.504000,415.3774928472391,1001
2024-09-16 15:46:11.547000,415.3403630831687,105
2024-09-16 15:46:11.603000,415.32763937552704,6
2024-09-16 15:46:11.613000,416.8095131838234,98
2024-09-16 15:46:11.639000,415.3291163582896,5
2024-09-16 15:46:11.642000,415.387278329608,13
2024-09-16 15:46:11.666000,415.3435839664411,100
2024-09-16 15:46:11.693000,415.3595779299481,103
2024-09-16 15:46:11.698000,415.34852314255966,102
2024-09-16 15:46:11.724000,415.38601781638937,1005
2024-09-16 15:46:11.737000,415.3771154315066,101
2024-09-16 15:46:11.813000,415.3687296710513,6
2024-09-16 15:46:11.954000,415.361697239034,11
2024-09-16 15:46:12.015000,415.34690508709457,104
2024-09-16 15:46:12.044000,415.3831569467834,997
2024-09-16 15:46:12.071000,415.3657101569805,8
2024-09-16 15:46:12.074000,415.3421729025496,100
2024-09-16 15:46:12.079000,415.3806793423993,1000
2024-09-16 15:46:12.087000,415.3919345026618,999
2024-09-16 15:46:12.109000,415.3488930869285,101
2024-09-16 15:46:12.129000,415.351365417392,1000
2024-09-16 15:46:12.151000,415.3879244181738,13
2024-09-16 15:46:12.153000,415.34037700342674,1001
2024-09-16 15:46:12.208000,415.34828129133706,8
2024-09-16 15:46:12.225000,415.3712400010985,998
2024-09-16 15:46:12.227000,415.370344175391,9
2024-09-16 15:46:12.275000,415.3507625644335,95
2024-09-16 15:46:12.278000,415.3654751090248,997
2024-09-16 15:46:12.349000,415.36500753871576,7
2024-09-16 15:46:12.429000,415.3745306068378,7
2024-09-16 15:46:12.459000,415.3399407998578,9
2024-09-16 15:46:12.469000,415.3458732912521,104
2024-09-16 15:46:12.632000,415.3497000466775,1001
2024-09-16 15:46:12.662000,415.3774089197,998
2024-09-16 15:46:12.716000,415.3766767196089,996
2024-09-16 15:46:12.784000,415.3609164621415,10
2024-09-16 15:46:12.786000,415.3520526420015,999
2024-09-16 15:46:12.903000,415.3555060022941,7
2024-09-16 15:46:12.903000,415.3641199548114,13
2024-09-16 15:46:12.914000,415.3803539634841,99
2024-09-16 15:46:13.026000,415.40835559595627,995
2024-09-16 15:46:13.048000,415.36481231090585,6
2024-09-16 15:46:13.112000,415.39458899447607,1001
2024-09-16 15:46:13.389000,415.4034142424768,6
2024-09-16 15:46:13.509000,415.38267598863774,103
2024-09-16 15:46:13.583000,415.4172604917388,11
2024-09-16 15:46:13.588000,415.4221629092759,5
2024-09-16 15:46:13.652000,415.4095724864286,103
2024-09-16 15:46:13.656000,415.3814072115806,100
2024-09-16 15:46:13.672000,415.41859204826414,996
2024-09-16 15:46:13.727000,415.4071435965253,10
2024-09-16 15:46:13.781000,415.3929895549453,7
2024-09-16 15:46:13.827000,415.41029967939664,1000
2024-09-16 15:46:13.896000,415.4284159662613,999
2024-09-16 15:46:13.910000,415.3747348046478,5
2024-09-16 15:46:13.914000,415.4149341726167,7
2024-09-16 15:46:13.917000,415.37231556962126,15
2024-09-16 15:46:14.033000,415.4610280162656,14
2024-09-16 15:46:14.033000,415.40762394667166,1002
2024-09-16 15:46:14.055000,415.4526474757851,5
2024-09-16 15:46:14.114000,415.4386330128745,999
2024-09-16 15:46:14.180000,415.4434163900917,102
2024-09-16 15:46:14.198000,415.42239666215727,1004
2024-09-16 15:46:14.217000,415.4680453181596,1004
2024-09-16 15:46:14.221000,415.4541247870953,102
2024-09-16 15:46:14.240000,415.426948761436,1005
2024-09-16 15:46:14.272000,415.39555573037967,11
2024-09-16 15:46:14.273000,417.0131273355965,100
2024-09-16 15:46:14.285000,415.42235929492927,6
2024-09-16 15:46:14.296000,415.432704104768,1002
2024-09-16 15:46:14.330000,415.4377511918039,998
2024-09-16 15:46:14.333000,415.4605300706292,103
2024-09-16 15:46:14.400000,415.4692518687322,100
2024-09-16 15:46:14.435000,415.4254299664024,103
2024-09-16 15:46:14.469000,415.4570911127653,5
2024-09-16 15:46:14.526000,415.4365221582412,13
2024-09-16 15:46:14.672000,415.4316986616993,5
2024-09-16 15:46:14.690000,415.4046906299702,1001
2024-09-16 15:46:14.739000,415.4773998603837,998
2024-09-16 15:46:14.782000,415.4655448632985,13
2024-09-16 15:46:14.831000,415.4214772000006,8
2024-09-16 15:46:14.851000,415.4695509738362,98
2024-09-16 15:46:14.858000,415.4669524914128,999
2024-09-16 15:46:14.986000,415.4686799724225,1000
2024-09-16 15:46:15.008000,415.3718003928239,997
2024-09-16 15:46:15.018000,415.3264403539168,104
2024-09-16 15:46:15.029000,415.4244982996036,1001
2024-09-16 15:46:15.042000,415.429916180502,998
2024-09-16 15:46:15.129000,415.371708870501,999
2024-09-16 15:46:15.134000,415.393116655903,97
2024-09-16 15:46:15.189000,415.4340996609437,96
2024-09-16 15:46:15.280000,415.4073833321508,98
2024-09-16 15:46:15.305000,415.3562642582373,7
2024-09-16 15:46:15.317000,415.4000009730551,1004
2024-09-16 15:46:15.337000,415.4372901141938,996
2024-09-16 15:46:15.362000,415.37668203587975,95
2024-09-16 15:46:15.399000,415.3546301276688,1003
2024-09-16 15:46:15.402000,415.3873955892199,1000
2024-09-16 15:46:15.422000,415.3533040078181,14
2024-09-16 15:46:15.459000,415.4275462187482,14
2024-09-16 15:46:15.556000,415.3531001696262,1004
2024-09-16 15:46:15.658000,415.42606748302825,11
2024-09-16 15:46:15.723000,415.4279813943722,95
2024-09-16 15:46:15.868000,415.3794676401649,998
2024-09-16 15:46:15.901000,415.3592716036346,995
2024-09-16 15:46:15.911000,415.4390887541452,100
2024-09-16 15:46:15.963000,415.377406377308,95
2024-09-16 15:46:16.015000,415.4239119800245,997
2024-09-16 15:46:16.044000,415.39464671643657,1001
2024-09-16 15:46:16.049000,415.3974840456844,1002
2024-09-16 15:46:16.102000,415.4107299222895,98
2024-09-16 15:46:16.118000,415.41162765556766,996
2024-09-16 15:46:16.347000,415.3920512677135,10
2024-09-16 15:46:16.711000,415.3917328887908,100
2024-09-16 15:46:16.812000,415.3916020674472,104
2024-09-16 15:46:16.995000,415.3936333822545,12
2024-09-16 15:46:17.078000,415.4095298355053,996
2024-09-16 15:46:17.192000,415.3926156474904,15
2024-09-16 15:46:17.263000,415.39247470159546,1002
2024-09-16 15:46:17.295000,415.3966082975854,96
2024-09-16 15:46:17.306000,415.3652723907726,105
2024-09-16 15:46:17.334000,415.384289822849,1004
2024-09-16 15:46:17.364000,415.3985559021481,10
2024-09-16 15:46:17.414000,415.3960880981289,996
2024-09-16 15:46:17.435000,415.39146246554833,997
2024-09-16 15:46:17.446000,415.3890403441154,996
2024-09-16 15:46:17.546000,415.3898688975863,997
2024-09-16 15:46:17.554000,415.3996846688349,14
2024-09-16 15:46:17.697000,415.3870433415136,100
2024-09-16 15:46:17.712000,415.4071292540621,105
2024-09-16 15:46:17.790000,415.3923419671992,12
2024-09-16 15:46:17.890000,415.3992496176508,105
2024-09-16 15:46:17.956000,415.3596647041345,99
2024-09-16 15:46:17.982000,415.3914280534719,5
2024-09-16 15:46:18.013000,415.41403495348953,95
2024-09-16 15:46:18.053000,415.4311722615119,995
2024-09-16 15:46:18.094000,415.44857344356507,996
2024-09-16 15:46:18.126000,415.3731593340812,12
2024-09-16 15:46:18.277000,415.420160293976,95
2024-09-16 15:46:18.379000,415.38461843969606,98
2024-09-16 15:46:18.554000,415.4220644228834,104
2024-09-16 15:46:18.639000,415.4379582816176,102
2024-09-16 15:46:18.712000,415.4285864778563,97
2024-09-16 15:46:18.840000,415.4030911858549,98
2024-09-16 15:46:18.847000,415.4106649948605,995
2024-09-16 15:46:19.031000,415.475291254039,98
2024-09-16 15:46:19.158000,415.4924328224994,100
2024-09-16 15:46:19.215000,415.4640943306508,12
2024-09-16 15:46:19.425000,415.4492465984793,99
2024-09-16 15:46:19.573000,415.47412188925256,95
2024-09-16 15:46:19.588000,415.4888808885044,102
2024-09-16 15:46:19.666000,415.503627101774,7
2024-09-16 15:46:19.739000,415.4840046807004,15
2024-09-16 15:46:19.777000,415.4925088616403,9
2024-09-16 15:46:19.859000,415.4846625071687,103
2024-09-16 15:46:19.887000,415.4661611137773,1001
2024-09-16 15:46:19.939000,415.4704100077079,12
2024-09-16 15:46:20.113000,415.4823828885955,1003
2024-09-16 15:46:20.167000,415.4770040843798,999
2024-09-16 15:46:20.176000,415.47440923451086,5
2024-09-16 15:46:20.181000,415.5056514331757,10
2024-09-16 15:46:20.265000,415.4946449797623,105
2024-09-16 15:46:20.422000,415.4774017985179,1005
2024-09-16 15:46:20.441000,415.49103110399926,1000
2024-09-16 15:46:20.586000,415.4740120623525,13
2024-09-16 15:46:20.741000,415.48508905162345,10
2024-09-16 15:46:20.806000,415.4816426984109,996
2024-09-16 15:46:20.832000,415.4679033129936,104
2024-09-16 15:46:20.887000,415.47564169966944,1000
2024-09-16 15:46:20.946000,415.5035182084374,97
2024-09-16 15:46:20.963000,415.4794203668718,5
2024-09-16 15:46:21.017000,415.4318462567924,102
2024-09-16 15:46:21.149000,415.4289069093947,13
2024-09-16 15:46:21.205000,415.405561953415,103
2024-09-16 15:46:21.228000,415.4596118312858,14
2024-09-16 15:46:21.282000,415.4712383983932,96
2024-09-16 15:46:21.305000,415.4416274376081,999
2024-09-16 15:46:21.395000,415.4244312806174,11
2024-09-16 15:46:21.489000,415.4178608118367,95
2024-09-16 15:46:21.501000,415.469038931383,998
2024-09-16 15:46:21.618000,415.4595235466787,1004
2024-09-16 15:46:21.638000,415.4152390477352,11
2024-09-16 15:46:21.784000,415.4254247905033,100
2024-09-16 15:46:21.911000,415.4015263352585,98
2024-09-16 15:46:21.926000,415.41728793807806,996
2024-09-16 15:46:21.945000,415.4022398833845,999
2024-09-16 15:46:22.559000,415.3922239711741,1001
2024-09-16 15:46:23.031000,415.3732236414909,95
2024-09-16 15:46:23.079000,415.3755128314076,95
2024-09-16 15:46:23.108000,415.3348009502324,105
2024-09-16 15:46:23.129000,415.3375867358653,99
2024-09-16 15:46:23.143000,415.38050165475926,1000
2024-09-16 15:46:23.149000,415.3419674875252,10
2024-09-16 15:46:23.161000,415.35786192757456,99
2024-09-16 15:46:23.168000,415.3454036159192,100
2024-09-16 15:46:23.169000,415.3341392976725,8
2024-09-16 15:46:23.170000,415.3617210394261,10
2024-09-16 15:46:23.242000,415.38222730940026,999
2024-09-16 15:46:23.256000,415.3998521675752,5
2024-09-16 15:46:23.283000,415.3651089610154,96
2024-09-16 15:46:23.346000,415.3914560659263,98
2024-09-16 15:46:23.450000,415.3916473236516,10
2024-09-16 15:46:23.472000,415.3833754588405,13
2024-09-16 15:46:23.515000,415.3627620099724,98
2024-09-16 15:46:23.530000,415.3982144027495,97
2024-09-16 15:46:23.533000,415.3609580755428,1000
2024-09-16 15:46:23.710000,415.3921498347891,105
2024-09-16 15:46:23.734000,415.3425560222316,15
2024-09-16 15:46:23.748000,415.3727518054956,996
2024-09-16 15:46:23.792000,415.34834813031466,995
2024-09-16 15:46:23.804000,415.3452474334583,6
2024-09-16 15:46:23.913000,415.340106698401,1004
2024-09-16 15:46:23.960000,415.36982599425966,102
2024-09-16 15:46:23.983000,415.32768658853934,1004
2024-09-16 15:46:24.134000,415.3785129686199,104
2024-09-16 15:46:24.136000,415.3879296029156,5
2024-09-16 15:46:24.405000,415.3982934665227,7
2024-09-16 15:46:25.003000,415.3097891572072,8
2024-09-16 15:46:25.017000,415.3738003164426,1000
2024-09-16 15:46:25.076000,415.3033566993012,98
2024-09-16 15:46:25.312000,415.3044764651614,13
2024-09-16 15:46:25.379000,415.3112543139761,98
2024-09-16 15:46:25.398000,415.3021172953197,100
2024-09-16 15:46:25.532000,415.37069771552746,15
2024-09-16 15:46:25.568000,415.35734448836473,1005
2024-09-16 15:46:25.608000,415.32224065283606,10
2024-09-16 15:46:25.615000,415.3394104018541,14
2024-09-16 15:46:25.664000,415.318935871371,104
2024-09-16 15:46:25.685000,415.3786379309597,13
2024-09-16 15:46:25.722000,415.3383079294166,104
2024-09-16 15:46:25.769000,415.32060779663385,7
2024-09-16 15:46:25.776000,415.3958970984835,9
2024-09-16 15:46:25.785000,415.3169391976133,13
2024-09-16 15:46:25.786000,416.9667231348423,5
2024-09-16 15:46:25.895000,415.3067117264495,999
2024-09-16 15:46:25.910000,415.3115556720453,8
2024-09-16 15:46:25.922000,415.3686457529836,1003
2024-09-16 15:46:25.925000,415.405313601158,9
2024-09-16 15:46:26.050000,415.30267733827264,1005
2024-09-16 15:46:26.053000,415.30432679613534,1004
2024-09-16 15:46:26.082000,415.2833001265345,11
2024-09-16 15:46:26.097000,415.3055024836584,97
2024-09-16 15:46:26.151000,415.3100995392763,5
2024-09-16 15:46:26.349000,415.2997006018816,7
2024-09-16 15:46:26.362000,415.30616008250826,104
2024-09-16 15:46:26.416000,415.3271195381632,9
2024-09-16 15:46:26.422000,415.3132906681733,1003
2024-09-16 15:46:26.448000,415.3120937334903,1004
2024-09-16 15:46:26.488000,415.3085551727439,98
2024-09-16 15:46:26.502000,415.2734734234338,999
2024-09-16 15:46:26.513000,415.2978532237085,11
2024-09-16 15:46:26.582000,415.2883213024788,997
2024-09-16 15:46:26.774000,415.3037797225698,12
2024-09-16 15:46:26.916000,415.2587091249852,1002
2024-09-16 15:46:26.938000,416.9306098026173,1005
2024-09-16 15:46:27.055000,415.1768907086187,999
2024-09-16 15:46:27.056000,415.17557589093417,995
2024-09-16 15:46:27.062000,415.1706156990361,8
2024-09-16 15:46:27.091000,415.13420019247695,13
2024-09-16 15:46:27.164000,415.2304271060841,12
2024-09-16 15:46:27.192000,415.1654570384882,5
2024-09-16 15:46:27.211000,415.1947848848173,100
2024-09-16 15:46:27.284000,415.2534814669741,995
2024-09-16 15:46:27.284000,415.2439859836193,999
2024-09-16 15:46:27.400000,415.1998486526264,96
2024-09-16 15:46:27.405000,415.1390537948466,96
2024-09-16 15:46:27.434000,415.17224606211374,104
2024-09-16 15:46:27.456000,415.1516274720991,11
2024-09-16 15:46:27.483000,415.1617343129721,99
2024-09-16 15:46:27.509000,415.16252198368704,15
2024-09-16 15:46:27.520000,415.1623771660666,97
2024-09-16 15:46:27.578000,415.18835264623095,998
2024-09-16 15:46:27.579000,415.2002113549838,1000
2024-09-16 15:46:27.595000,415.1610508867863,999
2024-09-16 15:46:27.680000,415.2577455609775,6
2024-09-16 15:46:27.682000,415.2361097526877,6
2024-09-16 15:46:27.690000,415.24421694431794,15
2024-09-16 15:46:27.692000,415.1254139964482,105
2024-09-16 15:46:27.778000,415.17955119146046,98
2024-09-16 15:46:27.831000,415.1283777428326,7
2024-09-16 15:46:27.839000,415.205041200885,104
2024-09-16 15:46:27.874000,415.138086292298,1005
2024-09-16 15:46:27.980000,415.1470452478296,1003
2024-09-16 15:46:28.069000,415.19380082457,14
2024-09-16 15:46:28.083000,415.162342410134,1001
2024-09-16 15:46:28.098000,415.1812993409173,102
2024-09-16 15:46:28.113000,415.19321749318175,12
2024-09-16 15:46:28.116000,415.1718344718402,9
2024-09-16 15:46:28.135000,415.18633469462026,999
2024-09-16 15:46:28.139000,415.173077491893,996
2024-09-16 15:46:28.170000,415.1405006026554,15
2024-09-16 15:46:28.207000,415.1869685725615,98
2024-09-16 15:46:28.270000,415.1487057892152,1003
2024-09-16 15:46:28.311000,415.1765988128361,998
2024-09-16 15:46:28.330000,415.1646758759406,995
2024-09-16 15:46:28.380000,415.1737384295273,100
2024-09-16 15:46:28.451000,415.18335316924976,1005
2024-09-16 15:46:28.465000,415.171735221617,9
2024-09-16 15:46:28.468000,415.17885125233727,12
2024-09-16 15:46:28.498000,415.1949458424291,5
2024-09-16 15:46:28.498000,415.1891278057867,103
2024-09-16 15:46:28.523000,415.1613460641111,996
2024-09-16 15:46:28.525000,415.1782468941275,15
2024-09-16 15:46:28.668000,415.15221341641865,999
2024-09-16 15:46:28.699000,415.1497871110647,105
2024-09-16 15:46:28.734000,415.1831990302073,102
2024-09-16 15:46:28.762000,415.1965104802492,15
2024-09-16 15:46:28.791000,415.1692439864596,98
2024-09-16 15:46:28.830000,415.175274400586,1003
2024-09-16 15:46:28.950000,415.18664502678666,97
2024-09-16 15:46:29.068000,415.2208264658879,1004
2024-09-16 15:46:29.138000,415.2119651904838,9
2024-09-16 15:46:29.150000,415.2396734978335,1002
2024-09-16 15:46:29.173000,415.19892672862153,98
2024-09-16 15:46:29.326000,415.2281081134112,1005
2024-09-16 15:46:29.434000,415.2633278237311,101
2024-09-16 15:46:29.466000,415.26662794341786,14
2024-09-16 15:46:29.560000,415.2603179499234,1000
2024-09-16 15:46:29.625000,415.2435197660725,102
2024-09-16 15:46:29.626000,415.2595190836053,995
2024-09-16 15:46:29.659000,415.256951681912,98
2024-09-16 15:46:29.675000,415.2111897873742,7
2024-09-16 15:46:29.681000,415.2339451710562,98
2024-09-16 15:46:29.949000,415.2319830857159,10
2024-09-16 15:46:29.991000,415.2244630159929,1004
2024-09-16 15:46:30.015000,415.2721758679616,8
2024-09-16 15:46:30.153000,415.2697079809261,97
2024-09-16 15:46:30.301000,415.267523396456,8
2024-09-16 15:46:30.312000,415.282812348768,7
2024-09-16 15:46:30.471000,415.2669146534208,102
2024-09-16 15:46:30.501000,415.2878794254692,8
2024-09-16 15:46:30.927000,415.2743976346216,6
2024-09-16 15:46:30.952000,415.2873227605224,98
2024-09-16 15:46:30.966000,415.29316020138106,6
2024-09-16 15:46:31.004000,415.2838806427375,98
2024-09-16 15:46:31.055000,415.2526090540035,96
2024-09-16 15:46:31.076000,415.2389321803524,13
2024-09-16 15:46:31.148000,415.2543342140717,998
2024-09-16 15:46:31.178000,415.271300174278,1000
2024-09-16 15:46:31.328000,415.2399609086598,98
2024-09-16 15:46:31.341000,415.238923280681,104
2024-09-16 15:46:31.366000,415.2575104824944,96
2024-09-16 15:46:31.433000,415.22616881982975,104
2024-09-16 15:46:31.439000,415.25356272073,101
2024-09-16 15:46:31.443000,415.2585221708912,95
2024-09-16 15:46:31.497000,415.2798044911827,12
2024-09-16 15:46:31.507000,415.26249439389176,97
2024-09-16 15:46:31.534000,415.2457976661326,995
2024-09-16 15:46:31.548000,415.25253753678095,999
2024-09-16 15:46:31.562000,415.2524668187563,101
2024-09-16 15:46:31.591000,415.26624760356367,103
2024-09-16 15:46:31.625000,415.2690843399319,100
2024-09-16 15:46:31.631000,415.253393899412,7
2024-09-16 15:46:31.645000,415.2500351125972,7
2024-09-16 15:46:31.683000,415.25101783230673,15
2024-09-16 15:46:31.800000,415.2538086155096,99
2024-09-16 15:46:31.803000,415.2571615591092,8
2024-09-16 15:46:31.864000,415.2513849102588,998
2024-09-16 15:46:31.939000,415.2527931710132,1001
2024-09-16 15:46:31.982000,416.7820489459628,13
2024-09-16 15:46:31.983000,415.24170465588526,15
2024-09-16 15:46:32.002000,415.32022100959534,997
2024-09-16 15:46:32.159000,415.26563309323296,97
2024-09-16 15:46:32.172000,415.31812091474086,1002
2024-09-16 15:46:32.237000,415.2794523438056,98
2024-09-16 15:46:32.248000,415.2982963416636,1003
2024-09-16 15:46:32.295000,415.272785698434,1002
2024-09-16 15:46:32.392000,415.2763227898921,8
2024-09-16 15:46:32.410000,415.2716073912448,1001
2024-09-16 15:46:32.413000,415.3213689326871,105
2024-09-16 15:46:32.444000,415.3239711693881,995
2024-09-16 15:46:32.500000,415.3013227630561,14
2024-09-16 15:46:32.519000,415.326707346884,1000
2024-09-16 15:46:32.541000,415.3056811527921,996
2024-09-16 15:46:32.550000,415.30308808899184,998
2024-09-16 15:46:32.635000,415.2672041299404,101
2024-09-16 15:46:32.705000,415.3261762548069,12
2024-09-16 15:46:32.735000,415.2703904994376,5
2024-09-16 15:46:32.778000,415.2738568179186,104
2024-09-16 15:46:32.901000,415.2508954805592,995
2024-09-16 15:46:33.101000,415.2320811602482,1003
2024-09-16 15:46:33.192000,415.2055708542162,101
2024-09-16 15:46:33.194000,415.2209998357314,996
2024-09-16 15:46:33.411000,415.2012450871143,95
2024-09-16 15:46:33.541000,415.22533248206247,1001
2024-09-16 15:46:33.680000,415.2170192067331,96
2024-09-16 15:46:33.793000,415.2323634284205,105
2024-09-16 15:46:33.800000,415.22655813198736,1003
2024-09-16 15:46:34.025000,415.1847768251054,9
2024-09-16 15:46:34.122000,415.2369314172294,10
2024-09-16 15:46:34.152000,415.2027907316177,998
2024-09-16 15:46:34.191000,415.2035259414699,999
2024-09-16 15:46:34.193000,415.203090233692,1004
2024-09-16 15:46:34.267000,415.2405837712034,103
2024-09-16 15:46:34.503000,415.2137308761996,9
2024-09-16 15:46:34.507000,416.5713541742442,12
2024-09-16 15:46:34.559000,415.23332764207504,101
2024-09-16 15:46:34.591000,415.2081864941307,11
2024-09-16 15:46:34.616000,415.20095198574535,103
2024-09-16 15:46:34.664000,415.2040538160627,1000
2024-09-16 15:46:34.841000,415.2143656574015,13
2024-09-16 15:46:34.855000,415.2090562151751,103
2024-09-16 15:46:34.916000,415.23982297031085,996
2024-09-16 15:46:35.003000,415.177295477984,10
2024-09-16 15:46:35.072000,415.228987185301,10
2024-09-16 15:46:35.107000,415.20154505529104,100
2024-09-16 15:46:35.135000,415.1852103163616,101
2024-09-16 15:46:35.251000,415.18082982943736,96
2024-09-16 15:46:35.270000,415.1889563520827,95
2024-09-16 15:46:35.325000,415.1700187312654,13
2024-09-16 15:46:35.355000,415.2016791665828,10
2024-09-16 15:46:35.363000,415.1868536922694,105
2024-09-16 15:46:35.402000,415.16408896148033,11
2024-09-16 15:46:35.430000,415.22640255518166,100
2024-09-16 15:46:35.467000,415.15474511614826,15
2024-09-16 15:46:35.491000,415.1806533175785,1005
2024-09-16 15:46:35.518000,415.2023678713706,995
2024-09-16 15:46:35.535000,415.20558206214986,999
2024-09-16 15:46:35.623000,415.20396902235865,1003
2024-09-16 15:46:35.661000,415.2145795980391,100
2024-09-16 15:46:35.711000,415.1752589908281,1002
2024-09-16 15:46:35.733000,415.207448448262,100
2024-09-16 15:46:35.787000,415.2021024414767,95
2024-09-16 15:46:35.801000,415.1758068582215,100
2024-09-16 15:46:35.886000,415.186763431658,998
2024-09-16 15:46:35.890000,415.200051909932,9
2024-09-16 15:46:35.898000,415.21401701514986,96
2024-09-16 15:46:35.942000,415.1710365935728,11
2024-09-16 15:46:35.969000,415.1560898170083,101
2024-09-16 15:46:35.987000,415.1555780489186,15
2024-09-16 15:46:36.049000,415.31728764988094,98
2024-09-16 15:46:36.139000,415.22244630487074,97
2024-09-16 15:46:36.215000,415.2911013376558,998
2024-09-16 15:46:36.242000,415.2717308885185,99
2024-09-16 15:46:36.285000,415.22737999990176,11
2024-09-16 15:46:36.368000,415.2840804379559,101
2024-09-16 15:46:36.491000,415.2760751488108,1000
2024-09-16 15:46:36.509000,415.26294653519454,10
2024-09-16 15:46:36.628000,415.2992370512061,104
2024-09-16 15:46:36.783000,415.3188046091933,8
2024-09-16 15:46:36.950000,415.3262718343967,8
2024-09-16 15:46:37.021000,415.2552664335449,15
2024-09-16 15:46:37.087000,415.3344892197243,1003
2024-09-16 15:46:37.101000,415.3286209826734,1003
2024-09-16 15:46:37.208000,415.3254295581023,1001
2024-09-16 15:46:37.239000,415.3123700910902,96
2024-09-16 15:46:37.379000,415.322620483377,1000
2024-09-16 15:46:37.391000,415.2968858428623,8
2024-09-16 15:46:37.402000,415.32623573501934,998
2024-09-16 15:46:37.454000,415.3717982712511,995
2024-09-16 15:46:37.460000,415.3305057330374,997
2024-09-16 15:46:37.563000,415.35312184204105,102
2024-09-16 15:46:37.582000,415.3664826250725,1002
2024-09-16 15:46:37.591000,415.3465796326464,1000
2024-09-16 15:46:37.603000,415.3245609668093,105
2024-09-16 15:46:37.609000,415.32457292303474,1005
2024-09-16 15:46:37.617000,415.32235739840513,10
2024-09-16 15:46:37.618000,415.2742989845025,12
2024-09-16 15:46:37.689000,415.33535121083537,101
2024-09-16 15:46:37.694000,415.3287932966941,1003
2024-09-16 15:46:37.705000,415.3409049610521,997
2024-09-16 15:46:37.727000,415.3590154187905,12
2024-09-16 15:46:37.744000,415.2635757497423,1001
2024-09-16 15:46:37.760000,415.3830494602625,102
2024-09-16 15:46:37.862000,415.3188078307657,102
2024-09-16 15:46:37.872000,415.31871107891646,1003
2024-09-16 15:46:37.879000,415.32613769173815,95
2024-09-16 15:46:37.888000,415.2669271534875,97
2024-09-16 15:46:37.921000,415.2975367156503,99
2024-09-16 15:46:37.982000,415.31393057542806,1001
2024-09-16 15:46:38.019000,415.2526102844921,8
2024-09-16 15:46:38.092000,415.2445410623988,96
2024-09-16 15:46:38.101000,415.2544797266007,6
2024-09-16 15:46:38.192000,415.2614174483595,9
2024-09-16 15:46:38.204000,415.2337628176181,11
2024-09-16 15:46:38.226000,415.2756630145309,998
2024-09-16 15:46:38.268000,415.2567372871666,14
2024-09-16 15:46:38.359000,415.2602390762901,999
2024-09-16 15:46:38.401000,415.2644369271151,999
2024-09-16 15:46:38.437000,415.2585596701579,1005
2024-09-16 15:46:38.510000,415.224416490205,104
2024-09-16 15:46:38.611000,415.2910998473065,1002
2024-09-16 15:46:38.643000,415.24641941387824,96
2024-09-16 15:46:38.659000,415.2559790639217,1002
2024-09-16 15:46:38.759000,415.27908999303696,96
2024-09-16 15:46:38.792000,415.2567479405106,999
2024-09-16 15:46:38.809000,415.23416822390254,1003
2024-09-16 15:46:38.835000,415.2146451066815,11
2024-09-16 15:46:38.872000,415.26217510356713,1005
2024-09-16 15:46:38.992000,415.2565641915709,13
2024-09-16 15:46:39.059000,415.2752297173087,98
2024-09-16 15:46:39.115000,415.2303443408964,12
2024-09-16 15:46:39.177000,415.2561069969054,997
2024-09-16 15:46:39.201000,415.2616548645082,997
2024-09-16 15:46:39.220000,415.252077202316,995
2024-09-16 15:46:39.230000,415.2280027799196,10
2024-09-16 15:46:39.269000,415.2454029515394,998
2024-09-16 15:46:39.277000,415.2756736726507,1003
2024-09-16 15:46:39.291000,415.2581510954639,999
2024-09-16 15:46:39.300000,415.2486083245748,103
2024-09-16 15:46:39.338000,415.2876055026592,15
2024-09-16 15:46:39.410000,415.2657987201527,998
2024-09-16 15:46:39.470000,416.5605012424782,1002
2024-09-16 15:46:39.482000,415.2751104314365,96
2024-09-16 15:46:39.485000,415.2759888722385,10
2024-09-16 15:46:39.530000,415.24610076397175,1005
2024-09-16 15:46:39.533000,415.2791816866043,1001
2024-09-16 15:46:39.669000,415.2522395555107,1004
2024-09-16 15:46:39.681000,415.2434184793859,12
2024-09-16 15:46:39.684000,415.25214276640577,1003
2024-09-16 15:46:39.742000,415.29443619655865,8
2024-09-16 15:46:39.828000,415.2693642166453,1004
2024-09-16 15:46:39.831000,415.2733760604601,8
2024-09-16 15:46:39.850000,415.2607860252785,1002
2024-09-16 15:46:39.881000,415.2449031374365,997
2024-09-16 15:46:39.932000,415.2676319638381,96
2024-09-16 15:46:40.074000,415.2969744669643,103
2024-09-16 15:46:40.108000,415.31653017400447,1005
2024-09-16 15:46:40.174000,415.317894745637,10
2024-09-16 15:46:40.245000,415.286201582634,7
2024-09-16 15:46:40.301000,415.2949404580119,998
2024-09-16 15:46:40.388000,415.31051450507215,11
2024-09-16 15:46:40.410000,415.2850737248912,96
2024-09-16 15:46:40.465000,415.2932092829136,10
2024-09-16 15:46:40.534000,415.325473283885,1003
2024-09-16 15:46:40.540000,415.3086588655275,95
2024-09-16 15:46:40.549000,415.27972412075,998
2024-09-16 15:46:40.575000,415.2877787689187,10
2024-09-16 15:46:40.577000,415.2907287601244,96
2024-09-16 15:46:40.620000,415.2919034545136,6
2024-09-16 15:46:40.741000,415.3081116087612,8
2024-09-16 15:46:40.743000,415.3049627926404,96
2024-09-16 15:46:40.766000,415.3218220025391,98
2024-09-16 15:46:40.774000,415.3175324594524,6
2024-09-16 15:46:40.775000,415.2939379664556,96
2024-09-16 15:46:40.792000,415.2971550004315,98
2024-09-16 15:46:40.859000,415.2909290576584,101
2024-09-16 15:46:40.869000,415.27740261243264,10
2024-09-16 15:46:40.888000,415.3084463671794,104
2024-09-16 15:46:40.894000,415.2925859097808,102
2024-09-16 15:46:40.970000,415.30738129210016,12
2024-09-16 15:46:40.983000,415.2900349009565,1003
2024-09-16 15:46:41.068000,415.2661492001841,8
2024-09-16 15:46:41.117000,415.2612253400317,7
2024-09-16 15:46:41.161000,415.2527945273784,1000
2024-09-16 15:46:41.197000,415.23880401226944,5
2024-09-16 15:46:41.230000,415.29002401948753,98
2024-09-16 15:46:41.250000,415.2537536266676,996
2024-09-16 15:46:41.250000,415.2975395686347,1005
2024-09-16 15:46:41.259000,415.3018385397064,995
2024-09-16 15:46:41.272000,415.2298954525704,998
2024-09-16 15:46:41.293000,415.2529035901828,1005
2024-09-16 15:46:41.333000,415.3141311795499,96
2024-09-16 15:46:41.422000,415.2376262387961,11
2024-09-16 15:46:41.432000,415.297184997637,7
2024-09-16 15:46:41.433000,415.2559094019593,996
2024-09-16 15:46:41.470000,415.2666444854098,14
2024-09-16 15:46:41.527000,415.2961278088507,101
2024-09-16 15:46:41.600000,415.2739233052092,999
2024-09-16 15:46:41.712000,415.2974097641082,8
2024-09-16 15:46:41.738000,415.2466151563665,999
2024-09-16 15:46:41.750000,415.27095598036055,105
2024-09-16 15:46:41.767000,415.3013077977309,10
2024-09-16 15:46:41.776000,415.3018322163658,14
2024-09-16 15:46:41.942000,415.2945234042272,104
2024-09-16 15:46:41.966000,415.253971598718,95
2024-09-16 15:46:41.992000,415.3162896860172,11
2024-09-16 15:46:42.065000,415.2943039458248,999
2024-09-16 15:46:42.108000,415.2988855901817,15
2024-09-16 15:46:42.157000,415.30904940060736,5
2024-09-16 15:46:42.197000,415.29990416569245,104
2024-09-16 15:46:42.235000,415.31260617963153,998
2024-09-16 15:46:42.395000,415.2902351303368,1002
2024-09-16 15:46:42.524000,415.33163205555286,995
2024-09-16 15:46:42.914000,415.3012479677537,98
2024-09-16 15:46:43.121000,415.2558784013815,15
2024-09-16 15:46:43.196000,415.27625726538577,100
2024-09-16 15:46:43.215000,415.2736299071883,105
2024-09-16 15:46:43.329000,415.2453486654615,103
2024-09-16 15:46:43.343000,415.2056252731344,105
2024-09-16 15:46:43.401000,415.2275909184774,1001
2024-09-16 15:46:43.495000,415.2378157167328,99
2024-09-16 15:46:43.525000,415.2245451932096,6
2024-09-16 15:46:43.676000,415.2198418985798,101
2024-09-16 15:46:43.739000,415.2653508613793,103
2024-09-16 15:46:43.820000,415.2670186030792,1003
2024-09-16 15:46:43.852000,415.26280068386393,10
2024-09-16 15:46:43.966000,415.2628107955945,100
2024-09-16 15:46:44.051000,415.13309382481646,996
2024-09-16 15:46:44.170000,415.1388406242078,103
2024-09-16 15:46:44.274000,415.1325548165738,98
2024-09-16 15:46:44.437000,415.1145683299501,15
2024-09-16 15:46:44.484000,415.14426437973776,6
2024-09-16 15:46:44.540000,415.0977417138532,95
2024-09-16 15:46:44.556000,415.1775447600471,99
2024-09-16 15:46:44.716000,415.0892543172317,103
2024-09-16 15:46:44.735000,415.1618310930281,7
2024-09-16 15:46:44.784000,415.1075788224731,11
2024-09-16 15:46:44.953000,415.14669031183575,95
2024-09-16 15:46:44.965000,415.1368718766655,995
2024-09-16 15:46:45.008000,414.9902920415347,99
2024-09-16 15:46:45.012000,415.0407807916788,996
2024-09-16 15:46:45.019000,415.101857744256,996
2024-09-16 15:46:45.149000,415.0317336172852,997
2024-09-16 15:46:45.243000,415.0934870836922,103
2024-09-16 15:46:45.264000,415.0038961436768,95
2024-09-16 15:46:45.406000,415.0462041786124,99
2024-09-16 15:46:45.413000,415.0419448981823,100
2024-09-16 15:46:45.416000,415.0678732897847,1001
2024-09-16 15:46:45.426000,415.0109210218744,10
2024-09-16 15:46:45.569000,415.02667866357126,103
2024-09-16 15:46:45.592000,415.0904864673757,1002
2024-09-16 15:46:45.630000,415.094968609591,12
2024-09-16 15:46:45.638000,415.0949317436377,97
2024-09-16 15:46:45.712000,415.0558871714296,996
2024-09-16 15:46:45.783000,415.0204307428351,99
2024-09-16 15:46:45.786000,415.0323633697385,997
2024-09-16 15:46:45.799000,415.0152112060564,98
2024-09-16 15:46:45.891000,415.034094638589,104
2024-09-16 15:46:45.908000,415.0462171231818,996
2024-09-16 15:46:45.922000,415.007996448184,95
2024-09-16 15:46:45.963000,415.0447106153251,1004
2024-09-16 15:46:45.969000,414.9990822937074,13
2024-09-16 15:46:45.972000,415.0933783984994,11
2024-09-16 15:46:46.019000,414.9537901925542,101
2024-09-16 15:46:46.023000,414.95156600744815,1001
2024-09-16 15:46:46.052000,416.5990132439945,1004
2024-09-16 15:46:46.057000,414.9365311989384,100
2024-09-16 15:46:46.100000,414.93569624859344,8
2024-09-16 15:46:46.139000,414.95569736067984,999
2024-09-16 15:46:46.165000,414.9655586220426,996
2024-09-16 15:46:46.189000,414.9441560703406,96
2024-09-16 15:46:46.277000,414.964341716392,998
2024-09-16 15:46:46.372000,414.953782104913,996
2024-09-16 15:46:46.427000,414.9641816362114,997
2024-09-16 15:46:46.450000,414.9912954870332,12
2024-09-16 15:46:46.483000,414.98417498591647,995
2024-09-16 15:46:46.486000,414.9339185129036,95
2024-09-16 15:46:46.539000,414.9625276258952,101
2024-09-16 15:46:46.578000,414.93714782431954,995
2024-09-16 15:46:46.671000,414.9299589282608,15
2024-09-16 15:46:46.680000,414.97432004592326,998
2024-09-16 15:46:46.735000,414.9475091517475,1001
2024-09-16 15:46:46.798000,414.93761321669217,11
2024-09-16 15:46:46.806000,414.9836325498136,998
2024-09-16 15:46:46.820000,414.9676895198541,101
2024-09-16 15:46:46.824000,414.9687079925675,1005
2024-09-16 15:46:46.865000,414.9849667328156,104
2024-09-16 15:46:46.869000,414.959004847478,100
2024-09-16 15:46:46.918000,414.9429851047613,102
2024-09-16 15:46:47.085000,414.9644606752468,101
2024-09-16 15:46:47.594000,414.9309759352863,1002
2024-09-16 15:46:47.662000,414.9405118285443,11
2024-09-16 15:46:47.860000,414.9411349866627,12
2024-09-16 15:46:47.958000,414.9743794940804,998
2024-09-16 15:46:48.006000,415.0173960035858,12
2024-09-16 15:46:48.013000,414.9773478242768,97
2024-09-16 15:46:48.044000,414.9332149029012,6
2024-09-16 15:46:48.092000,414.9451453493289,95
2024-09-16 15:46:48.132000,415.0279547090196,9
2024-09-16 15:46:48.153000,414.99108956317286,98
2024-09-16 15:46:48.354000,414.954301694879,1001
2024-09-16 15:46:48.357000,415.038059422574,996
2024-09-16 15:46:48.426000,415.00979063982646,95
2024-09-16 15:46:48.429000,415.02322251897743,1004
2024-09-16 15:46:48.510000,414.9538966335479,995
2024-09-16 15:46:48.575000,414.9924068334452,1003
2024-09-16 15:46:48.678000,415.032226795749,8
2024-09-16 15:46:48.720000,414.967165499669,1000
2024-09-16 15:46:48.723000,415.0404176896948,98
2024-09-16 15:46:48.864000,415.0289510923007,11
2024-09-16 15:46:48.926000,414.9657070804811,5
2024-09-16 15:46:48.988000,414.9701080229822,998
2024-09-16 15:46:49.279000,415.0349661999148,14
2024-09-16 15:46:49.725000,415.0345582329015,105
2024-09-16 15:46:49.880000,415.03474423095264,96
2024-09-16 15:46:50.151000,415.0388700202372,103
2024-09-16 15:46:50.238000,415.0132349444322,1002
2024-09-16 15:46:50.278000,415.0188480613382,98
2024-09-16 15:46:50.320000,415.02995751778593,11
2024-09-16 15:46:50.326000,415.022721503633,997
2024-09-16 15:46:50.344000,415.0391265295612,996
2024-09-16 15:46:50.369000,415.0302123094377,1002
2024-09-16 15:46:50.373000,415.027498916134,15
2024-09-16 15:46:50.402000,415.0140886076581,10
2024-09-16 15:46:50.458000,415.0114083937462,97
2024-09-16 15:46:50.584000,415.0197476364056,97
2024-09-16 15:46:50.798000,415.05280677018345,13
2024-09-16 15:46:50.822000,414.9984092854792,95
2024-09-16 15:46:50.833000,415.0042214504365,14
2024-09-16 15:46:50.841000,415.01266355880966,1000
2024-09-16 15:46:50.859000,415.0078959472984,97
2024-09-16 15:46:50.917000,415.0347738806183,1002
2024-09-16 15:46:50.929000,415.0103857261647,7
2024-09-16 15:46:50.990000,415.0222185916221,999
2024-09-16 15:46:51.190000,415.0940179231964,997
2024-09-16 15:46:51.200000,415.03102474639655,996
2024-09-16 15:46:51.202000,415.1948729758879,105
2024-09-16 15:46:51.224000,415.01875580708094,12
2024-09-16 15:46:51.228000,415.0999087004017,7
2024-09-16 15:46:51.316000,415.1471167319517,1003
2024-09-16 15:46:51.345000,415.07525777816846,105
2024-09-16 15:46:51.648000,415.1874669943229,102
2024-09-16 15:46:51.650000,415.0827531545328,103
2024-09-16 15:46:51.667000,415.0307410442357,1001
2024-09-16 15:46:51.691000,415.08317258733257,8
2024-09-16 15:46:51.733000,415.1653080858632,9
2024-09-16 15:46:51.745000,415.0530968074352,1004
2024-09-16 15:46:51.750000,415.1329688917075,104
2024-09-16 15:46:51.817000,415.04336639981807,95
2024-09-16 15:46:51.915000,415.0677179597717,97
2024-09-16 15:46:52.001000,415.15112101608696,995
2024-09-16 15:46:52.051000,415.1625730786702,999
2024-09-16 15:46:52.070000,415.1729325842899,1000
2024-09-16 15:46:52.092000,415.1700664857221,6
2024-09-16 15:46:52.133000,415.1796897448885,998
2024-09-16 15:46:52.156000,415.180747878576,5
2024-09-16 15:46:52.191000,415.18233175064137,10
2024-09-16 15:46:52.234000,415.17545832476816,996
2024-09-16 15:46:52.429000,415.1746770966788,104
2024-09-16 15:46:52.475000,415.1742845829265,996
2024-09-16 15:46:52.570000,415.166126114397,995
2024-09-16 15:46:52.591000,415.1666889495565,11
2024-09-16 15:46:52.642000,415.1619861098697,8
2024-09-16 15:46:52.820000,415.194307693531,99
2024-09-16 15:46:52.841000,415.168863232192,100
2024-09-16 15:46:52.859000,415.15546193446585,14
2024-09-16 15:46:52.859000,415.1951474087208,97
2024-09-16 15:46:52.968000,415.1534694806925,1000
2024-09-16 15:46:53.323000,415.1809019237747,102
2024-09-16 15:46:53.459000,415.170086565537,10
2024-09-16 15:46:54.094000,415.1870512086219,11
2024-09-16 15:46:54.097000,415.1924549417712,9
2024-09-16 15:46:54.100000,415.193604654607,9
2024-09-16 15:46:54.156000,415.17971055203714,6
2024-09-16 15:46:54.200000,415.132304827404,104
2024-09-16 15:46:54.217000,415.126797212599,100
2024-09-16 15:46:54.241000,415.17377405917017,1004
2024-09-16 15:46:54.246000,415.1812210882312,99
2024-09-16 15:46:54.296000,415.17907041054536,15
2024-09-16 15:46:54.301000,415.1380181102086,5
2024-09-16 15:46:54.309000,415.1365211361141,105
2024-09-16 15:46:54.346000,415.1812059989122,7
2024-09-16 15:46:54.403000,415.1353798771999,15
2024-09-16 15:46:54.424000,415.1969573176175,100
2024-09-16 15:46:54.449000,415.1460183275116,97
2024-09-16 15:46:54.467000,415.1332853344221,1005
2024-09-16 15:46:54.493000,415.15078326715445,1005
2024-09-16 15:46:54.511000,415.1237873738201,96
2024-09-16 15:46:54.522000,415.19011549828656,7
2024-09-16 15:46:54.542000,415.1575874992217,998
2024-09-16 15:46:54.581000,415.1824830112426,104
2024-09-16 15:46:54.648000,415.1893639231147,1001
2024-09-16 15:46:54.752000,415.1839484972103,995
2024-09-16 15:46:54.800000,415.1912517054607,9
2024-09-16 15:46:54.813000,415.1796491702946,8
2024-09-16 15:46:54.819000,415.1962575246403,13
2024-09-16 15:46:54.840000,415.1713295012917,5
2024-09-16 15:46:54.981000,415.1869409171166,995
2024-09-16 15:46:55.072000,415.0847502239653,96
2024-09-16 15:46:55.101000,415.0788669269609,1005
2024-09-16 15:46:55.205000,415.0771205785072,9
2024-09-16 15:46:55.251000,415.0722694499889,1004
2024-09-16 15:46:55.366000,415.0671523687214,104
2024-09-16 15:46:55.526000,415.0623539750308,102
2024-09-16 15:46:55.534000,415.11046586987175,96
2024-09-16 15:46:55.650000,415.0641817278896,103
2024-09-16 15:46:55.653000,415.094254601834,997
2024-09-16 15:46:55.688000,415.12025874976814,100
2024-09-16 15:46:55.698000,415.0812951434437,995
2024-09-16 15:46:55.903000,415.05547585298285,96
2024-09-16 15:46:55.964000,415.0566164331548,101
2024-09-16 15:46:56.049000,415.0944221980556,1000
2024-09-16 15:46:56.065000,415.0543739227584,997
2024-09-16 15:46:56.275000,415.08597091735055,98
2024-09-16 15:46:56.301000,415.1364199442656,97
2024-09-16 15:46:56.366000,415.0741114052874,996
2024-09-16 15:46:56.395000,415.1205964233444,100
2024-09-16 15:46:56.423000,415.10665089436,1003
2024-09-16 15:46:56.474000,415.1383927949168,1004
2024-09-16 15:46:56.577000,415.0930058958255,7
2024-09-16 15:46:56.601000,415.1428717953141,5
2024-09-16 15:46:56.623000,415.0566840546998,8
2024-09-16 15:46:56.751000,415.1356421618134,105
2024-09-16 15:46:56.812000,415.06467766353217,996
2024-09-16 15:46:56.825000,415.1353314008143,6
2024-09-16 15:46:56.908000,415.1099539964743,105
2024-09-16 15:46:57.111000,416.710852126694,997
2024-09-16 15:46:57.164000,415.1226360250234,12
2024-09-16 15:46:57.240000,415.1463815144161,103
2024-09-16 15:46:57.296000,415.1249587228671,10
2024-09-16 15:46:57.297000,415.1447010060466,104
2024-09-16 15:46:57.510000,415.12471557893554,11
2024-09-16 15:46:57.675000,415.11299839868593,97
2024-09-16 15:46:57.682000,415.13084546100265,1001
2024-09-16 15:46:57.721000,415.1236691513618,1003
2024-09-16 15:46:57.745000,415.1285432233321,98
2024-09-16 15:46:57.790000,415.1167747734576,9
2024-09-16 15:46:57.812000,415.1205529734684,95
2024-09-16 15:46:57.964000,415.1221224966662,102
2024-09-16 15:46:58.010000,415.09102136388015,11
2024-09-16 15:46:58.175000,415.0807467967402,8
2024-09-16 15:46:58.304000,415.0953269004544,95
2024-09-16 15:46:58.531000,415.09546190400783,997
2024-09-16 15:46:58.541000,415.0830920937341,97
2024-09-16 15:46:58.689000,415.0695358487867,96
2024-09-16 15:46:58.948000,415.0861266146881,101
2024-09-16 15:46:58.977000,415.1010938304608,12
2024-09-16 15:46:59.037000,415.1077318464935,100
2024-09-16 15:46:59.050000,415.0857071520962,7
2024-09-16 15:46:59.097000,415.098053060663,96
2024-09-16 15:46:59.104000,415.1104082644855,6
2024-09-16 15:46:59.106000,415.09346186513176,1001
2024-09-16 15:46:59.165000,415.1240312265385,1000
2024-09-16 15:46:59.254000,415.1241234065098,104
2024-09-16 15:46:59.285000,415.09929987003056,1001
2024-09-16 15:46:59.303000,416.6758250067759,11
2024-09-16 15:46:59.308000,415.1151641880079,97
2024-09-16 15:46:59.324000,415.1177259240522,105
2024-09-16 15:46:59.351000,415.1308486105352,99
2024-09-16 15:46:59.362000,415.0875842273345,95
2024-09-16 15:46:59.366000,415.1221889312227,104
2024-09-16 15:46:59.413000,415.0949175359671,11
2024-09-16 15:46:59.441000,415.0922033702507,13
2024-09-16 15:46:59.562000,415.0962443092557,9
2024-09-16 15:46:59.603000,415.0911280538903,1004
2024-09-16 15:46:59.607000,415.0634973947992,1003
2024-09-16 15:46:59.636000,415.0702168426955,997
2024-09-16 15:46:59.701000,415.0881442512162,99
2024-09-16 15:46:59.754000,415.10487982234025,997
2024-09-16 15:46:59.768000,415.06815393541297,101
2024-09-16 15:46:59.906000,415.1319557419391,999
2024-09-16 15:46:59.957000,415.124533721234,1003
2024-09-16 15:46:59.958000,415.1289302933612,8
2024-09-16 15:46:59.975000,415.121237181709,9
