Timestamp,Price,Size
2024-09-20 09:44:00.029000,422.7372766441702,998
2024-09-20 09:44:00.250000,422.7633079323999,1002
2024-09-20 09:44:00.370000,422.73245241782513,97
2024-09-20 09:44:00.478000,422.75281005334006,1005
2024-09-20 09:44:00.514000,422.73550774618985,1000
2024-09-20 09:44:00.516000,422.7313377135338,100
2024-09-20 09:44:00.658000,422.7352619579872,8
2024-09-20 09:44:00.808000,422.7355886224421,9
2024-09-20 09:44:00.892000,422.7416708609676,998
2024-09-20 09:44:00.934000,422.7452079653036,12
2024-09-20 09:44:00.986000,422.7286916679544,998
2024-09-20 09:44:01.088000,422.7704950797183,1005
2024-09-20 09:44:01.223000,422.7468087078467,103
2024-09-20 09:44:01.266000,422.72714375571127,1004
2024-09-20 09:44:01.276000,422.7247809951522,1001
2024-09-20 09:44:01.351000,422.73466182924494,6
2024-09-20 09:44:01.388000,422.7612732659478,10
2024-09-20 09:44:01.454000,422.7255384186364,997
2024-09-20 09:44:01.482000,422.7458628429537,999
2024-09-20 09:44:01.746000,422.7439107474625,14
2024-09-20 09:44:01.832000,422.72684471937896,10
2024-09-20 09:44:01.944000,422.7432075920349,995
2024-09-20 09:44:01.960000,422.7246936863666,14
2024-09-20 09:44:02.129000,422.6463298095399,999
2024-09-20 09:44:02.188000,422.6570025414357,99
2024-09-20 09:44:02.192000,422.6970298072623,95
2024-09-20 09:44:02.214000,422.7041896939615,10
2024-09-20 09:44:02.230000,422.6613672611881,1005
2024-09-20 09:44:02.330000,422.6551658099242,996
2024-09-20 09:44:02.404000,422.6777781694685,12
2024-09-20 09:44:02.521000,422.7003035337835,105
2024-09-20 09:44:02.591000,422.6874053923824,10
2024-09-20 09:44:02.593000,422.656593457105,7
2024-09-20 09:44:02.616000,422.7166946293665,105
2024-09-20 09:44:02.656000,422.6794681909757,95
2024-09-20 09:44:02.662000,422.6763062278496,999
2024-09-20 09:44:02.674000,422.6678035564358,10
2024-09-20 09:44:02.744000,422.7059797274762,8
2024-09-20 09:44:02.801000,422.7122292302121,1005
2024-09-20 09:44:02.825000,422.6826263615813,101
2024-09-20 09:44:02.905000,422.6536083608542,12
2024-09-20 09:44:02.914000,422.6872515334148,1004
2024-09-20 09:44:02.914000,422.6632247304659,1005
2024-09-20 09:44:02.924000,422.6674669236224,7
2024-09-20 09:44:02.982000,422.6668690103568,100
2024-09-20 09:44:02.999000,422.64120755866,1000
2024-09-20 09:44:03.027000,422.7060897403111,1002
2024-09-20 09:44:03.085000,422.6835146600801,1004
2024-09-20 09:44:03.128000,422.6902475501867,7
2024-09-20 09:44:03.146000,422.6894911313886,103
2024-09-20 09:44:03.218000,422.6890883805016,102
2024-09-20 09:44:03.223000,422.69010706901537,1000
2024-09-20 09:44:03.264000,422.6776210538156,104
2024-09-20 09:44:03.304000,422.6837111410356,995
2024-09-20 09:44:03.310000,422.7127829584876,104
2024-09-20 09:44:03.342000,422.7021933925325,1004
2024-09-20 09:44:03.384000,422.6806630152154,1002
2024-09-20 09:44:03.420000,422.6972996881047,12
2024-09-20 09:44:03.690000,422.7018179682477,102
2024-09-20 09:44:03.701000,422.6852592098679,1000
2024-09-20 09:44:03.729000,422.71528116733583,1003
2024-09-20 09:44:03.735000,422.69370056299215,96
2024-09-20 09:44:03.746000,422.7583529381676,1002
2024-09-20 09:44:03.847000,422.7352758864205,8
2024-09-20 09:44:03.880000,422.72740063939233,14
2024-09-20 09:44:03.920000,422.6956712268711,10
2024-09-20 09:44:03.943000,422.70535591876666,11
2024-09-20 09:44:03.973000,422.747624798692,999
2024-09-20 09:44:04.037000,422.731591352614,996
2024-09-20 09:44:04.060000,422.7432865874616,1002
2024-09-20 09:44:04.094000,422.7303295354096,97
2024-09-20 09:44:04.123000,422.7239275118491,105
2024-09-20 09:44:04.192000,422.7082109000565,7
2024-09-20 09:44:04.222000,422.719507008254,1005
2024-09-20 09:44:04.239000,422.71393079089154,95
2024-09-20 09:44:04.240000,422.7254585364661,1005
2024-09-20 09:44:04.256000,422.6906095254268,5
2024-09-20 09:44:04.275000,422.6854933384002,13
2024-09-20 09:44:04.285000,422.7058517090312,103
2024-09-20 09:44:04.301000,422.7102450037509,95
2024-09-20 09:44:04.471000,422.6885823535533,1004
2024-09-20 09:44:04.505000,422.70333065851327,997
2024-09-20 09:44:04.507000,422.6711108988196,999
2024-09-20 09:44:04.515000,422.6934559296068,96
2024-09-20 09:44:04.537000,422.7317537788231,1001
2024-09-20 09:44:04.581000,422.71728560536434,97
2024-09-20 09:44:04.618000,422.7061356700945,5
2024-09-20 09:44:04.655000,422.7202400851907,12
2024-09-20 09:44:04.749000,422.7250513316956,103
2024-09-20 09:44:04.772000,422.7357495745952,15
2024-09-20 09:44:04.848000,422.67112430990426,102
2024-09-20 09:44:04.876000,422.6880829885413,996
2024-09-20 09:44:04.904000,422.7146941090544,996
2024-09-20 09:44:04.907000,422.72210697051287,998
2024-09-20 09:44:04.908000,422.7313131957767,998
2024-09-20 09:44:04.930000,422.7244033867128,998
2024-09-20 09:44:04.950000,422.7029198064215,995
2024-09-20 09:44:05.014000,422.6035447437816,96
2024-09-20 09:44:05.028000,422.6171324828605,15
2024-09-20 09:44:05.043000,422.6448108078079,100
2024-09-20 09:44:05.131000,422.6820991123996,104
2024-09-20 09:44:05.171000,422.635882013412,6
2024-09-20 09:44:05.306000,422.6758029246124,997
2024-09-20 09:44:05.331000,422.6623297750338,101
2024-09-20 09:44:05.343000,422.6254758776943,5
2024-09-20 09:44:05.349000,422.6489258292583,103
2024-09-20 09:44:05.356000,422.6276403607816,15
2024-09-20 09:44:05.419000,422.61814290745485,100
2024-09-20 09:44:05.477000,422.590223195955,5
2024-09-20 09:44:05.510000,422.7097755790231,101
2024-09-20 09:44:05.516000,422.7015681378263,100
2024-09-20 09:44:05.519000,422.6070716328097,13
2024-09-20 09:44:05.535000,422.68922613433,998
2024-09-20 09:44:05.612000,422.6633260120722,5
2024-09-20 09:44:05.618000,422.6826408327179,7
2024-09-20 09:44:05.710000,422.6840716482745,98
2024-09-20 09:44:05.715000,422.6918499649929,105
2024-09-20 09:44:05.730000,422.6824731642157,12
2024-09-20 09:44:05.981000,422.6600866116229,8
2024-09-20 09:44:06.106000,422.5913546985895,99
2024-09-20 09:44:06.145000,422.59407070606943,96
2024-09-20 09:44:06.182000,422.5870399585988,998
2024-09-20 09:44:06.221000,422.5983226589231,1004
2024-09-20 09:44:06.407000,422.5851896166907,5
2024-09-20 09:44:06.422000,422.5793170233106,996
2024-09-20 09:44:06.436000,422.6031795904892,15
2024-09-20 09:44:06.490000,422.5747282035661,14
2024-09-20 09:44:06.553000,422.59504083788926,105
2024-09-20 09:44:06.776000,422.5942472738,15
2024-09-20 09:44:07.347000,422.57789862022713,996
2024-09-20 09:44:07.470000,422.5887666140092,8
2024-09-20 09:44:07.473000,422.59818614666494,996
2024-09-20 09:44:07.536000,422.585750443577,100
2024-09-20 09:44:07.579000,422.59338434190414,99
2024-09-20 09:44:07.666000,422.59361007838567,9
2024-09-20 09:44:07.920000,422.61007751645207,1003
2024-09-20 09:44:07.946000,422.6198038091408,96
2024-09-20 09:44:08.086000,422.6053703424311,996
2024-09-20 09:44:08.460000,422.6099170053235,96
2024-09-20 09:44:08.527000,422.601479812934,100
2024-09-20 09:44:09.150000,422.6223179405979,1005
2024-09-20 09:44:09.152000,422.6721253004917,103
2024-09-20 09:44:09.252000,422.6758087750762,999
2024-09-20 09:44:09.314000,422.6373634254271,103
2024-09-20 09:44:09.388000,422.6555023143867,97
2024-09-20 09:44:09.587000,422.6067824624225,100
2024-09-20 09:44:09.729000,422.5908304880356,9
2024-09-20 09:44:09.733000,422.67214488332286,1002
2024-09-20 09:44:09.748000,422.6705715994687,8
2024-09-20 09:44:09.799000,422.6580272865,5
2024-09-20 09:44:10.400000,422.6929301760936,995
2024-09-20 09:44:10.459000,422.6440554695784,12
2024-09-20 09:44:10.489000,422.6520926754922,6
2024-09-20 09:44:10.748000,422.6399242888351,1002
2024-09-20 09:44:10.832000,422.6477328278452,996
2024-09-20 09:44:10.834000,422.6865018784661,10
2024-09-20 09:44:10.950000,422.64550090880016,99
2024-09-20 09:44:11.079000,422.685492201884,999
2024-09-20 09:44:11.150000,422.6679118984637,102
2024-09-20 09:44:11.158000,422.6907135616145,99
2024-09-20 09:44:11.213000,422.67864811732,98
2024-09-20 09:44:11.249000,422.6786195158947,97
2024-09-20 09:44:11.324000,422.6827962001931,996
2024-09-20 09:44:11.342000,422.6935157467008,6
2024-09-20 09:44:11.362000,422.75590449840735,6
2024-09-20 09:44:11.377000,422.6945644641297,997
2024-09-20 09:44:11.408000,422.6761201514165,1005
2024-09-20 09:44:11.461000,422.72403779024927,1000
2024-09-20 09:44:11.517000,422.7407367163688,102
2024-09-20 09:44:11.569000,422.6932084121156,1001
2024-09-20 09:44:11.600000,422.7040936179077,1000
2024-09-20 09:44:11.771000,422.7413264468397,13
2024-09-20 09:44:11.874000,422.7009078775406,102
2024-09-20 09:44:11.996000,422.75133212301904,103
2024-09-20 09:44:12.106000,422.768738521738,1002
2024-09-20 09:44:12.109000,422.73164107677536,1003
2024-09-20 09:44:12.143000,422.7869625761725,997
2024-09-20 09:44:12.152000,422.7107533384233,97
2024-09-20 09:44:12.153000,422.7411888851993,998
2024-09-20 09:44:12.169000,422.7324944726822,99
2024-09-20 09:44:12.171000,422.7366053870031,1003
2024-09-20 09:44:12.185000,422.7424224271751,9
2024-09-20 09:44:12.274000,422.7555969542418,996
2024-09-20 09:44:12.323000,422.7583442880629,15
2024-09-20 09:44:12.340000,422.7636630048249,1005
2024-09-20 09:44:12.347000,422.7681277768871,13
2024-09-20 09:44:12.361000,422.7514580294875,999
2024-09-20 09:44:12.415000,422.7951489089075,997
2024-09-20 09:44:12.428000,422.7390454116679,9
2024-09-20 09:44:12.445000,422.7511356238099,105
2024-09-20 09:44:12.451000,422.6731537410647,12
2024-09-20 09:44:12.470000,422.7315903884245,996
2024-09-20 09:44:12.482000,422.7188341665613,5
2024-09-20 09:44:12.493000,422.6535811035079,14
2024-09-20 09:44:12.502000,422.75621149310064,8
2024-09-20 09:44:12.527000,422.747743861793,104
2024-09-20 09:44:12.617000,422.7100078748925,9
2024-09-20 09:44:12.650000,422.70369026624405,995
2024-09-20 09:44:12.697000,422.767940652695,999
2024-09-20 09:44:12.843000,422.7209135388786,9
2024-09-20 09:44:12.934000,422.77455672914897,101
2024-09-20 09:44:12.974000,422.7189143809193,99
2024-09-20 09:44:12.975000,422.7553703016161,99
2024-09-20 09:44:13.669000,422.6732943582692,102
2024-09-20 09:44:13.911000,422.6669276884967,103
2024-09-20 09:44:14.273000,422.67763058901767,103
2024-09-20 09:44:14.938000,422.6904385386891,1004
2024-09-20 09:44:15.003000,422.6832533631239,999
2024-09-20 09:44:15.014000,422.6777077250758,100
2024-09-20 09:44:15.035000,422.70270873940734,103
2024-09-20 09:44:15.045000,422.69841283192943,12
2024-09-20 09:44:15.116000,422.67617376640175,1003
2024-09-20 09:44:15.137000,422.708290421917,998
2024-09-20 09:44:15.207000,422.6907451546343,1005
2024-09-20 09:44:15.231000,422.6494610033442,1001
2024-09-20 09:44:15.291000,422.7016455025823,100
2024-09-20 09:44:15.314000,422.70896157179527,1001
2024-09-20 09:44:15.328000,422.69608855915214,1000
2024-09-20 09:44:15.376000,422.6921412308905,98
2024-09-20 09:44:15.494000,422.6817745455368,103
2024-09-20 09:44:15.502000,422.6858859625122,101
2024-09-20 09:44:15.525000,422.679538701366,12
2024-09-20 09:44:15.727000,422.6896090337332,995
2024-09-20 09:44:15.744000,422.67830649065775,98
2024-09-20 09:44:15.756000,422.6837048146352,15
2024-09-20 09:44:15.848000,422.6725665854468,102
2024-09-20 09:44:15.886000,422.6674691206807,8
2024-09-20 09:44:15.902000,422.6886282133464,9
2024-09-20 09:44:15.931000,422.6779261582436,10
2024-09-20 09:44:16.050000,422.6228720737188,8
2024-09-20 09:44:16.077000,422.6865206595492,98
2024-09-20 09:44:16.144000,422.6076757111322,95
2024-09-20 09:44:16.164000,422.5604551439096,103
2024-09-20 09:44:16.307000,422.63042711432064,996
2024-09-20 09:44:16.311000,422.58619086175065,10
2024-09-20 09:44:16.417000,422.6172163388226,7
2024-09-20 09:44:16.476000,422.6465371062776,104
2024-09-20 09:44:16.503000,422.616054696956,12
2024-09-20 09:44:16.551000,422.6375740800719,97
2024-09-20 09:44:16.769000,422.6344498064574,1003
2024-09-20 09:44:16.864000,422.64490272265925,13
2024-09-20 09:44:16.871000,422.7032704068743,99
2024-09-20 09:44:16.880000,422.5710457404358,10
2024-09-20 09:44:16.967000,422.61604081331126,996
2024-09-20 09:44:16.975000,422.6725109938697,10
2024-09-20 09:44:17.089000,422.5747398345178,995
2024-09-20 09:44:17.124000,422.5893484927819,103
2024-09-20 09:44:17.174000,422.57106726889407,1000
2024-09-20 09:44:17.216000,422.60698010736,11
2024-09-20 09:44:17.307000,422.5847468989853,95
2024-09-20 09:44:17.309000,422.5659545184426,1003
2024-09-20 09:44:17.349000,422.5549988331198,12
2024-09-20 09:44:17.397000,422.5980916744424,101
2024-09-20 09:44:17.522000,422.558742907597,104
2024-09-20 09:44:17.575000,422.5884730172767,104
2024-09-20 09:44:17.661000,422.5669874391303,996
2024-09-20 09:44:17.662000,422.5619175288772,12
2024-09-20 09:44:17.770000,422.5766931989385,98
2024-09-20 09:44:17.989000,422.5901823567015,997
2024-09-20 09:44:17.990000,422.5601531877399,101
2024-09-20 09:44:18.185000,422.5508441217012,1003
2024-09-20 09:44:18.355000,422.5555513580288,103
2024-09-20 09:44:18.377000,422.54492313722704,7
2024-09-20 09:44:18.493000,422.5584681608949,95
2024-09-20 09:44:18.531000,422.5447899471458,14
2024-09-20 09:44:18.880000,422.5507059280756,1002
2024-09-20 09:44:19.624000,422.5378615447541,1005
2024-09-20 09:44:20.364000,422.5696850013844,12
2024-09-20 09:44:20.650000,422.5645714649472,995
2024-09-20 09:44:20.912000,422.5583714396098,1000
2024-09-20 09:44:22.042000,422.5645602811671,98
2024-09-20 09:44:22.050000,422.5892541901488,100
2024-09-20 09:44:22.066000,422.5806734511497,10
2024-09-20 09:44:22.186000,422.5615643093268,98
2024-09-20 09:44:22.196000,422.56285903919024,6
2024-09-20 09:44:22.263000,422.5671262928197,12
2024-09-20 09:44:22.292000,422.5473635396614,95
2024-09-20 09:44:22.412000,422.5736251085246,10
2024-09-20 09:44:22.508000,422.5691535760431,102
2024-09-20 09:44:22.517000,422.5613317569746,995
2024-09-20 09:44:22.521000,422.5523275227038,1005
2024-09-20 09:44:22.602000,422.5779898715821,1000
2024-09-20 09:44:22.603000,422.5615962127183,12
2024-09-20 09:44:22.608000,422.5757420461351,8
2024-09-20 09:44:22.630000,422.5418758401878,995
2024-09-20 09:44:22.671000,422.55676305105874,95
2024-09-20 09:44:22.676000,422.55843658123706,1000
2024-09-20 09:44:22.721000,422.567317436249,8
2024-09-20 09:44:22.887000,422.55453156497936,10
2024-09-20 09:44:22.905000,422.5749355923589,995
2024-09-20 09:44:23.027000,422.6082948143745,7
2024-09-20 09:44:23.101000,422.6186053134496,995
2024-09-20 09:44:23.175000,422.60380058420833,14
2024-09-20 09:44:23.195000,422.6351924917005,11
2024-09-20 09:44:23.227000,422.5562439329806,15
2024-09-20 09:44:23.285000,422.61589777281495,102
2024-09-20 09:44:23.310000,422.57064238842105,14
2024-09-20 09:44:23.575000,422.61406055045006,997
2024-09-20 09:44:23.756000,422.5818495492606,96
2024-09-20 09:44:23.855000,422.56627528205695,1001
2024-09-20 09:44:23.911000,422.60947185524486,1003
2024-09-20 09:44:24.147000,422.5059915474452,1004
2024-09-20 09:44:24.458000,422.49770832042,96
2024-09-20 09:44:24.485000,422.4509836082377,997
2024-09-20 09:44:24.487000,422.53270344473793,1001
2024-09-20 09:44:24.562000,422.5407548422902,1003
2024-09-20 09:44:24.691000,422.4835373250595,103
2024-09-20 09:44:24.719000,422.5407569474215,999
2024-09-20 09:44:24.729000,422.5456813611418,105
2024-09-20 09:44:24.887000,422.5530429449021,5
2024-09-20 09:44:24.937000,422.54653608458943,1004
2024-09-20 09:44:25.143000,422.4563629321222,102
2024-09-20 09:44:25.180000,422.46812800469615,7
2024-09-20 09:44:25.247000,422.4376754977032,98
2024-09-20 09:44:25.341000,422.4577661627519,104
2024-09-20 09:44:25.408000,422.4468941292687,14
2024-09-20 09:44:25.434000,422.4648897057103,8
2024-09-20 09:44:25.481000,422.4180104599896,95
2024-09-20 09:44:25.563000,422.4645143688922,1002
2024-09-20 09:44:25.605000,422.44341928252936,103
2024-09-20 09:44:25.609000,422.4474590721815,1002
2024-09-20 09:44:25.621000,422.44036719447377,105
2024-09-20 09:44:25.628000,422.4423210211824,7
2024-09-20 09:44:25.738000,422.4433221729586,97
2024-09-20 09:44:25.746000,422.4479867533713,1000
2024-09-20 09:44:25.786000,422.45404449253294,105
2024-09-20 09:44:25.825000,422.4386834043237,15
2024-09-20 09:44:25.849000,422.4298476476032,13
2024-09-20 09:44:25.864000,422.4640157066994,103
2024-09-20 09:44:26.006000,422.5498066422683,14
2024-09-20 09:44:26.013000,422.48607574289366,997
2024-09-20 09:44:26.039000,422.5707353087054,95
2024-09-20 09:44:26.099000,422.5465851629676,98
2024-09-20 09:44:26.314000,422.60340235869006,103
2024-09-20 09:44:26.349000,422.5320736725487,999
2024-09-20 09:44:26.377000,422.522936169657,98
2024-09-20 09:44:26.422000,422.5753415920087,1003
2024-09-20 09:44:26.428000,422.4605635162303,995
2024-09-20 09:44:26.441000,422.5229776403661,1004
2024-09-20 09:44:26.465000,422.6132549363872,99
2024-09-20 09:44:26.480000,422.5159514083379,104
2024-09-20 09:44:26.495000,422.5250860450032,8
2024-09-20 09:44:26.546000,422.5480402592052,14
2024-09-20 09:44:26.590000,422.60583343635176,14
2024-09-20 09:44:26.630000,422.62068985748994,998
2024-09-20 09:44:26.665000,422.53477129378734,14
2024-09-20 09:44:26.689000,422.5016707319417,104
2024-09-20 09:44:26.700000,422.5621905343542,996
2024-09-20 09:44:26.703000,422.5563505452385,9
2024-09-20 09:44:26.756000,422.5321972678847,1000
2024-09-20 09:44:26.831000,422.5122460759108,1004
2024-09-20 09:44:26.850000,422.5362972676039,1004
2024-09-20 09:44:26.872000,422.5470375754512,995
2024-09-20 09:44:26.938000,422.5327384063642,98
2024-09-20 09:44:27.044000,422.6541596921771,101
2024-09-20 09:44:27.093000,422.7144910094253,11
2024-09-20 09:44:27.112000,422.6259179555957,1003
2024-09-20 09:44:27.185000,422.6709298645977,10
2024-09-20 09:44:27.278000,422.64423079863593,103
2024-09-20 09:44:27.314000,422.713000756738,15
2024-09-20 09:44:27.364000,422.626655990774,8
2024-09-20 09:44:27.364000,422.6801089679631,6
2024-09-20 09:44:27.367000,422.6890515715807,997
2024-09-20 09:44:27.457000,422.6934265944267,1000
2024-09-20 09:44:27.498000,422.6889245444105,97
2024-09-20 09:44:27.621000,422.6931882984316,12
2024-09-20 09:44:27.631000,422.65314031560894,9
2024-09-20 09:44:27.701000,422.6132329769106,9
2024-09-20 09:44:27.734000,422.71885771527366,8
2024-09-20 09:44:27.902000,422.6428425614569,14
2024-09-20 09:44:27.903000,422.6787357221884,95
2024-09-20 09:44:27.911000,422.75876685981007,104
2024-09-20 09:44:27.925000,422.6618730685989,103
2024-09-20 09:44:27.982000,422.67956713257377,13
2024-09-20 09:44:27.990000,422.73622087591536,99
2024-09-20 09:44:28.085000,422.7510213580165,96
2024-09-20 09:44:28.345000,422.7557013258572,6
2024-09-20 09:44:28.371000,422.7508898540127,1003
2024-09-20 09:44:28.581000,422.7797113435484,998
2024-09-20 09:44:28.809000,422.7658920519952,104
2024-09-20 09:44:28.910000,422.764131371502,97
2024-09-20 09:44:28.949000,422.7510838162656,8
2024-09-20 09:44:29.149000,422.7858039920259,999
2024-09-20 09:44:29.235000,422.78013938485446,10
2024-09-20 09:44:29.285000,422.8001957493895,7
2024-09-20 09:44:29.411000,422.8034414858632,96
2024-09-20 09:44:29.478000,422.75568496688174,104
2024-09-20 09:44:29.512000,422.7567023987896,102
2024-09-20 09:44:29.615000,422.77061067192176,995
2024-09-20 09:44:30.024000,422.8023380308894,1004
2024-09-20 09:44:30.102000,422.75053391990906,1005
2024-09-20 09:44:30.450000,422.73561326743135,13
2024-09-20 09:44:30.473000,422.7533374758166,6
2024-09-20 09:44:30.622000,422.7622233249919,15
2024-09-20 09:44:30.646000,422.7355439135456,7
2024-09-20 09:44:30.679000,422.76182442252457,105
2024-09-20 09:44:30.746000,422.7577681248844,104
2024-09-20 09:44:30.784000,422.77913488703456,7
2024-09-20 09:44:30.824000,422.8019196659406,1004
2024-09-20 09:44:30.952000,422.7977636496569,13
2024-09-20 09:44:31.045000,422.8075542546288,6
2024-09-20 09:44:31.469000,422.8216849996881,998
2024-09-20 09:44:31.943000,422.7988789093834,97
2024-09-20 09:44:32.146000,422.7998135204979,995
2024-09-20 09:44:32.187000,422.8081929771405,10
2024-09-20 09:44:32.296000,422.8152237575644,1001
2024-09-20 09:44:32.320000,422.8279078097453,11
2024-09-20 09:44:32.501000,422.81378617861617,105
2024-09-20 09:44:32.697000,422.8080723963538,995
2024-09-20 09:44:33.003000,422.6955829117172,103
2024-09-20 09:44:33.022000,422.7891033814454,11
2024-09-20 09:44:33.050000,422.7073815292622,8
2024-09-20 09:44:33.065000,422.8307181247624,99
2024-09-20 09:44:33.096000,422.6651922600838,101
2024-09-20 09:44:33.159000,422.734567218179,11
2024-09-20 09:44:33.161000,422.82400678923904,1005
2024-09-20 09:44:33.162000,422.6872934114962,14
2024-09-20 09:44:33.332000,422.7187351158356,999
2024-09-20 09:44:33.397000,422.71719909210975,7
2024-09-20 09:44:33.516000,422.7931884152504,7
2024-09-20 09:44:33.520000,422.7668773257688,10
2024-09-20 09:44:33.548000,422.8390623398432,98
2024-09-20 09:44:33.634000,422.7517555766186,13
2024-09-20 09:44:33.686000,422.7912282063163,13
2024-09-20 09:44:33.694000,422.8432826206245,11
2024-09-20 09:44:33.697000,422.74513397922345,15
2024-09-20 09:44:33.741000,422.75583807432935,95
2024-09-20 09:44:33.742000,422.75787270075233,103
2024-09-20 09:44:33.745000,422.8285036248829,11
2024-09-20 09:44:33.799000,422.7644477126965,98
2024-09-20 09:44:33.843000,422.758949341106,8
2024-09-20 09:44:33.857000,422.7588597163407,996
2024-09-20 09:44:33.861000,422.8327250198725,103
2024-09-20 09:44:33.909000,422.6791745473478,1001
2024-09-20 09:44:33.999000,422.7461635950192,1003
2024-09-20 09:44:34.006000,422.6610877187345,9
2024-09-20 09:44:34.069000,422.63066786978186,997
2024-09-20 09:44:34.144000,422.6245797548,995
2024-09-20 09:44:34.170000,422.66596289614426,7
2024-09-20 09:44:34.204000,422.6752722508786,96
2024-09-20 09:44:34.214000,422.6416777085542,97
2024-09-20 09:44:34.232000,422.6238910023332,995
2024-09-20 09:44:34.328000,422.64747357337455,997
2024-09-20 09:44:34.352000,422.6375061433038,997
2024-09-20 09:44:34.531000,422.6414118673994,104
2024-09-20 09:44:34.621000,422.6571391082263,10
2024-09-20 09:44:34.852000,422.6235484395876,15
2024-09-20 09:44:34.869000,422.6294723309672,12
2024-09-20 09:44:34.899000,422.6243512222533,97
2024-09-20 09:44:35.033000,422.6542265598675,7
2024-09-20 09:44:35.135000,422.6450814319484,104
2024-09-20 09:44:35.235000,422.6446473842069,102
2024-09-20 09:44:35.292000,422.672713524394,1003
2024-09-20 09:44:35.310000,422.6411987805391,6
2024-09-20 09:44:35.324000,422.62652890839433,1000
2024-09-20 09:44:35.336000,422.64857844112686,11
2024-09-20 09:44:35.470000,422.6478643652976,1003
2024-09-20 09:44:35.480000,422.6118576385004,97
2024-09-20 09:44:35.487000,422.59597528251214,6
2024-09-20 09:44:35.540000,422.6595728921573,1002
2024-09-20 09:44:35.575000,422.6640677267412,11
2024-09-20 09:44:35.599000,422.6020781344184,1000
2024-09-20 09:44:35.603000,422.62334505097454,99
2024-09-20 09:44:35.714000,422.58681693847,6
2024-09-20 09:44:35.775000,422.630147368312,995
2024-09-20 09:44:35.777000,422.631700798116,997
2024-09-20 09:44:35.827000,422.6157288668877,10
2024-09-20 09:44:35.865000,422.6391616067414,15
2024-09-20 09:44:35.909000,422.62304201358654,100
2024-09-20 09:44:35.928000,422.639103534222,14
2024-09-20 09:44:36.013000,422.5319499857284,98
2024-09-20 09:44:36.040000,422.5983898120989,11
2024-09-20 09:44:36.066000,422.5275458065342,8
2024-09-20 09:44:36.076000,422.5691835015134,104
2024-09-20 09:44:36.206000,422.53370471114897,98
2024-09-20 09:44:36.285000,422.59838743209895,99
2024-09-20 09:44:36.295000,422.5181903471157,998
2024-09-20 09:44:36.503000,422.5162117619399,1000
2024-09-20 09:44:36.526000,422.5866464924474,1001
2024-09-20 09:44:36.626000,422.52027575779965,998
2024-09-20 09:44:36.669000,422.5491453072838,97
2024-09-20 09:44:36.705000,422.52035494993066,996
2024-09-20 09:44:36.772000,422.5167207037613,13
2024-09-20 09:44:36.840000,422.52781174977366,995
2024-09-20 09:44:36.966000,422.5543214376965,100
2024-09-20 09:44:36.980000,422.5365148503011,10
2024-09-20 09:44:36.995000,422.5131199282071,1001
2024-09-20 09:44:37.090000,422.4871888570031,105
2024-09-20 09:44:37.590000,422.5094719736063,998
2024-09-20 09:44:37.593000,422.5149308554109,1004
2024-09-20 09:44:37.682000,422.4769096953357,96
2024-09-20 09:44:37.881000,422.50691587087846,101
2024-09-20 09:44:38.075000,422.51610285138815,11
2024-09-20 09:44:38.093000,422.4698761455249,1004
2024-09-20 09:44:38.133000,422.48891928007725,99
2024-09-20 09:44:38.177000,422.5091082876654,8
2024-09-20 09:44:38.387000,422.5094080568385,996
2024-09-20 09:44:38.458000,422.48683134330986,101
2024-09-20 09:44:38.498000,422.5054006436432,100
2024-09-20 09:44:38.523000,422.50251913825286,100
2024-09-20 09:44:38.542000,422.5146979261461,11
2024-09-20 09:44:38.580000,422.48138104590936,105
2024-09-20 09:44:38.593000,422.4983872880963,95
2024-09-20 09:44:38.601000,422.502785800336,105
2024-09-20 09:44:38.630000,422.5038706800042,105
2024-09-20 09:44:38.823000,422.4869633131849,15
2024-09-20 09:44:38.828000,422.52543077970574,999
2024-09-20 09:44:38.918000,422.4997519794104,104
2024-09-20 09:44:39.007000,422.51009842246015,1002
2024-09-20 09:44:39.210000,422.4810126938011,13
2024-09-20 09:44:39.218000,422.5016503377541,9
2024-09-20 09:44:39.235000,422.47674406810086,99
2024-09-20 09:44:39.251000,422.4967503476856,102
2024-09-20 09:44:39.282000,422.48914330983,998
2024-09-20 09:44:39.314000,422.4680071603587,7
2024-09-20 09:44:39.334000,422.501075758977,97
2024-09-20 09:44:39.359000,422.5100263389118,6
2024-09-20 09:44:39.364000,422.5175981802837,996
2024-09-20 09:44:39.380000,422.50149514953705,6
2024-09-20 09:44:39.435000,422.5084545986357,14
2024-09-20 09:44:39.453000,422.50532782642415,99
2024-09-20 09:44:39.492000,422.4996586106767,98
2024-09-20 09:44:39.506000,422.4819188210814,103
2024-09-20 09:44:39.563000,422.4743157120507,1004
2024-09-20 09:44:39.594000,422.4710217485282,6
2024-09-20 09:44:39.620000,422.4845843014276,9
2024-09-20 09:44:39.653000,422.5047089141484,1001
2024-09-20 09:44:39.758000,422.5152702318992,11
2024-09-20 09:44:39.792000,422.5214691590991,104
2024-09-20 09:44:39.829000,422.5049391266768,10
2024-09-20 09:44:39.846000,422.50937298737085,99
2024-09-20 09:44:39.862000,422.4766026661357,6
2024-09-20 09:44:39.879000,422.5144969527117,6
2024-09-20 09:44:39.914000,422.4825068692677,96
2024-09-20 09:44:39.972000,422.4879249700801,9
2024-09-20 09:44:40.348000,422.4893375229544,96
2024-09-20 09:44:40.657000,422.50183578257867,999
2024-09-20 09:44:40.987000,422.49860526984594,13
2024-09-20 09:44:41.020000,422.52613652170055,98
2024-09-20 09:44:41.099000,422.4958101031546,1002
2024-09-20 09:44:41.131000,422.5026258964924,95
2024-09-20 09:44:41.150000,422.5096776755776,997
2024-09-20 09:44:41.169000,422.5137403417576,103
2024-09-20 09:44:41.222000,422.5036682351665,9
2024-09-20 09:44:41.290000,422.49618222708256,105
2024-09-20 09:44:41.316000,422.5510009224691,997
2024-09-20 09:44:41.316000,422.5298032736451,1005
2024-09-20 09:44:41.383000,422.5048227280489,998
2024-09-20 09:44:41.478000,422.5167816006811,97
2024-09-20 09:44:41.481000,422.4920416101585,15
2024-09-20 09:44:41.563000,422.52844297401634,14
2024-09-20 09:44:41.661000,422.5398433653674,7
2024-09-20 09:44:41.681000,422.5145068191774,1000
2024-09-20 09:44:41.699000,422.49680387873417,996
2024-09-20 09:44:41.727000,422.5227313972924,1001
2024-09-20 09:44:41.920000,422.5439668161917,996
2024-09-20 09:44:41.938000,422.5297255793984,14
2024-09-20 09:44:41.976000,422.5501173922298,999
2024-09-20 09:44:42.001000,422.5375330885101,1002
2024-09-20 09:44:42.041000,422.556290371355,11
2024-09-20 09:44:42.160000,422.5310269267054,102
2024-09-20 09:44:42.530000,422.5398234170449,12
2024-09-20 09:44:42.596000,422.5424822672929,7
2024-09-20 09:44:42.601000,422.550943518558,8
2024-09-20 09:44:42.625000,422.5529288379645,96
2024-09-20 09:44:42.671000,422.5607252926537,100
2024-09-20 09:44:43.105000,422.56849186290617,105
2024-09-20 09:44:43.124000,422.55571189042274,103
2024-09-20 09:44:43.272000,422.5516114337206,95
2024-09-20 09:44:43.320000,422.5636862772882,97
2024-09-20 09:44:43.329000,422.5601649452698,104
2024-09-20 09:44:43.452000,422.5824400639269,1003
2024-09-20 09:44:43.578000,422.5731941574781,11
2024-09-20 09:44:43.760000,422.568872132468,1000
2024-09-20 09:44:43.779000,422.57947746569465,1005
2024-09-20 09:44:43.877000,422.5980947349048,13
2024-09-20 09:44:43.903000,422.5965802997134,96
2024-09-20 09:44:43.931000,422.5940743019736,1001
2024-09-20 09:44:44.033000,422.6457475729972,995
2024-09-20 09:44:44.095000,422.5959390473078,999
2024-09-20 09:44:44.166000,422.6049726144328,8
2024-09-20 09:44:44.251000,422.6176283915154,996
2024-09-20 09:44:44.275000,422.6000548583074,998
2024-09-20 09:44:44.376000,422.6369565576117,998
2024-09-20 09:44:44.574000,422.6051142031418,104
2024-09-20 09:44:44.671000,422.6408507756828,102
2024-09-20 09:44:44.674000,422.57620845850886,6
2024-09-20 09:44:44.708000,422.632418926678,12
2024-09-20 09:44:44.741000,422.624706972808,1000
2024-09-20 09:44:44.760000,422.66542353326713,1005
2024-09-20 09:44:44.775000,422.6200419405486,7
2024-09-20 09:44:44.888000,422.624892887927,1001
2024-09-20 09:44:44.951000,422.5975239148413,996
2024-09-20 09:44:44.953000,422.6535223427308,7
2024-09-20 09:44:44.971000,422.59357292576,105
2024-09-20 09:44:45.296000,422.57419748456704,7
2024-09-20 09:44:45.325000,422.5757997673653,9
2024-09-20 09:44:45.346000,422.571079841972,98
2024-09-20 09:44:45.425000,422.5901253549425,5
2024-09-20 09:44:45.470000,422.5863553518414,996
2024-09-20 09:44:45.495000,422.5895940529351,995
2024-09-20 09:44:45.661000,422.58638387175154,997
2024-09-20 09:44:45.749000,422.58592860116033,97
2024-09-20 09:44:45.806000,422.56579044091217,103
2024-09-20 09:44:45.921000,422.56941109108624,105
2024-09-20 09:44:45.969000,422.5898327755762,103
2024-09-20 09:44:46.106000,422.6215590201152,1000
2024-09-20 09:44:46.115000,422.6063254414923,105
2024-09-20 09:44:46.119000,422.6035658488348,995
2024-09-20 09:44:46.297000,422.63359130262256,95
2024-09-20 09:44:46.317000,422.5844160332218,1005
2024-09-20 09:44:46.339000,422.63784120276426,1003
2024-09-20 09:44:46.340000,422.6420240118476,1001
2024-09-20 09:44:46.429000,422.6288876856838,12
2024-09-20 09:44:46.451000,422.5885318299335,999
2024-09-20 09:44:46.553000,422.6126363904751,99
2024-09-20 09:44:46.576000,422.6022325736591,102
2024-09-20 09:44:46.635000,422.6284492356178,1004
2024-09-20 09:44:46.643000,422.5848380753431,102
2024-09-20 09:44:46.795000,422.6271914074848,1001
2024-09-20 09:44:46.802000,422.5944227980885,103
2024-09-20 09:44:47.183000,422.649575742014,8
2024-09-20 09:44:47.434000,422.6385209022803,95
2024-09-20 09:44:47.446000,422.64362328920936,101
2024-09-20 09:44:47.882000,422.6579984019603,1004
2024-09-20 09:44:48.009000,422.6470855301597,102
2024-09-20 09:44:49.216000,422.6374766752475,104
2024-09-20 09:44:49.556000,422.6179066877221,95
2024-09-20 09:44:50.016000,422.6122901216481,102
2024-09-20 09:44:50.050000,422.6198170802775,997
2024-09-20 09:44:50.151000,422.6308341391501,1002
2024-09-20 09:44:50.175000,422.5992436483726,98
2024-09-20 09:44:50.248000,422.63835582312527,95
2024-09-20 09:44:50.327000,422.6262813492068,1000
2024-09-20 09:44:50.366000,422.6500635411259,102
2024-09-20 09:44:50.513000,422.6288340452548,103
2024-09-20 09:44:50.562000,422.59846150091374,14
2024-09-20 09:44:50.646000,422.6257086254969,5
2024-09-20 09:44:50.708000,422.6375325798491,101
2024-09-20 09:44:50.721000,422.6427150839336,97
2024-09-20 09:44:51.040000,422.6456065837053,103
2024-09-20 09:44:51.047000,422.7248532873048,7
2024-09-20 09:44:51.116000,422.63583667522727,6
2024-09-20 09:44:51.126000,422.7018342080677,995
2024-09-20 09:44:51.171000,422.6314463912426,1002
2024-09-20 09:44:51.263000,422.6336378635328,95
2024-09-20 09:44:51.284000,422.7015884574784,995
2024-09-20 09:44:51.381000,422.6240424457486,103
2024-09-20 09:44:51.397000,422.66138957650674,1005
2024-09-20 09:44:51.437000,422.6354255264106,96
2024-09-20 09:44:51.536000,422.7338120989864,7
2024-09-20 09:44:51.649000,422.74700021918096,104
2024-09-20 09:44:51.703000,422.693232167216,1001
2024-09-20 09:44:51.763000,422.6120574505902,997
2024-09-20 09:44:51.766000,422.69716663744447,1003
2024-09-20 09:44:51.811000,422.6353284075012,1005
2024-09-20 09:44:51.821000,422.6925696281304,7
2024-09-20 09:44:51.853000,422.61151771510185,13
2024-09-20 09:44:51.861000,422.6429247408781,996
2024-09-20 09:44:51.875000,422.740959540496,1000
2024-09-20 09:44:52.221000,422.7180407506995,1003
2024-09-20 09:44:52.318000,422.7305934664408,11
2024-09-20 09:44:52.362000,422.7292876148176,1002
2024-09-20 09:44:52.667000,422.71206207071657,105
2024-09-20 09:44:52.757000,422.7195605271028,96
2024-09-20 09:44:52.800000,422.7282713551508,1001
2024-09-20 09:44:53.044000,422.70950597722407,102
2024-09-20 09:44:53.086000,422.7251492472956,9
2024-09-20 09:44:53.090000,422.7331934339198,1004
2024-09-20 09:44:53.199000,422.709493089248,97
2024-09-20 09:44:53.283000,422.7200034727226,6
2024-09-20 09:44:53.291000,422.7118154126305,1003
2024-09-20 09:44:53.296000,422.7350712679436,5
2024-09-20 09:44:53.467000,422.7204624122414,8
2024-09-20 09:44:53.678000,422.72870764427176,13
2024-09-20 09:44:53.741000,422.716597376838,7
2024-09-20 09:44:53.743000,422.711482634824,12
2024-09-20 09:44:54.011000,422.6911574320679,10
2024-09-20 09:44:54.050000,422.7203539260603,9
2024-09-20 09:44:54.147000,422.7268118019516,105
2024-09-20 09:44:54.148000,422.6819260388243,100
2024-09-20 09:44:54.166000,422.7026338811649,12
2024-09-20 09:44:54.240000,422.6930338469245,95
2024-09-20 09:44:54.299000,422.7200204307286,98
2024-09-20 09:44:54.432000,422.71615740649554,1004
2024-09-20 09:44:54.463000,422.68455048009855,10
2024-09-20 09:44:54.475000,422.71518634399314,97
2024-09-20 09:44:54.701000,422.7242040023207,1004
2024-09-20 09:44:54.824000,422.7243393081336,14
2024-09-20 09:44:54.863000,422.7180145256679,5
2024-09-20 09:44:54.892000,422.6963821989989,96
2024-09-20 09:44:55.193000,422.7060062545261,97
2024-09-20 09:44:55.235000,422.702643924752,1005
2024-09-20 09:44:55.235000,422.7016028256696,1003
2024-09-20 09:44:55.280000,422.7076698272056,95
2024-09-20 09:44:55.326000,422.6723353355338,5
2024-09-20 09:44:55.446000,422.6968333195507,99
2024-09-20 09:44:55.473000,422.67447548636574,104
2024-09-20 09:44:55.494000,422.7040995292165,1004
2024-09-20 09:44:55.580000,422.6993037460806,105
2024-09-20 09:44:55.580000,422.6817217401551,995
2024-09-20 09:44:55.627000,422.6832879652053,1003
2024-09-20 09:44:55.656000,422.6905840062208,14
2024-09-20 09:44:55.660000,422.70821323791967,103
2024-09-20 09:44:55.679000,422.6792632444751,997
2024-09-20 09:44:55.821000,422.6624272914233,11
2024-09-20 09:44:55.827000,422.67567158696073,1002
2024-09-20 09:44:55.853000,422.68930794901314,15
2024-09-20 09:44:55.882000,422.712036808824,98
2024-09-20 09:44:55.945000,422.6812849267687,7
2024-09-20 09:44:55.981000,422.7039386422111,1004
2024-09-20 09:44:56.137000,422.68011470819306,7
2024-09-20 09:44:56.141000,422.6722806507902,104
2024-09-20 09:44:56.187000,422.67693932815735,1004
2024-09-20 09:44:56.256000,422.7062188486005,97
2024-09-20 09:44:56.279000,422.6692378444219,13
2024-09-20 09:44:56.292000,422.6782101574008,105
2024-09-20 09:44:56.394000,422.7104806267366,100
2024-09-20 09:44:56.409000,422.6911976580938,1002
2024-09-20 09:44:56.466000,422.6717253865205,99
2024-09-20 09:44:56.537000,422.6651388368726,96
2024-09-20 09:44:56.678000,422.676971019762,102
2024-09-20 09:44:56.828000,422.68869918418886,997
2024-09-20 09:44:56.991000,422.6669497782137,1003
2024-09-20 09:44:57.019000,422.6850770832219,103
2024-09-20 09:44:57.107000,422.7286776473089,103
2024-09-20 09:44:57.123000,422.7310392939848,105
2024-09-20 09:44:57.213000,422.7182170706266,5
2024-09-20 09:44:57.307000,422.7269771125127,1001
2024-09-20 09:44:57.322000,422.7327162423933,1000
2024-09-20 09:44:57.356000,422.7419110551028,995
2024-09-20 09:44:57.360000,422.67800081914027,100
2024-09-20 09:44:57.374000,422.687437653365,100
2024-09-20 09:44:57.401000,422.7328368000599,13
2024-09-20 09:44:57.415000,422.6806043959909,1002
2024-09-20 09:44:57.444000,422.70362932485176,1005
2024-09-20 09:44:57.524000,422.6694208637107,1000
2024-09-20 09:44:57.531000,422.7002128939041,1001
2024-09-20 09:44:57.544000,422.7138607774625,9
2024-09-20 09:44:57.569000,422.6842153108944,14
2024-09-20 09:44:57.589000,422.7356532161689,99
2024-09-20 09:44:57.650000,422.7274650101082,102
2024-09-20 09:44:57.688000,422.7357396869336,104
2024-09-20 09:44:57.752000,422.7005175618663,102
2024-09-20 09:44:57.765000,422.6983731465146,100
2024-09-20 09:44:57.796000,422.7233313206825,98
2024-09-20 09:44:57.799000,422.69842067745066,5
2024-09-20 09:44:57.821000,422.7288476794643,5
2024-09-20 09:44:57.862000,422.6656556527252,95
2024-09-20 09:44:57.868000,422.67851536085504,10
2024-09-20 09:44:57.879000,422.7049598888204,999
2024-09-20 09:44:58.017000,422.7399353001477,10
2024-09-20 09:44:58.161000,422.7292745852221,15
2024-09-20 09:44:58.223000,422.7289913815268,13
2024-09-20 09:44:58.263000,422.73201712044425,1003
2024-09-20 09:44:58.266000,422.7570088234461,1005
2024-09-20 09:44:58.285000,422.7204042958257,102
2024-09-20 09:44:58.352000,422.740066196658,997
2024-09-20 09:44:58.461000,422.7260842114208,1005
2024-09-20 09:44:58.498000,422.7009827698904,12
2024-09-20 09:44:58.571000,422.7394818627136,998
2024-09-20 09:44:58.720000,422.74930433616726,997
2024-09-20 09:44:58.798000,422.72505975946905,14
2024-09-20 09:44:58.887000,422.7419306269706,99
2024-09-20 09:44:58.911000,422.7387147046032,104
2024-09-20 09:44:58.940000,422.7332595840162,102
2024-09-20 09:44:58.970000,422.7082213982229,105
2024-09-20 09:44:59.063000,422.7631376579742,95
2024-09-20 09:44:59.144000,422.702346580037,96
2024-09-20 09:44:59.491000,422.7222785145043,1002
2024-09-20 09:44:59.559000,422.71757384935495,100
2024-09-20 09:44:59.591000,422.7480525431121,103
2024-09-20 09:44:59.674000,422.72180076730297,5
2024-09-20 09:44:59.723000,422.74567691465546,1000
2024-09-20 09:44:59.873000,422.71155684320127,1002
2024-09-20 09:44:59.888000,422.710582870062,97
2024-09-20 09:44:59.935000,422.7085083000311,9
2024-09-20 09:44:59.984000,422.7346355405009,9
