Timestamp,Price,Size
2024-09-18 12:56:00.024000,417.019674800384,996
2024-09-18 12:56:00.201000,417.0027353995379,100
2024-09-18 12:56:00.241000,417.028059497482,1000
2024-09-18 12:56:00.421000,417.04225969450255,13
2024-09-18 12:56:00.531000,417.0145331022273,105
2024-09-18 12:56:00.788000,417.0406234199406,95
2024-09-18 12:56:00.884000,417.0191396135126,97
2024-09-18 12:56:00.895000,417.0126591132053,999
2024-09-18 12:56:01.658000,417.03068937842943,9
2024-09-18 12:56:01.765000,417.0299377101139,1001
2024-09-18 12:56:02.112000,417.0068826566872,105
2024-09-18 12:56:03.011000,416.9810219091527,13
2024-09-18 12:56:03.015000,417.1041678546685,100
2024-09-18 12:56:03.070000,416.9852106194154,1003
2024-09-18 12:56:03.084000,417.0808914410362,15
2024-09-18 12:56:03.123000,417.0486577785754,997
2024-09-18 12:56:03.145000,417.06541423933993,6
2024-09-18 12:56:03.158000,417.10027770455577,995
2024-09-18 12:56:03.181000,417.02435386371366,99
2024-09-18 12:56:03.193000,417.109057076941,7
2024-09-18 12:56:03.199000,417.0033319083976,10
2024-09-18 12:56:03.221000,417.09580736729134,997
2024-09-18 12:56:03.251000,417.1021945743935,999
2024-09-18 12:56:03.284000,416.987443035624,101
2024-09-18 12:56:03.419000,417.11941325490574,995
2024-09-18 12:56:03.447000,417.0507458397027,1001
2024-09-18 12:56:03.467000,417.0549122479584,102
2024-09-18 12:56:03.484000,417.0655445340447,11
2024-09-18 12:56:03.504000,417.0491998562591,10
2024-09-18 12:56:03.513000,416.98268899932975,96
2024-09-18 12:56:03.573000,417.0878362125585,104
2024-09-18 12:56:03.591000,417.0560346273007,1005
2024-09-18 12:56:03.623000,416.9857874064078,999
2024-09-18 12:56:03.694000,417.0679282833468,11
2024-09-18 12:56:03.711000,417.03823476318513,100
2024-09-18 12:56:03.720000,416.9795936081252,1002
2024-09-18 12:56:03.914000,416.9805230317736,5
2024-09-18 12:56:03.949000,417.0522184775182,11
2024-09-18 12:56:03.973000,416.9935851287544,105
2024-09-18 12:56:04.234000,417.11740636363305,11
2024-09-18 12:56:04.330000,417.1269418680753,13
2024-09-18 12:56:04.526000,417.09934084900016,6
2024-09-18 12:56:04.623000,417.1387468569728,1001
2024-09-18 12:56:04.624000,417.1273813235352,14
2024-09-18 12:56:04.805000,417.102256387434,1003
2024-09-18 12:56:04.881000,417.1345344749939,1000
2024-09-18 12:56:04.913000,417.1201594299218,99
2024-09-18 12:56:05.081000,417.1564034433708,100
2024-09-18 12:56:05.332000,417.14650094302806,1004
2024-09-18 12:56:05.418000,417.1501487901653,12
2024-09-18 12:56:05.639000,417.137959347242,12
2024-09-18 12:56:06.011000,417.09774138301424,103
2024-09-18 12:56:06.023000,417.1224509942693,13
2024-09-18 12:56:06.038000,417.09479841498137,8
2024-09-18 12:56:06.116000,417.1414986502016,12
2024-09-18 12:56:06.125000,417.0762619501952,96
2024-09-18 12:56:06.150000,417.1203925998591,1003
2024-09-18 12:56:06.157000,417.0810852187071,105
2024-09-18 12:56:06.189000,417.1390436501272,15
2024-09-18 12:56:06.224000,417.1101594709534,7
2024-09-18 12:56:06.302000,417.13039024976297,1005
2024-09-18 12:56:06.387000,417.0969340349887,996
2024-09-18 12:56:06.402000,417.1196036934094,102
2024-09-18 12:56:06.433000,417.1312502339544,102
2024-09-18 12:56:06.442000,417.1098814977432,996
2024-09-18 12:56:06.444000,417.1075745882547,1002
2024-09-18 12:56:06.456000,417.1166170314704,104
2024-09-18 12:56:06.574000,417.1050162499835,5
2024-09-18 12:56:06.609000,417.0934867784072,15
2024-09-18 12:56:06.645000,417.1033650854881,1000
2024-09-18 12:56:06.684000,417.1342380919348,99
2024-09-18 12:56:06.707000,417.120023285714,995
2024-09-18 12:56:06.761000,417.08205710884937,13
2024-09-18 12:56:06.802000,417.1236677455978,11
2024-09-18 12:56:06.838000,417.13810639764654,13
2024-09-18 12:56:06.893000,417.0891449676512,995
2024-09-18 12:56:06.930000,417.1109902966258,104
2024-09-18 12:56:06.960000,417.14164168069226,15
2024-09-18 12:56:07.016000,416.9621515320506,9
2024-09-18 12:56:07.063000,417.0390440606501,96
2024-09-18 12:56:07.065000,416.9658637027836,102
2024-09-18 12:56:07.212000,417.1063366775628,1001
2024-09-18 12:56:07.249000,417.1407153312308,996
2024-09-18 12:56:07.424000,417.09026994738895,97
2024-09-18 12:56:07.433000,416.95951876539226,5
2024-09-18 12:56:07.452000,417.1347309538831,5
2024-09-18 12:56:07.540000,417.08570007345423,9
2024-09-18 12:56:07.542000,417.0454845239552,105
2024-09-18 12:56:07.630000,417.0914396659484,8
2024-09-18 12:56:07.642000,417.0378103908029,1002
2024-09-18 12:56:07.685000,416.9837393391152,10
2024-09-18 12:56:07.701000,417.0945075880259,100
2024-09-18 12:56:07.701000,417.0663843605543,95
2024-09-18 12:56:07.709000,417.1129335177619,15
2024-09-18 12:56:07.796000,417.0972116609168,101
2024-09-18 12:56:07.845000,417.10516791805134,99
2024-09-18 12:56:07.886000,417.1216309055096,5
2024-09-18 12:56:07.910000,416.9568925968987,100
2024-09-18 12:56:07.956000,416.9881426862048,12
2024-09-18 12:56:07.964000,417.0094703936886,11
2024-09-18 12:56:08.208000,416.9564172302966,15
2024-09-18 12:56:08.278000,416.9480963799399,998
2024-09-18 12:56:08.365000,416.9654702665476,1004
2024-09-18 12:56:08.467000,416.965357858214,11
2024-09-18 12:56:08.469000,416.95858427649017,1004
2024-09-18 12:56:08.535000,416.9609776953195,1002
2024-09-18 12:56:08.726000,416.9774582067521,102
2024-09-18 12:56:08.886000,416.94568842707895,996
2024-09-18 12:56:09.013000,417.0140938191093,96
2024-09-18 12:56:09.047000,417.0100048026703,1005
2024-09-18 12:56:09.227000,417.01998558013054,8
2024-09-18 12:56:09.327000,416.9492455768814,996
2024-09-18 12:56:09.396000,416.9561892061922,10
2024-09-18 12:56:09.402000,416.96142272317206,13
2024-09-18 12:56:09.670000,416.9368190464114,10
2024-09-18 12:56:09.679000,417.0066088899052,12
2024-09-18 12:56:09.740000,416.9660921194891,103
2024-09-18 12:56:09.796000,416.9883976846343,12
2024-09-18 12:56:09.815000,417.0161814678683,103
2024-09-18 12:56:09.825000,416.9757543294887,98
2024-09-18 12:56:09.923000,416.9619773716008,997
2024-09-18 12:56:09.976000,417.0108618940309,5
2024-09-18 12:56:10.030000,416.9974697212528,12
2024-09-18 12:56:10.057000,417.04484300645817,104
2024-09-18 12:56:10.179000,416.99595196635016,1005
2024-09-18 12:56:10.275000,417.0004613839807,10
2024-09-18 12:56:10.309000,417.0040584216418,12
2024-09-18 12:56:10.370000,417.00677464154217,11
2024-09-18 12:56:10.456000,417.0432485452236,995
2024-09-18 12:56:10.495000,417.0030539399913,15
2024-09-18 12:56:10.521000,417.0035400788181,1005
2024-09-18 12:56:10.538000,416.9873840651508,102
2024-09-18 12:56:10.654000,417.046850819723,1005
2024-09-18 12:56:10.769000,417.0259981226809,104
2024-09-18 12:56:10.774000,417.0674121921034,14
2024-09-18 12:56:10.779000,417.0212577014682,7
2024-09-18 12:56:10.789000,417.0444363038778,1001
2024-09-18 12:56:10.822000,417.0553810877411,1005
2024-09-18 12:56:10.824000,416.9876707288389,10
2024-09-18 12:56:10.891000,416.994216837244,995
2024-09-18 12:56:10.899000,416.9968357963105,995
2024-09-18 12:56:10.951000,416.9959557536201,6
2024-09-18 12:56:10.951000,416.9796427362212,15
2024-09-18 12:56:10.951000,416.9966863507941,9
2024-09-18 12:56:10.961000,417.0609822597909,998
2024-09-18 12:56:10.983000,417.0051222223085,102
2024-09-18 12:56:11.113000,416.9912657427411,999
2024-09-18 12:56:11.243000,416.96610987709306,11
2024-09-18 12:56:11.274000,416.9673667167223,996
2024-09-18 12:56:11.275000,416.9755553498983,11
2024-09-18 12:56:11.372000,416.9536264904143,10
2024-09-18 12:56:11.440000,416.9632653344756,15
2024-09-18 12:56:11.453000,416.9678853501248,997
2024-09-18 12:56:11.566000,416.96591930990246,102
2024-09-18 12:56:11.640000,416.97353077334463,13
2024-09-18 12:56:11.730000,416.9710180660732,1003
2024-09-18 12:56:11.776000,416.9767649012765,997
2024-09-18 12:56:12.245000,417.0005725242295,996
2024-09-18 12:56:12.472000,416.9809962376138,14
2024-09-18 12:56:12.694000,417.01456381259806,998
2024-09-18 12:56:12.697000,417.01405821117146,9
2024-09-18 12:56:12.843000,417.00402761651657,101
2024-09-18 12:56:13.039000,416.9746786312684,11
2024-09-18 12:56:13.129000,416.9585150059309,8
2024-09-18 12:56:13.209000,416.9869354530825,5
2024-09-18 12:56:13.707000,416.9336826246115,8
2024-09-18 12:56:13.798000,416.98000584007633,11
2024-09-18 12:56:13.834000,417.0043687028132,11
2024-09-18 12:56:14.068000,416.9837775595037,998
2024-09-18 12:56:14.233000,416.9825130359876,1005
2024-09-18 12:56:14.385000,416.9465296226705,8
2024-09-18 12:56:14.414000,416.9409526633548,7
2024-09-18 12:56:14.447000,416.9346918943041,12
2024-09-18 12:56:14.673000,416.94324417420256,102
2024-09-18 12:56:15.010000,416.9785865354326,9
2024-09-18 12:56:15.011000,416.963185354696,102
2024-09-18 12:56:15.044000,416.9989261807871,996
2024-09-18 12:56:15.049000,416.98120122417976,102
2024-09-18 12:56:15.052000,417.0049476003989,12
2024-09-18 12:56:15.087000,416.96792093568615,15
2024-09-18 12:56:15.145000,416.9994202059806,102
2024-09-18 12:56:15.163000,416.9829846011551,11
2024-09-18 12:56:15.278000,416.96915492527785,1001
2024-09-18 12:56:15.367000,416.9977538625985,7
2024-09-18 12:56:15.396000,416.9559469337909,998
2024-09-18 12:56:15.427000,416.9590342437851,10
2024-09-18 12:56:15.610000,416.9945653131466,999
2024-09-18 12:56:15.665000,416.95344678863455,7
2024-09-18 12:56:15.667000,416.9679335734992,998
2024-09-18 12:56:15.689000,416.9593552066741,1002
2024-09-18 12:56:15.693000,416.9866244179462,98
2024-09-18 12:56:15.750000,416.982629687548,998
2024-09-18 12:56:15.782000,416.9889997146398,103
2024-09-18 12:56:15.856000,416.9695552908228,1000
2024-09-18 12:56:15.875000,417.0168458419306,104
2024-09-18 12:56:15.990000,416.99937094248486,104
2024-09-18 12:56:16.463000,417.0230277066902,95
2024-09-18 12:56:16.647000,417.0109122333017,104
2024-09-18 12:56:16.887000,417.0310313450057,101
2024-09-18 12:56:17.021000,417.0691586564983,1004
2024-09-18 12:56:17.026000,417.0751603452381,1002
2024-09-18 12:56:17.067000,417.0697079348771,7
2024-09-18 12:56:17.074000,417.1146628368337,12
2024-09-18 12:56:17.100000,417.07726304473454,14
2024-09-18 12:56:17.106000,417.06132306770087,997
2024-09-18 12:56:17.114000,417.0679660233697,998
2024-09-18 12:56:17.115000,417.0801850987127,9
2024-09-18 12:56:17.162000,417.0641566546676,14
2024-09-18 12:56:17.178000,417.0426764349663,997
2024-09-18 12:56:17.335000,417.0365553713327,998
2024-09-18 12:56:17.370000,417.0773479450983,105
2024-09-18 12:56:17.388000,417.08426775658273,1004
2024-09-18 12:56:17.395000,417.0399109860813,995
2024-09-18 12:56:17.397000,417.0824657164903,7
2024-09-18 12:56:17.419000,417.02923918313087,10
2024-09-18 12:56:17.420000,417.09105879336033,1004
2024-09-18 12:56:17.455000,417.0951112096134,11
2024-09-18 12:56:17.531000,417.0856195687135,11
2024-09-18 12:56:17.592000,417.081100627658,100
2024-09-18 12:56:17.641000,417.0476660564376,998
2024-09-18 12:56:17.650000,417.0452588150397,1004
2024-09-18 12:56:17.706000,417.1044614082935,1003
2024-09-18 12:56:17.729000,417.0940937686745,995
2024-09-18 12:56:17.869000,417.0726776907724,100
2024-09-18 12:56:17.882000,417.0689791038039,96
2024-09-18 12:56:17.896000,417.0739940991512,1004
2024-09-18 12:56:17.969000,417.0494891926994,1002
2024-09-18 12:56:18.299000,417.06911283425353,7
2024-09-18 12:56:18.453000,417.0263899680264,5
2024-09-18 12:56:18.463000,417.0167464868104,997
2024-09-18 12:56:18.477000,417.0714505925723,100
2024-09-18 12:56:18.492000,417.0556910489563,99
2024-09-18 12:56:18.514000,417.0797805706924,105
2024-09-18 12:56:18.547000,417.0869340497654,997
2024-09-18 12:56:18.548000,417.0661325640984,1003
2024-09-18 12:56:18.747000,417.07333386944265,102
2024-09-18 12:56:18.815000,417.0862950771536,997
2024-09-18 12:56:18.879000,417.0542329828966,105
2024-09-18 12:56:19.016000,417.0494033518113,1005
2024-09-18 12:56:19.106000,417.053061683309,9
2024-09-18 12:56:19.444000,417.0750064654784,1002
2024-09-18 12:56:19.472000,417.0679880676568,14
2024-09-18 12:56:19.623000,417.0837379993272,104
2024-09-18 12:56:19.725000,417.05352013804304,1004
2024-09-18 12:56:19.755000,417.06069759609056,102
2024-09-18 12:56:19.757000,417.0706408154012,100
2024-09-18 12:56:19.777000,417.0433612646547,15
2024-09-18 12:56:19.821000,417.08934120610274,1001
2024-09-18 12:56:19.865000,417.0869832914252,998
2024-09-18 12:56:19.882000,417.09885474407184,96
2024-09-18 12:56:19.890000,417.0910858348836,998
2024-09-18 12:56:20.030000,417.0899091613359,7
2024-09-18 12:56:20.070000,417.1140174121365,8
2024-09-18 12:56:20.185000,417.1199472532945,1004
2024-09-18 12:56:20.228000,417.0968385615901,99
2024-09-18 12:56:20.260000,417.1156664951778,1004
2024-09-18 12:56:20.353000,417.0885349396702,5
2024-09-18 12:56:20.368000,417.07017866813777,998
2024-09-18 12:56:20.406000,417.0907397310638,9
2024-09-18 12:56:20.435000,417.0856001844744,105
2024-09-18 12:56:20.437000,417.09160433580007,1001
2024-09-18 12:56:20.441000,417.12616960402687,100
2024-09-18 12:56:20.514000,417.0888638402836,999
2024-09-18 12:56:20.522000,417.07755396102726,13
2024-09-18 12:56:20.583000,417.08330793429184,12
2024-09-18 12:56:20.645000,417.1166302983138,5
2024-09-18 12:56:20.721000,417.0755062557452,9
2024-09-18 12:56:20.731000,417.1157690626199,1001
2024-09-18 12:56:20.738000,417.1061140468377,99
2024-09-18 12:56:20.758000,417.0801642702224,105
2024-09-18 12:56:20.822000,417.09282463846495,97
2024-09-18 12:56:20.829000,417.1241800084336,102
2024-09-18 12:56:20.857000,417.0885718260762,1000
2024-09-18 12:56:20.866000,417.1211969559403,8
2024-09-18 12:56:20.878000,417.0816665622059,13
2024-09-18 12:56:20.879000,417.105981658265,8
2024-09-18 12:56:20.899000,417.08148505055794,100
2024-09-18 12:56:20.915000,417.1151350682397,6
2024-09-18 12:56:20.935000,417.0863028169815,15
2024-09-18 12:56:20.979000,417.07439048947873,12
2024-09-18 12:56:21.084000,417.09474387885655,101
2024-09-18 12:56:21.112000,417.04857513682737,101
2024-09-18 12:56:21.146000,417.1038555557541,15
2024-09-18 12:56:21.201000,417.05786053723375,10
2024-09-18 12:56:21.247000,417.0796019017556,11
2024-09-18 12:56:21.381000,417.079379371612,11
2024-09-18 12:56:21.445000,417.0610811447912,97
2024-09-18 12:56:21.489000,417.0467375150842,7
2024-09-18 12:56:21.573000,417.0511159870976,95
2024-09-18 12:56:21.583000,417.05645799849896,100
2024-09-18 12:56:21.686000,417.0799520796028,101
2024-09-18 12:56:21.732000,417.04804096608376,99
2024-09-18 12:56:21.822000,417.0795111236392,7
2024-09-18 12:56:21.858000,417.0678968139909,1000
2024-09-18 12:56:21.953000,417.079351242036,11
2024-09-18 12:56:21.993000,417.0407825312958,996
2024-09-18 12:56:21.997000,417.07362440815496,997
2024-09-18 12:56:22.182000,416.9830854054264,6
2024-09-18 12:56:22.215000,417.08589639558,1005
2024-09-18 12:56:22.278000,417.0779065753247,996
2024-09-18 12:56:22.326000,416.9457162132607,99
2024-09-18 12:56:22.376000,417.0798678527912,1001
2024-09-18 12:56:22.383000,416.9640528915885,105
2024-09-18 12:56:22.501000,416.95475876148674,15
2024-09-18 12:56:22.509000,416.9506987198824,8
2024-09-18 12:56:22.556000,416.98388262136666,98
2024-09-18 12:56:22.603000,416.9800150183216,6
2024-09-18 12:56:22.640000,417.0082998354685,1003
2024-09-18 12:56:22.699000,417.0609886808446,998
2024-09-18 12:56:22.807000,417.03374625928274,6
2024-09-18 12:56:22.829000,416.9865648539937,6
2024-09-18 12:56:22.834000,416.9506899476607,7
2024-09-18 12:56:22.874000,417.08821239480494,10
2024-09-18 12:56:22.987000,417.0223574040023,999
2024-09-18 12:56:23.133000,416.93777048406383,996
2024-09-18 12:56:23.186000,416.9368072230891,12
2024-09-18 12:56:23.199000,416.93628803703785,7
2024-09-18 12:56:23.389000,416.9496333852997,97
2024-09-18 12:56:23.721000,416.9651217889453,1005
2024-09-18 12:56:23.868000,416.9231396400368,1005
2024-09-18 12:56:24.116000,416.9560630669224,1001
2024-09-18 12:56:24.194000,416.9342802000164,96
2024-09-18 12:56:24.427000,416.9518081735262,12
2024-09-18 12:56:24.552000,416.9411384681905,13
2024-09-18 12:56:24.690000,416.92992646481343,101
2024-09-18 12:56:24.754000,416.9476706534135,1005
2024-09-18 12:56:24.795000,416.9911088187486,6
2024-09-18 12:56:24.810000,416.9411842270888,97
2024-09-18 12:56:24.984000,416.9606546710595,1004
2024-09-18 12:56:25.020000,416.95827232674367,9
2024-09-18 12:56:25.068000,416.92280899844127,95
2024-09-18 12:56:25.087000,416.981470871096,999
2024-09-18 12:56:25.275000,416.9159668491417,102
2024-09-18 12:56:25.427000,416.9125993882325,9
2024-09-18 12:56:25.508000,416.9669876404574,1005
2024-09-18 12:56:25.529000,416.9712929184545,1002
2024-09-18 12:56:25.530000,416.91642895821127,13
2024-09-18 12:56:25.621000,416.9239787887565,995
2024-09-18 12:56:25.793000,416.9293775317743,996
2024-09-18 12:56:25.806000,416.9766019781192,1001
2024-09-18 12:56:25.851000,416.98902654179,14
2024-09-18 12:56:25.904000,416.9250967476936,6
2024-09-18 12:56:25.965000,416.9182160376397,97
2024-09-18 12:56:26.008000,416.87070740734833,9
2024-09-18 12:56:26.042000,416.8566078075272,104
2024-09-18 12:56:26.050000,416.8389336480559,5
2024-09-18 12:56:26.090000,416.9155625778147,96
2024-09-18 12:56:26.121000,416.8956461300812,10
2024-09-18 12:56:26.124000,416.9056904806865,95
2024-09-18 12:56:26.271000,416.9006786337594,105
2024-09-18 12:56:26.326000,416.892490861322,5
2024-09-18 12:56:26.358000,416.851558940338,995
2024-09-18 12:56:26.477000,416.8795723324004,13
2024-09-18 12:56:26.539000,416.8567084496119,105
2024-09-18 12:56:26.661000,416.8699671276031,95
2024-09-18 12:56:26.665000,416.8907041621197,98
2024-09-18 12:56:26.670000,416.8708389723344,997
2024-09-18 12:56:26.697000,416.8689993441506,5
2024-09-18 12:56:26.741000,416.9062484010468,11
2024-09-18 12:56:26.757000,416.9189953759148,1003
2024-09-18 12:56:26.789000,416.86811673797166,15
2024-09-18 12:56:26.856000,416.8757613781062,14
2024-09-18 12:56:26.884000,416.8761767278823,100
2024-09-18 12:56:26.963000,416.85583625964017,8
2024-09-18 12:56:27.013000,416.79636558534537,6
2024-09-18 12:56:27.023000,416.8877334092875,6
2024-09-18 12:56:27.028000,416.8646798301339,1000
2024-09-18 12:56:27.043000,416.8538102936558,9
2024-09-18 12:56:27.066000,416.8095500814379,998
2024-09-18 12:56:27.066000,416.7965087295281,15
2024-09-18 12:56:27.195000,416.8245526169655,95
2024-09-18 12:56:27.200000,416.8842399291349,6
2024-09-18 12:56:27.286000,416.8706692861885,14
2024-09-18 12:56:27.333000,416.8619594609445,104
2024-09-18 12:56:27.357000,416.87854970269166,1002
2024-09-18 12:56:27.388000,416.8092806899623,1002
2024-09-18 12:56:27.473000,416.8356866812367,1000
2024-09-18 12:56:27.565000,416.7931750054019,105
2024-09-18 12:56:27.588000,416.8588612587478,105
2024-09-18 12:56:27.590000,416.8003935515733,6
2024-09-18 12:56:27.634000,416.86674412029936,103
2024-09-18 12:56:27.641000,416.87058159720567,15
2024-09-18 12:56:27.682000,416.81432872736593,98
2024-09-18 12:56:27.709000,416.817462191276,995
2024-09-18 12:56:27.726000,416.86351572443874,1002
2024-09-18 12:56:27.735000,416.8536444651258,996
2024-09-18 12:56:27.864000,416.815431369299,1002
2024-09-18 12:56:27.924000,416.8210498285675,6
2024-09-18 12:56:27.989000,416.8493479519845,1004
2024-09-18 12:56:28.049000,416.8568235320722,5
2024-09-18 12:56:28.060000,416.8507266767314,1005
2024-09-18 12:56:28.102000,416.8459696093984,998
2024-09-18 12:56:28.186000,416.8420747288573,101
2024-09-18 12:56:28.217000,416.8520417340839,103
2024-09-18 12:56:28.303000,416.8577799242941,995
2024-09-18 12:56:28.313000,416.8683885215156,100
2024-09-18 12:56:28.318000,416.86839807216734,1002
2024-09-18 12:56:28.450000,416.85587051344095,14
2024-09-18 12:56:28.469000,416.8458722344886,997
2024-09-18 12:56:28.517000,416.8666996263845,9
2024-09-18 12:56:28.523000,416.8633444561699,102
2024-09-18 12:56:28.561000,416.8615936175744,1001
2024-09-18 12:56:28.581000,416.8573517825743,999
2024-09-18 12:56:28.600000,416.88319185078166,96
2024-09-18 12:56:28.626000,416.8643859123425,101
2024-09-18 12:56:28.640000,416.8709250396577,14
2024-09-18 12:56:28.721000,416.8651117513653,104
2024-09-18 12:56:28.775000,416.8488800717808,1001
2024-09-18 12:56:28.862000,416.8636134161895,1004
2024-09-18 12:56:28.948000,416.8461156070404,10
2024-09-18 12:56:29.008000,416.9011481386448,996
2024-09-18 12:56:29.057000,416.8119030065544,7
2024-09-18 12:56:29.139000,416.8875637443566,102
2024-09-18 12:56:29.150000,416.9439081839986,101
2024-09-18 12:56:29.177000,416.7933765673224,7
2024-09-18 12:56:29.241000,416.894430138366,95
2024-09-18 12:56:29.246000,416.8404468668315,105
2024-09-18 12:56:29.273000,416.80758091566713,12
2024-09-18 12:56:29.276000,416.8451500465825,15
2024-09-18 12:56:29.301000,416.83864949783896,99
2024-09-18 12:56:29.439000,416.8331098873041,98
2024-09-18 12:56:29.485000,416.8493934510605,1002
2024-09-18 12:56:29.486000,416.8348293215848,7
2024-09-18 12:56:29.547000,416.8516224964417,999
2024-09-18 12:56:29.578000,416.9056331981111,1002
2024-09-18 12:56:29.613000,416.9270649016132,97
2024-09-18 12:56:29.615000,416.8642249475217,1004
2024-09-18 12:56:29.635000,416.84202083658073,6
2024-09-18 12:56:29.645000,416.8105390348457,1000
2024-09-18 12:56:29.701000,416.89434419610194,97
2024-09-18 12:56:29.708000,416.9164714909009,95
2024-09-18 12:56:29.770000,416.89663999687815,1003
2024-09-18 12:56:29.807000,416.830130122256,98
2024-09-18 12:56:29.832000,416.8217919712971,103
2024-09-18 12:56:29.880000,416.86325572109473,98
2024-09-18 12:56:29.891000,416.8518001180898,100
2024-09-18 12:56:29.929000,416.8564053439314,103
2024-09-18 12:56:29.979000,416.881069506173,995
2024-09-18 12:56:30.049000,416.9628911847556,7
2024-09-18 12:56:30.376000,416.9552573396151,999
2024-09-18 12:56:30.532000,416.9523450029099,100
2024-09-18 12:56:30.758000,416.9402703070816,9
2024-09-18 12:56:30.842000,416.9267092287788,98
2024-09-18 12:56:30.935000,416.90983923449767,999
2024-09-18 12:56:31.005000,416.8998411458669,9
2024-09-18 12:56:31.090000,416.9408694982162,12
2024-09-18 12:56:31.104000,416.9385769788481,99
2024-09-18 12:56:31.183000,416.9281923489911,1000
2024-09-18 12:56:31.237000,416.9073407622941,7
2024-09-18 12:56:31.242000,416.9586212169997,98
2024-09-18 12:56:31.268000,416.9170558804154,98
2024-09-18 12:56:31.369000,416.91041615486233,98
2024-09-18 12:56:31.415000,416.8949175516574,98
2024-09-18 12:56:31.572000,416.9057171633316,102
2024-09-18 12:56:31.582000,416.8920535613368,9
2024-09-18 12:56:31.589000,416.89168788900895,5
2024-09-18 12:56:31.751000,416.955331684029,7
2024-09-18 12:56:31.827000,416.94521304079626,1003
2024-09-18 12:56:31.885000,416.8910807320038,14
2024-09-18 12:56:31.890000,416.9580472349402,1003
2024-09-18 12:56:31.926000,416.8878803269059,7
2024-09-18 12:56:31.965000,416.87798042628606,999
2024-09-18 12:56:32.079000,416.9745765990901,96
2024-09-18 12:56:32.116000,416.9777576012054,103
2024-09-18 12:56:32.169000,416.9530045632487,98
2024-09-18 12:56:32.201000,416.9736768976588,105
2024-09-18 12:56:32.222000,416.9673195070724,995
2024-09-18 12:56:32.270000,416.9266552142997,13
2024-09-18 12:56:32.283000,416.96023481212353,999
2024-09-18 12:56:32.297000,416.9341768990976,102
2024-09-18 12:56:32.318000,416.9506506502766,6
2024-09-18 12:56:32.322000,416.9548323650784,101
2024-09-18 12:56:32.365000,416.9536919308536,1004
2024-09-18 12:56:32.413000,416.9338091105231,102
2024-09-18 12:56:32.431000,416.92323804219785,1005
2024-09-18 12:56:32.454000,416.981388258299,1003
2024-09-18 12:56:32.455000,417.0072230089498,13
2024-09-18 12:56:32.520000,416.929747210106,995
2024-09-18 12:56:32.550000,416.95666705476185,100
2024-09-18 12:56:32.617000,416.9682480074891,5
2024-09-18 12:56:32.661000,416.9574819533989,12
2024-09-18 12:56:32.669000,416.9754289139514,7
2024-09-18 12:56:32.701000,416.9229946985935,10
2024-09-18 12:56:32.708000,416.9747573368168,101
2024-09-18 12:56:32.805000,416.9452012210648,97
2024-09-18 12:56:32.815000,416.9615036077022,1000
2024-09-18 12:56:32.862000,416.9213111502743,104
2024-09-18 12:56:32.928000,416.9499554995917,6
2024-09-18 12:56:32.996000,416.9771911406681,1000
2024-09-18 12:56:33.181000,417.0500957650038,15
2024-09-18 12:56:33.270000,417.0400950582591,1002
2024-09-18 12:56:33.501000,417.0936362543724,998
2024-09-18 12:56:33.520000,417.0159902714423,99
2024-09-18 12:56:33.646000,417.0693228453078,97
2024-09-18 12:56:33.737000,417.05359152659423,1003
2024-09-18 12:56:33.759000,417.0665888618205,97
2024-09-18 12:56:33.930000,417.0118661362224,997
2024-09-18 12:56:33.998000,417.0556305318685,996
2024-09-18 12:56:34.031000,417.10988172797215,101
2024-09-18 12:56:34.078000,417.1008128030088,99
2024-09-18 12:56:34.088000,417.09462519275513,1003
2024-09-18 12:56:34.146000,417.1056359733851,1005
2024-09-18 12:56:34.159000,417.108910626194,9
2024-09-18 12:56:34.178000,417.1004265247772,8
2024-09-18 12:56:34.191000,417.0771240647453,999
2024-09-18 12:56:34.238000,417.0725358114928,1003
2024-09-18 12:56:34.239000,417.07571851415616,6
2024-09-18 12:56:34.272000,417.0919391189499,104
2024-09-18 12:56:34.359000,417.1102659544539,8
2024-09-18 12:56:34.471000,417.1112958337915,998
2024-09-18 12:56:34.573000,417.09819126639394,105
2024-09-18 12:56:34.582000,417.07211760152495,1004
2024-09-18 12:56:34.583000,417.0572301507293,13
2024-09-18 12:56:34.607000,417.0767877925393,11
2024-09-18 12:56:34.641000,417.0801716812064,995
2024-09-18 12:56:34.660000,417.09483334915416,999
2024-09-18 12:56:34.678000,417.0945774520499,97
2024-09-18 12:56:34.694000,417.1125940498639,102
2024-09-18 12:56:35.168000,417.0467252045283,999
2024-09-18 12:56:35.367000,417.0377843800275,995
2024-09-18 12:56:35.709000,416.9991484135609,996
2024-09-18 12:56:35.734000,417.06245565515366,1000
2024-09-18 12:56:35.784000,417.0451654753428,98
2024-09-18 12:56:36.004000,416.97553997460255,1005
2024-09-18 12:56:36.027000,416.99122731303913,8
2024-09-18 12:56:36.039000,416.9785766557858,1002
2024-09-18 12:56:36.059000,416.9596181379081,5
2024-09-18 12:56:36.088000,416.9682794886333,5
2024-09-18 12:56:36.106000,416.98744074465634,998
2024-09-18 12:56:36.115000,416.9543469848081,13
2024-09-18 12:56:36.261000,416.9509084438352,99
2024-09-18 12:56:36.307000,416.9603110978934,101
2024-09-18 12:56:36.313000,416.9852857823762,12
2024-09-18 12:56:36.319000,416.9611287768711,1002
2024-09-18 12:56:36.351000,416.9373434985262,1000
2024-09-18 12:56:36.381000,417.0176157558982,96
2024-09-18 12:56:36.470000,416.990151054102,98
2024-09-18 12:56:36.542000,416.97839285863137,98
2024-09-18 12:56:36.598000,416.978859588409,104
2024-09-18 12:56:36.634000,416.9603732352725,13
2024-09-18 12:56:36.643000,416.96395013009135,1001
2024-09-18 12:56:36.684000,416.9985501113175,997
2024-09-18 12:56:36.731000,416.9992059235056,13
2024-09-18 12:56:36.747000,416.9669609193981,105
2024-09-18 12:56:36.801000,416.9857930734099,1000
2024-09-18 12:56:36.831000,416.96793334855766,6
2024-09-18 12:56:36.864000,416.9701408120684,98
2024-09-18 12:56:36.958000,417.00165585365966,1005
2024-09-18 12:56:36.985000,416.9480223949438,102
2024-09-18 12:56:37.001000,416.9378820500117,5
2024-09-18 12:56:37.003000,416.9149582395115,105
2024-09-18 12:56:37.023000,416.9246935907783,1005
2024-09-18 12:56:37.059000,416.9725461585887,101
2024-09-18 12:56:37.068000,416.9554476073023,14
2024-09-18 12:56:37.102000,416.9279493940202,10
2024-09-18 12:56:37.123000,416.94027169273136,97
2024-09-18 12:56:37.135000,416.9484304633996,100
2024-09-18 12:56:37.169000,416.8970706621835,999
2024-09-18 12:56:37.202000,416.9132885865432,15
2024-09-18 12:56:37.205000,416.9182137187434,99
2024-09-18 12:56:37.303000,416.9398560424028,998
2024-09-18 12:56:37.321000,416.92467029753954,13
2024-09-18 12:56:37.324000,416.98223161051664,11
2024-09-18 12:56:37.353000,416.9254292960079,1003
2024-09-18 12:56:37.354000,416.937061287615,13
2024-09-18 12:56:37.359000,416.9809142748348,1004
2024-09-18 12:56:37.365000,416.9595162334267,6
2024-09-18 12:56:37.651000,416.9522771777494,6
2024-09-18 12:56:37.665000,416.9808542109394,1003
2024-09-18 12:56:37.748000,416.927087983223,1005
2024-09-18 12:56:37.768000,416.9360515743508,1004
2024-09-18 12:56:37.924000,416.9011486534467,1002
2024-09-18 12:56:38.018000,416.93743237466026,96
2024-09-18 12:56:38.112000,416.89789538346287,1004
2024-09-18 12:56:38.132000,416.9475999942328,102
2024-09-18 12:56:38.138000,416.93904315911806,15
2024-09-18 12:56:38.147000,416.9478638483132,103
2024-09-18 12:56:38.167000,416.9151560996085,102
2024-09-18 12:56:38.192000,416.9825081611133,998
2024-09-18 12:56:38.230000,416.9463031464408,98
2024-09-18 12:56:38.239000,416.943641197882,995
2024-09-18 12:56:38.272000,416.9791578048415,1000
2024-09-18 12:56:38.281000,416.970299442889,14
2024-09-18 12:56:38.325000,416.9387787226978,996
2024-09-18 12:56:38.468000,416.9081697540793,1003
2024-09-18 12:56:38.515000,416.89626298666417,996
2024-09-18 12:56:38.660000,416.9494505181107,11
2024-09-18 12:56:38.661000,416.9266039631101,995
2024-09-18 12:56:38.694000,416.9391635878548,99
2024-09-18 12:56:38.754000,416.9518117218256,1003
2024-09-18 12:56:38.855000,416.9537245265295,104
2024-09-18 12:56:38.857000,416.9423810205837,97
2024-09-18 12:56:38.966000,416.9756077272791,999
2024-09-18 12:56:39.026000,416.98681522336216,8
2024-09-18 12:56:39.224000,416.9770666151481,1003
2024-09-18 12:56:39.286000,416.9787258991266,1001
2024-09-18 12:56:39.353000,416.9966717679287,101
2024-09-18 12:56:39.420000,416.9953519799647,999
2024-09-18 12:56:39.459000,416.9914508273839,1003
2024-09-18 12:56:39.712000,416.9851505664993,98
2024-09-18 12:56:39.974000,416.98847896342346,97
2024-09-18 12:56:40.005000,416.9874697995468,1001
2024-09-18 12:56:40.370000,417.0226767473793,102
2024-09-18 12:56:40.454000,417.0211109095092,999
2024-09-18 12:56:40.493000,417.0411093265877,105
2024-09-18 12:56:40.494000,416.98535543262426,11
2024-09-18 12:56:40.534000,416.9966752400718,9
2024-09-18 12:56:40.545000,417.0337733274099,1004
2024-09-18 12:56:40.617000,417.03787712638336,98
2024-09-18 12:56:40.638000,417.00999300312617,101
2024-09-18 12:56:40.657000,417.0116538510596,14
2024-09-18 12:56:40.664000,417.0266723035919,104
2024-09-18 12:56:40.668000,417.03302990370713,101
2024-09-18 12:56:40.684000,417.022503789558,14
2024-09-18 12:56:40.710000,417.0282864769949,96
2024-09-18 12:56:40.719000,417.0037467580565,6
2024-09-18 12:56:40.852000,417.0152825387752,1003
2024-09-18 12:56:40.968000,417.0048519791642,1004
2024-09-18 12:56:41.094000,417.0225315715516,14
2024-09-18 12:56:41.143000,417.00308510991056,6
2024-09-18 12:56:41.163000,416.9754449228236,99
2024-09-18 12:56:41.196000,417.017858360843,99
2024-09-18 12:56:41.224000,417.0252636205309,15
2024-09-18 12:56:41.258000,416.9977157059272,9
2024-09-18 12:56:41.374000,416.9875904357572,1001
2024-09-18 12:56:41.420000,417.0040540323794,5
2024-09-18 12:56:41.449000,417.0120131502021,995
2024-09-18 12:56:41.490000,416.9769102528741,8
2024-09-18 12:56:41.492000,417.0054003850821,100
2024-09-18 12:56:41.514000,417.0149394730772,95
2024-09-18 12:56:41.516000,417.0013413260553,15
2024-09-18 12:56:41.527000,416.9843701037885,996
2024-09-18 12:56:41.543000,417.0254159210936,5
2024-09-18 12:56:41.552000,417.0173697586735,104
2024-09-18 12:56:41.578000,416.98912993118137,995
2024-09-18 12:56:41.580000,416.99410858352223,97
2024-09-18 12:56:41.633000,417.0071136474707,102
2024-09-18 12:56:41.636000,416.9764082422033,95
2024-09-18 12:56:41.679000,416.9932974724168,14
2024-09-18 12:56:41.711000,416.9923790672044,97
2024-09-18 12:56:41.739000,416.9966523576579,1004
2024-09-18 12:56:41.866000,416.9994604052561,14
2024-09-18 12:56:41.948000,416.99612755119824,6
2024-09-18 12:56:42.013000,416.94528577484897,13
2024-09-18 12:56:42.150000,416.9430736539278,15
2024-09-18 12:56:42.246000,417.0109665721966,12
2024-09-18 12:56:42.252000,417.0029644510207,13
2024-09-18 12:56:42.463000,417.0000114551665,12
2024-09-18 12:56:42.549000,416.97793226115857,1003
2024-09-18 12:56:42.563000,416.9910704987415,102
2024-09-18 12:56:42.740000,416.968396647697,1002
2024-09-18 12:56:42.787000,416.9675088773688,6
2024-09-18 12:56:42.823000,416.9929380040979,95
2024-09-18 12:56:42.851000,416.9752600094349,101
2024-09-18 12:56:42.977000,416.96012685125066,1005
2024-09-18 12:56:43.036000,416.93095911530776,99
2024-09-18 12:56:43.081000,416.9515441376324,7
2024-09-18 12:56:43.120000,416.9328424152636,1000
2024-09-18 12:56:43.131000,416.9585248039048,1003
2024-09-18 12:56:43.145000,416.9328234718259,1003
2024-09-18 12:56:43.261000,416.9465185024456,101
2024-09-18 12:56:43.305000,416.9477055919208,7
2024-09-18 12:56:43.308000,416.9344212667616,1000
2024-09-18 12:56:43.329000,416.95892261035806,103
2024-09-18 12:56:43.335000,416.95000788106313,11
2024-09-18 12:56:43.342000,416.95219296807466,12
2024-09-18 12:56:43.446000,416.9429628960182,8
2024-09-18 12:56:43.475000,416.9432607859784,1005
2024-09-18 12:56:43.705000,416.9461457287016,998
2024-09-18 12:56:43.809000,416.9370022782625,998
2024-09-18 12:56:43.812000,416.9461237252824,102
2024-09-18 12:56:43.895000,416.95110366221536,15
2024-09-18 12:56:43.921000,416.93906643777945,1004
2024-09-18 12:56:43.947000,416.9599682453747,1000
2024-09-18 12:56:44.356000,416.9397724211086,97
2024-09-18 12:56:44.646000,416.9045776816176,995
2024-09-18 12:56:44.661000,416.9245646515572,12
2024-09-18 12:56:44.931000,416.9078181158423,97
2024-09-18 12:56:45.113000,416.9126762724388,1003
2024-09-18 12:56:45.527000,416.91748192061664,99
2024-09-18 12:56:45.784000,416.9053519937116,998
2024-09-18 12:56:46.021000,416.8996246050519,1003
2024-09-18 12:56:46.022000,416.88519746676906,997
2024-09-18 12:56:46.078000,416.916481257666,101
2024-09-18 12:56:46.082000,416.9155039901406,9
2024-09-18 12:56:46.083000,416.88828097967854,1000
2024-09-18 12:56:46.116000,416.9130965570258,100
2024-09-18 12:56:46.152000,416.90581845730986,98
2024-09-18 12:56:46.193000,416.895175611174,1004
2024-09-18 12:56:46.292000,416.8867294429691,96
2024-09-18 12:56:46.306000,416.9313303658919,101
2024-09-18 12:56:46.314000,416.8956007244663,9
2024-09-18 12:56:46.377000,416.9168552261772,13
2024-09-18 12:56:46.383000,416.9133176460928,6
2024-09-18 12:56:46.489000,416.8897763253581,5
2024-09-18 12:56:46.507000,416.9033312797012,13
2024-09-18 12:56:46.512000,416.8844375610568,1003
2024-09-18 12:56:46.548000,416.8812931235296,97
2024-09-18 12:56:46.712000,416.9101496924344,13
2024-09-18 12:56:46.761000,416.9286192200304,1004
2024-09-18 12:56:46.771000,416.90797174991167,97
2024-09-18 12:56:46.777000,416.9358580637915,998
2024-09-18 12:56:46.830000,416.9311731599683,98
2024-09-18 12:56:46.932000,416.8991417531243,1003
2024-09-18 12:56:46.965000,416.9116633357752,15
2024-09-18 12:56:47.062000,416.9583674802533,1004
2024-09-18 12:56:47.166000,416.9278141408868,100
2024-09-18 12:56:47.184000,416.9729201638978,1000
2024-09-18 12:56:47.284000,416.9483641631546,998
2024-09-18 12:56:47.323000,416.9385978185413,997
2024-09-18 12:56:47.368000,416.9446944806096,105
2024-09-18 12:56:47.467000,416.9267997298645,8
2024-09-18 12:56:47.608000,416.9325060666363,104
2024-09-18 12:56:47.614000,416.9570456350313,100
2024-09-18 12:56:47.615000,416.9638714444269,996
2024-09-18 12:56:47.632000,416.9307871791284,998
2024-09-18 12:56:47.767000,416.944160525064,102
2024-09-18 12:56:47.792000,416.9447884874221,13
2024-09-18 12:56:47.832000,416.969936029653,96
2024-09-18 12:56:47.866000,416.9146164122316,100
2024-09-18 12:56:47.891000,416.911962595612,104
2024-09-18 12:56:47.964000,416.945044006979,1005
2024-09-18 12:56:48.076000,416.9163255909871,103
2024-09-18 12:56:48.211000,416.9308842304485,100
2024-09-18 12:56:48.218000,416.8892667026376,9
2024-09-18 12:56:48.284000,416.9265527273718,104
2024-09-18 12:56:48.406000,416.8849128332653,998
2024-09-18 12:56:48.461000,416.8946994831844,995
2024-09-18 12:56:48.484000,416.87332737879865,11
2024-09-18 12:56:48.568000,416.8979145693824,1000
2024-09-18 12:56:48.638000,416.9434450346635,97
2024-09-18 12:56:48.698000,416.9158463007584,998
2024-09-18 12:56:48.802000,416.8884228562262,13
2024-09-18 12:56:48.913000,416.9289837190396,8
2024-09-18 12:56:48.935000,416.8972485885091,1002
2024-09-18 12:56:48.984000,416.9120090286648,105
2024-09-18 12:56:49.793000,416.8846154710297,12
2024-09-18 12:56:49.838000,416.8600723326287,100
2024-09-18 12:56:49.883000,416.8859784070072,1004
2024-09-18 12:56:49.914000,416.82825123827473,97
2024-09-18 12:56:50.098000,416.8343564858861,100
2024-09-18 12:56:50.110000,416.816824108755,95
2024-09-18 12:56:50.374000,416.85360299971865,995
2024-09-18 12:56:50.415000,416.8598222073586,996
2024-09-18 12:56:50.432000,416.80331480613006,6
2024-09-18 12:56:50.450000,416.8300665080441,8
2024-09-18 12:56:50.454000,416.8140811079676,98
2024-09-18 12:56:50.460000,416.82054036497135,100
2024-09-18 12:56:50.523000,416.8428206748876,5
2024-09-18 12:56:50.525000,416.8338731710797,999
2024-09-18 12:56:50.739000,416.8604010579289,8
2024-09-18 12:56:50.858000,416.8482989028319,1000
2024-09-18 12:56:50.873000,416.8321956036712,96
2024-09-18 12:56:50.885000,416.8358472152074,1002
2024-09-18 12:56:51.051000,416.89322335384185,103
2024-09-18 12:56:51.086000,416.9032236664921,100
2024-09-18 12:56:51.136000,416.857247065847,1000
2024-09-18 12:56:51.138000,416.88787703285385,101
2024-09-18 12:56:51.190000,416.8971745053751,1003
2024-09-18 12:56:51.216000,416.8736807780989,12
2024-09-18 12:56:51.269000,416.8813059626752,15
2024-09-18 12:56:51.299000,416.87401696118206,1001
2024-09-18 12:56:51.303000,416.8684884044105,998
2024-09-18 12:56:51.324000,416.8681208607637,997
2024-09-18 12:56:51.374000,416.884545777769,8
2024-09-18 12:56:51.415000,416.89755764518907,9
2024-09-18 12:56:51.556000,416.8719013043743,8
2024-09-18 12:56:51.559000,416.875316324592,10
2024-09-18 12:56:51.569000,416.8847891706943,998
2024-09-18 12:56:51.610000,416.8728953361188,105
2024-09-18 12:56:51.669000,416.88144864258345,7
2024-09-18 12:56:51.741000,416.8945048343892,6
2024-09-18 12:56:51.746000,416.8964664551498,9
2024-09-18 12:56:51.888000,416.8531983619366,15
2024-09-18 12:56:51.898000,416.88285580922286,102
2024-09-18 12:56:51.913000,416.8808064925967,105
2024-09-18 12:56:51.925000,416.8559829522607,996
2024-09-18 12:56:51.955000,416.8859142232195,6
2024-09-18 12:56:51.962000,416.8521628969455,1004
2024-09-18 12:56:52.210000,416.8417931828297,13
2024-09-18 12:56:52.556000,416.8464437032862,104
2024-09-18 12:56:52.633000,416.8507508180255,95
2024-09-18 12:56:52.673000,416.84077646358986,15
2024-09-18 12:56:52.708000,416.86061393232194,1000
2024-09-18 12:56:52.799000,416.8569779397975,101
2024-09-18 12:56:53.089000,416.7633571735027,95
2024-09-18 12:56:53.098000,416.7494145013939,1000
2024-09-18 12:56:53.107000,416.73402056368974,996
2024-09-18 12:56:53.119000,416.8317037909853,13
2024-09-18 12:56:53.125000,416.8110711711431,13
2024-09-18 12:56:53.134000,416.8280354985174,1002
2024-09-18 12:56:53.146000,416.7854166859597,103
2024-09-18 12:56:53.201000,416.7451058416111,6
2024-09-18 12:56:53.216000,416.7522192631676,999
2024-09-18 12:56:53.331000,416.7278409159754,1005
2024-09-18 12:56:53.336000,416.8534656913223,1000
2024-09-18 12:56:53.452000,416.7470375149518,14
2024-09-18 12:56:53.466000,416.7679219490724,103
2024-09-18 12:56:53.483000,416.7815603720741,105
2024-09-18 12:56:53.569000,416.7704966799048,1000
2024-09-18 12:56:53.605000,416.74524568251394,11
2024-09-18 12:56:53.615000,416.806677629009,100
2024-09-18 12:56:53.696000,416.807807108339,100
2024-09-18 12:56:53.736000,416.814500082463,11
2024-09-18 12:56:53.759000,416.7507319439911,103
2024-09-18 12:56:53.769000,416.7546134778588,11
2024-09-18 12:56:53.773000,416.7956648670568,1002
2024-09-18 12:56:53.932000,416.8407389008036,101
2024-09-18 12:56:53.943000,416.8363509072795,11
2024-09-18 12:56:53.989000,416.7616307594125,5
2024-09-18 12:56:54.883000,416.7571551281665,97
2024-09-18 12:56:55.018000,416.755525404582,102
2024-09-18 12:56:55.097000,416.75799491215446,11
2024-09-18 12:56:55.172000,416.75413763992265,14
2024-09-18 12:56:55.179000,416.7622909546466,12
2024-09-18 12:56:55.318000,416.7548741788799,14
2024-09-18 12:56:55.385000,416.7725109902761,10
2024-09-18 12:56:55.457000,416.7872915815879,105
2024-09-18 12:56:55.512000,416.7773149335411,11
2024-09-18 12:56:55.578000,416.7661944744928,101
2024-09-18 12:56:55.660000,416.7473028219408,997
2024-09-18 12:56:55.826000,416.760262637786,997
2024-09-18 12:56:56.223000,416.7811424754548,99
2024-09-18 12:56:57,416.7773143516575,9
2024-09-18 12:56:57.020000,416.7747329815184,1003
2024-09-18 12:56:57.030000,416.7371403570918,996
2024-09-18 12:56:57.125000,416.751030762808,11
2024-09-18 12:56:57.148000,416.7780949835188,7
2024-09-18 12:56:57.336000,416.78083122888194,96
2024-09-18 12:56:57.354000,416.7323293246596,104
2024-09-18 12:56:57.360000,416.7779109645047,1004
2024-09-18 12:56:57.398000,416.7656290710685,996
2024-09-18 12:56:57.401000,416.7330573749182,104
2024-09-18 12:56:57.476000,416.7597732666352,5
2024-09-18 12:56:57.481000,416.77964108911726,999
2024-09-18 12:56:57.491000,416.7644251513515,995
2024-09-18 12:56:57.516000,416.76752989946255,1001
2024-09-18 12:56:57.545000,416.7592403927472,1005
2024-09-18 12:56:57.671000,416.77815507026224,95
2024-09-18 12:56:57.681000,416.7648553189866,9
2024-09-18 12:56:57.835000,416.7780653139694,1000
2024-09-18 12:56:57.866000,416.7579548701328,103
2024-09-18 12:56:57.875000,416.7619268368135,1001
2024-09-18 12:56:57.883000,416.779366719641,99
2024-09-18 12:56:57.903000,416.7563071544049,8
2024-09-18 12:56:57.921000,416.7667202609698,104
2024-09-18 12:56:57.994000,416.7409142505216,102
2024-09-18 12:56:57.995000,416.7857038483285,6
2024-09-18 12:56:58.012000,416.77440866994885,99
2024-09-18 12:56:58.075000,416.7577804696773,996
2024-09-18 12:56:58.130000,416.7510727346746,14
2024-09-18 12:56:58.133000,416.8271131282312,97
2024-09-18 12:56:58.133000,416.7927168909856,96
2024-09-18 12:56:58.151000,416.76405716860165,12
2024-09-18 12:56:58.168000,416.7615526521111,105
2024-09-18 12:56:58.176000,416.753354673916,11
2024-09-18 12:56:58.239000,416.7604890159128,1000
2024-09-18 12:56:58.294000,416.75919754903,1005
2024-09-18 12:56:58.320000,416.7708629031455,8
2024-09-18 12:56:58.383000,416.7548396197812,99
2024-09-18 12:56:58.416000,416.7783295053305,8
2024-09-18 12:56:58.497000,416.7649942781345,999
2024-09-18 12:56:58.578000,416.8182259428367,997
2024-09-18 12:56:58.658000,416.7702366957295,995
2024-09-18 12:56:58.688000,416.7993984457867,105
2024-09-18 12:56:58.839000,416.7640598763705,104
2024-09-18 12:56:58.847000,416.7813095167593,100
2024-09-18 12:56:58.872000,416.7629069085239,14
2024-09-18 12:56:58.889000,416.7553882154177,105
2024-09-18 12:56:58.935000,416.7579434645949,12
2024-09-18 12:56:58.939000,416.7903119796371,1000
2024-09-18 12:56:58.952000,416.7575554919754,11
2024-09-18 12:56:58.968000,416.7565681228476,1004
2024-09-18 12:56:59.042000,416.8362152717038,14
2024-09-18 12:56:59.078000,416.8666510453512,5
2024-09-18 12:56:59.084000,416.8643702488189,7
2024-09-18 12:56:59.166000,416.85835579604907,103
2024-09-18 12:56:59.188000,416.8350283698093,7
2024-09-18 12:56:59.206000,416.859147079517,10
2024-09-18 12:56:59.285000,416.8216148026905,1003
2024-09-18 12:56:59.294000,416.855802083785,10
2024-09-18 12:56:59.297000,416.83410431529416,1002
2024-09-18 12:56:59.316000,416.85134533067054,1001
2024-09-18 12:56:59.369000,416.8170378472833,103
2024-09-18 12:56:59.406000,416.87302454230297,995
2024-09-18 12:56:59.441000,416.8430787127742,999
2024-09-18 12:56:59.457000,416.8528686964521,15
2024-09-18 12:56:59.523000,416.8847405239066,1004
2024-09-18 12:56:59.598000,416.85517046891545,105
2024-09-18 12:56:59.610000,416.86468295536,101
2024-09-18 12:56:59.621000,416.8587968333578,1000
2024-09-18 12:56:59.647000,416.8847775410888,996
2024-09-18 12:56:59.839000,416.8467464314976,104
2024-09-18 12:56:59.869000,416.87197465607807,9
2024-09-18 12:56:59.897000,416.8497043622551,98
2024-09-18 12:56:59.915000,416.8782534804308,95
2024-09-18 12:56:59.931000,416.8406563451285,1002
2024-09-18 12:56:59.954000,416.87248535053095,97
2024-09-18 12:56:59.957000,416.8481637624898,100
2024-09-18 12:56:59.957000,416.8188644887909,7
2024-09-18 12:56:59.965000,416.8297883283352,96
2024-09-18 12:56:59.996000,416.8328330866155,7
