Timestamp,Price,Size
2024-09-17 12:21:01.006000,408.6356360284704,12
2024-09-17 12:21:01.009000,408.6350119934907,1000
2024-09-17 12:21:01.044000,408.62845362307945,999
2024-09-17 12:21:01.221000,408.6227165649719,1001
2024-09-17 12:21:01.266000,408.6653295004697,999
2024-09-17 12:21:01.321000,408.65453758777386,98
2024-09-17 12:21:01.322000,408.6395736215272,98
2024-09-17 12:21:01.447000,408.6488196488824,1005
2024-09-17 12:21:01.497000,408.6638676545074,996
2024-09-17 12:21:01.503000,408.6835330279101,996
2024-09-17 12:21:01.569000,408.58849651909486,5
2024-09-17 12:21:01.578000,408.6849400882234,1003
2024-09-17 12:21:01.590000,408.5937458054854,997
2024-09-17 12:21:01.595000,408.62200429721696,104
2024-09-17 12:21:01.612000,408.6538501862864,1001
2024-09-17 12:21:01.647000,408.65704818834166,998
2024-09-17 12:21:01.650000,408.6734713117288,97
2024-09-17 12:21:01.655000,408.6329490549317,999
2024-09-17 12:21:01.673000,408.62777157307806,1002
2024-09-17 12:21:01.740000,408.6872334844728,1001
2024-09-17 12:21:01.752000,408.6290361513033,15
2024-09-17 12:21:01.820000,408.632094495078,105
2024-09-17 12:21:01.829000,408.6094032399927,10
2024-09-17 12:21:01.872000,408.6307653621018,96
2024-09-17 12:21:01.873000,408.6628822895186,9
2024-09-17 12:21:01.913000,408.63414630316544,998
2024-09-17 12:21:01.923000,408.6749447270121,105
2024-09-17 12:21:01.930000,408.6141652742025,995
2024-09-17 12:21:01.998000,408.6048960748672,11
2024-09-17 12:21:02.007000,408.6217402832893,101
2024-09-17 12:21:02.060000,408.6431589508566,999
2024-09-17 12:21:02.147000,408.6342256399802,10
2024-09-17 12:21:02.221000,408.6365638321259,995
2024-09-17 12:21:02.280000,408.6144752008813,99
2024-09-17 12:21:02.308000,408.6150345065115,997
2024-09-17 12:21:02.320000,408.6544671016029,15
2024-09-17 12:21:02.388000,408.6146654394901,1005
2024-09-17 12:21:02.411000,408.60828599528907,13
2024-09-17 12:21:02.443000,408.6203146654703,104
2024-09-17 12:21:02.483000,408.63099346512416,13
2024-09-17 12:21:02.514000,408.63523302625714,105
2024-09-17 12:21:02.608000,408.6290215013384,7
2024-09-17 12:21:02.685000,408.6319794136807,11
2024-09-17 12:21:02.712000,408.6253123347648,7
2024-09-17 12:21:02.836000,408.6469187668002,1002
2024-09-17 12:21:02.883000,408.6166090481106,7
2024-09-17 12:21:02.896000,408.64505341757615,995
2024-09-17 12:21:02.901000,408.6164285298221,11
2024-09-17 12:21:03.154000,408.6647473346077,103
2024-09-17 12:21:03.214000,408.657664046732,101
2024-09-17 12:21:03.277000,408.64068690390616,12
2024-09-17 12:21:03.284000,408.6429274775009,1000
2024-09-17 12:21:03.584000,408.65280046737007,96
2024-09-17 12:21:03.614000,408.6581182071924,100
2024-09-17 12:21:03.818000,408.66109251038097,1003
2024-09-17 12:21:04.073000,408.68139382683927,1003
2024-09-17 12:21:04.275000,408.65478979670166,95
2024-09-17 12:21:04.325000,408.6721103694901,996
2024-09-17 12:21:04.346000,408.654014266452,6
2024-09-17 12:21:04.354000,408.656206566207,997
2024-09-17 12:21:04.422000,408.6304606710859,1001
2024-09-17 12:21:04.431000,408.6939406519133,998
2024-09-17 12:21:04.440000,408.7001459185921,998
2024-09-17 12:21:04.505000,408.6534404107912,103
2024-09-17 12:21:04.505000,408.6865751112609,104
2024-09-17 12:21:04.588000,408.6668936910444,12
2024-09-17 12:21:04.639000,408.68095049862507,1002
2024-09-17 12:21:04.680000,408.6502183953744,99
2024-09-17 12:21:04.707000,408.6600795812411,12
2024-09-17 12:21:04.739000,408.66586340031495,14
2024-09-17 12:21:04.900000,408.68549450753466,95
2024-09-17 12:21:05.127000,408.62658906133714,100
2024-09-17 12:21:05.150000,408.6437099200986,997
2024-09-17 12:21:05.182000,408.62277779812007,101
2024-09-17 12:21:05.220000,408.6405137027963,999
2024-09-17 12:21:05.268000,408.6465587156953,103
2024-09-17 12:21:05.270000,408.6683772902454,95
2024-09-17 12:21:05.313000,408.65065952436566,5
2024-09-17 12:21:05.330000,408.6713416397344,7
2024-09-17 12:21:05.340000,408.5919359309633,14
2024-09-17 12:21:05.371000,408.61653814246426,96
2024-09-17 12:21:05.394000,408.629946184488,95
2024-09-17 12:21:05.447000,408.6545644257937,1003
2024-09-17 12:21:05.490000,408.64791592013233,104
2024-09-17 12:21:05.504000,408.6382911775493,103
2024-09-17 12:21:05.657000,408.606320002757,995
2024-09-17 12:21:05.677000,408.59938969306,996
2024-09-17 12:21:05.702000,408.6504756408466,98
2024-09-17 12:21:05.726000,408.64296914405713,100
2024-09-17 12:21:05.750000,408.6574425040484,102
2024-09-17 12:21:05.777000,408.6332192834261,6
2024-09-17 12:21:05.783000,408.6113620541104,104
2024-09-17 12:21:05.789000,408.6453659934344,102
2024-09-17 12:21:05.821000,408.6478299007662,105
2024-09-17 12:21:05.945000,408.6191697236829,1002
2024-09-17 12:21:05.951000,408.6466131939666,997
2024-09-17 12:21:05.972000,408.62194421719,103
2024-09-17 12:21:06.763000,408.63853616021686,11
2024-09-17 12:21:06.977000,408.6428222729274,1001
2024-09-17 12:21:07.037000,408.6766531513264,95
2024-09-17 12:21:07.049000,408.6319571501607,7
2024-09-17 12:21:07.076000,408.6402799646,100
2024-09-17 12:21:07.103000,408.6237725089237,999
2024-09-17 12:21:07.116000,408.67352370244936,105
2024-09-17 12:21:07.131000,408.68277450861547,9
2024-09-17 12:21:07.260000,408.6628986476619,105
2024-09-17 12:21:07.323000,408.6525025442721,9
2024-09-17 12:21:07.373000,408.6679151141338,1000
2024-09-17 12:21:07.405000,408.65160537560814,999
2024-09-17 12:21:07.408000,408.6619226844679,1003
2024-09-17 12:21:07.424000,408.6498139013761,998
2024-09-17 12:21:07.426000,408.6477226184072,12
2024-09-17 12:21:07.427000,408.6916522888948,102
2024-09-17 12:21:07.429000,408.6869117762069,96
2024-09-17 12:21:07.546000,408.6616512715439,11
2024-09-17 12:21:07.632000,408.6339675256768,101
2024-09-17 12:21:07.694000,408.67693751019954,103
2024-09-17 12:21:07.792000,408.6515213920125,98
2024-09-17 12:21:07.885000,408.630606596729,95
2024-09-17 12:21:07.893000,408.6569037062925,997
2024-09-17 12:21:07.897000,408.65319360988974,6
2024-09-17 12:21:07.926000,408.6556217771666,995
2024-09-17 12:21:07.990000,408.63007966761626,98
2024-09-17 12:21:07.991000,408.6826435399936,999
2024-09-17 12:21:08.008000,408.6818708189944,995
2024-09-17 12:21:08.024000,408.6696087621437,13
2024-09-17 12:21:08.039000,408.5733786178173,5
2024-09-17 12:21:08.049000,408.6840443683089,8
2024-09-17 12:21:08.068000,408.64901922378704,104
2024-09-17 12:21:08.177000,408.6829531002505,98
2024-09-17 12:21:08.177000,408.6902562778504,6
2024-09-17 12:21:08.178000,408.65615240344255,1003
2024-09-17 12:21:08.215000,408.6567910580509,15
2024-09-17 12:21:08.266000,408.6215241252565,1001
2024-09-17 12:21:08.282000,408.6452650557629,1005
2024-09-17 12:21:08.291000,408.66454255798834,103
2024-09-17 12:21:08.325000,408.6592106163014,14
2024-09-17 12:21:08.372000,408.6243143545136,98
2024-09-17 12:21:08.389000,408.61269034277393,6
2024-09-17 12:21:08.472000,408.6599188144162,1000
2024-09-17 12:21:08.548000,408.6587615695407,10
2024-09-17 12:21:08.683000,408.588007665816,996
2024-09-17 12:21:08.724000,408.6453646678759,11
2024-09-17 12:21:08.817000,408.65955684681546,9
2024-09-17 12:21:08.822000,408.60582686274745,103
2024-09-17 12:21:08.836000,408.6590760901764,998
2024-09-17 12:21:08.838000,408.6372250092167,1002
2024-09-17 12:21:08.923000,408.6365660545704,1005
2024-09-17 12:21:08.985000,408.6457026733645,15
2024-09-17 12:21:09.653000,408.5839290208204,9
2024-09-17 12:21:10.007000,408.59322582005336,98
2024-09-17 12:21:10.010000,408.59127888431055,995
2024-09-17 12:21:10.052000,408.5800169890532,8
2024-09-17 12:21:10.068000,408.6057249230941,999
2024-09-17 12:21:10.078000,408.5818533088546,1003
2024-09-17 12:21:10.124000,408.59443092079744,995
2024-09-17 12:21:10.127000,408.6101048713241,103
2024-09-17 12:21:10.142000,408.57056952164953,10
2024-09-17 12:21:10.180000,408.5844160016102,96
2024-09-17 12:21:10.189000,408.57749931682577,997
2024-09-17 12:21:10.214000,408.5799574464181,103
2024-09-17 12:21:10.312000,408.6059890132406,12
2024-09-17 12:21:10.335000,408.6279472578863,13
2024-09-17 12:21:10.616000,408.5839233470387,1002
2024-09-17 12:21:10.623000,408.5800951477474,14
2024-09-17 12:21:10.652000,408.6149147535596,99
2024-09-17 12:21:10.694000,408.5963442738091,6
2024-09-17 12:21:10.735000,408.5941669612892,1001
2024-09-17 12:21:10.746000,408.60222101555706,104
2024-09-17 12:21:10.757000,408.5995971469982,997
2024-09-17 12:21:10.803000,408.584726086029,997
2024-09-17 12:21:10.857000,408.5883708326233,1003
2024-09-17 12:21:10.913000,408.5901331979324,102
2024-09-17 12:21:10.924000,408.6051870824524,995
2024-09-17 12:21:10.941000,408.6221354999616,1002
2024-09-17 12:21:10.999000,408.58882305423,97
2024-09-17 12:21:11.047000,408.6122200967063,104
2024-09-17 12:21:11.163000,408.6153280221458,1004
2024-09-17 12:21:11.268000,408.6426748757348,15
2024-09-17 12:21:11.328000,408.6371755189601,1003
2024-09-17 12:21:11.378000,408.6284975583967,1004
2024-09-17 12:21:11.396000,408.63430780596593,104
2024-09-17 12:21:11.532000,408.6227829873904,13
2024-09-17 12:21:11.592000,408.6226880172146,1003
2024-09-17 12:21:11.665000,408.6079160594278,998
2024-09-17 12:21:11.691000,408.5988117287146,104
2024-09-17 12:21:11.767000,408.6073412037658,98
2024-09-17 12:21:11.776000,408.6217210826826,99
2024-09-17 12:21:11.825000,408.6072504468898,105
2024-09-17 12:21:11.834000,408.6192764772737,10
2024-09-17 12:21:11.887000,408.6133809982269,7
2024-09-17 12:21:11.888000,408.6333057284288,1004
2024-09-17 12:21:12.039000,408.6312401194994,1004
2024-09-17 12:21:12.178000,408.6518231915754,9
2024-09-17 12:21:12.643000,408.6542378891284,96
2024-09-17 12:21:13.085000,408.64365916585496,5
2024-09-17 12:21:14.188000,408.6230469105776,105
2024-09-17 12:21:14.323000,408.6224154571614,9
2024-09-17 12:21:14.494000,408.61933768197,15
2024-09-17 12:21:14.794000,408.6342253077015,13
2024-09-17 12:21:15.073000,408.6167185059661,998
2024-09-17 12:21:15.144000,408.6125062521044,1003
2024-09-17 12:21:15.466000,408.6007373930948,996
2024-09-17 12:21:15.485000,408.6173792110847,5
2024-09-17 12:21:15.569000,408.6014992663843,1002
2024-09-17 12:21:15.601000,408.6173804412113,15
2024-09-17 12:21:15.656000,408.61025059404295,11
2024-09-17 12:21:15.659000,408.60332353525,1002
2024-09-17 12:21:15.977000,408.6082656402013,6
2024-09-17 12:21:17.141000,408.6078491117892,97
2024-09-17 12:21:17.146000,408.6180542754065,1000
2024-09-17 12:21:17.167000,408.6198426137792,102
2024-09-17 12:21:17.172000,408.5694500311383,102
2024-09-17 12:21:17.192000,408.58279849190006,105
2024-09-17 12:21:17.197000,408.5838907715876,96
2024-09-17 12:21:17.207000,408.619288937275,5
2024-09-17 12:21:17.277000,408.6099439984655,95
2024-09-17 12:21:17.299000,408.5961278442391,1000
2024-09-17 12:21:17.305000,408.6245035274139,5
2024-09-17 12:21:17.370000,408.6115213546655,1005
2024-09-17 12:21:17.379000,408.63733258681305,100
2024-09-17 12:21:17.491000,408.59232084815625,1003
2024-09-17 12:21:17.501000,408.6192500868134,104
2024-09-17 12:21:17.551000,408.60573067501696,998
2024-09-17 12:21:17.555000,408.6123698734237,104
2024-09-17 12:21:17.556000,408.57424376548056,999
2024-09-17 12:21:17.557000,408.6294373229965,102
2024-09-17 12:21:17.563000,408.61452496043273,997
2024-09-17 12:21:17.631000,408.6111278172932,995
2024-09-17 12:21:17.638000,408.61005164745904,100
2024-09-17 12:21:17.792000,408.6072889653411,995
2024-09-17 12:21:17.907000,408.60411777215774,8
2024-09-17 12:21:17.946000,408.6277556993092,95
2024-09-17 12:21:17.987000,408.5864063258425,1002
2024-09-17 12:21:17.991000,408.62453481019696,1002
2024-09-17 12:21:18.076000,408.5279693598641,97
2024-09-17 12:21:18.076000,408.5462373385161,100
2024-09-17 12:21:18.089000,408.61611680312063,1005
2024-09-17 12:21:18.097000,408.5474079136228,997
2024-09-17 12:21:18.114000,408.5644684095312,1004
2024-09-17 12:21:18.135000,408.590853666244,10
2024-09-17 12:21:18.274000,408.6349947789517,15
2024-09-17 12:21:18.366000,408.5728236298071,10
2024-09-17 12:21:18.381000,408.5322228508149,1001
2024-09-17 12:21:18.395000,408.54440642890864,1002
2024-09-17 12:21:18.410000,408.6107942040826,6
2024-09-17 12:21:18.459000,408.53972090708015,101
2024-09-17 12:21:18.466000,408.6018116664766,12
2024-09-17 12:21:18.498000,408.610389346478,1002
2024-09-17 12:21:18.499000,408.55008317352593,97
2024-09-17 12:21:18.522000,408.6014971570998,102
2024-09-17 12:21:18.553000,408.6026253372251,15
2024-09-17 12:21:18.571000,408.5629925702389,1004
2024-09-17 12:21:18.576000,408.6402530210781,995
2024-09-17 12:21:18.712000,408.61637229989066,105
2024-09-17 12:21:18.749000,408.5537169918976,1005
2024-09-17 12:21:18.898000,408.6154512067894,104
2024-09-17 12:21:18.951000,408.5940991441455,99
2024-09-17 12:21:18.957000,408.6495703276308,103
2024-09-17 12:21:18.995000,408.5757937114983,103
2024-09-17 12:21:20.075000,408.5654497686472,96
2024-09-17 12:21:20.114000,408.5311605321053,998
2024-09-17 12:21:20.136000,408.6487639782259,1001
2024-09-17 12:21:20.243000,408.6062076131229,6
2024-09-17 12:21:20.266000,408.5968341191103,11
2024-09-17 12:21:20.345000,408.5656699293666,1004
2024-09-17 12:21:20.368000,408.6660611716934,1005
2024-09-17 12:21:20.413000,408.66486469042377,1003
2024-09-17 12:21:20.438000,408.5152005275678,997
2024-09-17 12:21:20.477000,408.6369753343597,1005
2024-09-17 12:21:20.505000,408.623003013583,1005
2024-09-17 12:21:20.515000,408.6519297858069,5
2024-09-17 12:21:20.526000,408.6432000258674,8
2024-09-17 12:21:20.570000,408.5394815677367,1003
2024-09-17 12:21:20.612000,408.6142605681654,9
2024-09-17 12:21:20.643000,408.6282331190277,103
2024-09-17 12:21:20.655000,408.5837993481836,105
2024-09-17 12:21:20.717000,408.6571942898708,1001
2024-09-17 12:21:20.722000,408.6643095249781,6
2024-09-17 12:21:20.779000,408.6565352952474,105
2024-09-17 12:21:20.779000,408.64071460090594,12
2024-09-17 12:21:20.934000,408.5520845229309,15
2024-09-17 12:21:20.943000,408.6593123199923,97
2024-09-17 12:21:20.972000,408.66079762408896,101
2024-09-17 12:21:20.979000,408.66370009190194,1004
2024-09-17 12:21:21.013000,408.6362633638539,5
2024-09-17 12:21:21.047000,408.6480072256224,9
2024-09-17 12:21:21.169000,408.5943433560791,13
2024-09-17 12:21:21.255000,408.63475056736127,1004
2024-09-17 12:21:21.266000,408.5604109280023,1004
2024-09-17 12:21:21.289000,408.58917488762665,102
2024-09-17 12:21:21.307000,408.58928555161503,1002
2024-09-17 12:21:21.431000,408.5861166942435,997
2024-09-17 12:21:21.495000,408.5927016058677,104
2024-09-17 12:21:21.519000,408.6386761738035,15
2024-09-17 12:21:21.520000,408.6378831413441,6
2024-09-17 12:21:21.564000,408.650251158985,995
2024-09-17 12:21:21.590000,408.5929356376584,100
2024-09-17 12:21:21.612000,408.6145767973406,1004
2024-09-17 12:21:21.644000,408.5900661126417,95
2024-09-17 12:21:21.828000,408.65747189763954,995
2024-09-17 12:21:21.865000,408.6403975756811,103
2024-09-17 12:21:21.875000,408.5897717949166,97
2024-09-17 12:21:21.894000,408.63225147747926,96
2024-09-17 12:21:21.896000,408.58184555327273,95
2024-09-17 12:21:21.910000,408.6157149347519,97
2024-09-17 12:21:21.917000,408.6218094734825,102
2024-09-17 12:21:21.921000,408.6162844932845,998
2024-09-17 12:21:21.982000,408.5815774995333,100
2024-09-17 12:21:21.994000,408.6194694625396,1003
2024-09-17 12:21:22.004000,408.6656433426404,10
2024-09-17 12:21:22.939000,408.6968022617227,1003
2024-09-17 12:21:22.954000,408.6931070376955,105
2024-09-17 12:21:23.002000,408.6946086229879,11
2024-09-17 12:21:23.327000,408.6772159616601,1003
2024-09-17 12:21:23.333000,408.6721391010525,12
2024-09-17 12:21:23.740000,408.6793270330429,10
2024-09-17 12:21:23.814000,408.686158730937,12
2024-09-17 12:21:23.961000,408.6851282092194,95
2024-09-17 12:21:24.023000,408.6981032035054,95
2024-09-17 12:21:24.120000,408.69375484965576,104
2024-09-17 12:21:24.281000,408.682803750962,997
2024-09-17 12:21:24.389000,408.6962302902285,6
2024-09-17 12:21:24.436000,408.6834895478408,98
2024-09-17 12:21:24.448000,408.6997430012447,8
2024-09-17 12:21:24.533000,408.6782352078666,1003
2024-09-17 12:21:24.618000,408.6982946998388,999
2024-09-17 12:21:24.675000,408.7035262832251,999
2024-09-17 12:21:24.716000,408.69647376619,997
2024-09-17 12:21:24.725000,408.7012431168384,6
2024-09-17 12:21:24.854000,408.7126446187359,102
2024-09-17 12:21:24.921000,408.728088406861,105
2024-09-17 12:21:25.062000,408.7143966397418,103
2024-09-17 12:21:25.163000,408.70368738988304,997
2024-09-17 12:21:25.188000,408.7835318114354,996
2024-09-17 12:21:25.200000,408.72146306847367,7
2024-09-17 12:21:25.204000,408.7330468578816,95
2024-09-17 12:21:25.214000,408.7643918851283,97
2024-09-17 12:21:25.223000,408.7626620364597,97
2024-09-17 12:21:25.263000,408.7895662588165,97
2024-09-17 12:21:25.284000,408.6998697029582,995
2024-09-17 12:21:25.378000,408.75320318585176,14
2024-09-17 12:21:25.389000,408.7931545987466,1001
2024-09-17 12:21:25.498000,408.75193354820817,103
2024-09-17 12:21:25.649000,408.78149002341496,996
2024-09-17 12:21:26.033000,408.787467853776,998
2024-09-17 12:21:26.135000,408.8096721284682,104
2024-09-17 12:21:26.197000,408.80614860669743,96
2024-09-17 12:21:26.467000,408.7803096190952,102
2024-09-17 12:21:26.598000,408.8057793083116,105
2024-09-17 12:21:26.630000,408.7886142709338,1004
2024-09-17 12:21:26.659000,408.8057630302754,1003
2024-09-17 12:21:26.663000,408.7938322200188,105
2024-09-17 12:21:26.665000,408.7884599329158,1001
2024-09-17 12:21:26.712000,408.8121182273607,103
2024-09-17 12:21:26.746000,408.78109440023553,12
2024-09-17 12:21:26.758000,408.81230773007735,99
2024-09-17 12:21:26.833000,408.7911718609676,1000
2024-09-17 12:21:26.849000,408.8133332154399,9
2024-09-17 12:21:26.867000,408.8106440148075,5
2024-09-17 12:21:26.875000,408.82226556286696,98
2024-09-17 12:21:26.931000,408.7999864118605,9
2024-09-17 12:21:27.063000,408.79414766437975,102
2024-09-17 12:21:29.057000,408.7184897397449,1005
2024-09-17 12:21:29.065000,408.7174247526967,95
2024-09-17 12:21:29.269000,408.6829239757261,105
2024-09-17 12:21:29.280000,408.8019391503319,104
2024-09-17 12:21:29.287000,408.7406484935568,11
2024-09-17 12:21:29.381000,408.7134180610648,14
2024-09-17 12:21:29.392000,408.73442292750127,14
2024-09-17 12:21:29.425000,408.7804523505426,1004
2024-09-17 12:21:29.436000,408.74528503610566,96
2024-09-17 12:21:29.489000,408.807223000688,14
2024-09-17 12:21:29.530000,408.74136484572085,98
2024-09-17 12:21:29.572000,408.78331369677664,1004
2024-09-17 12:21:29.578000,408.7192508140474,8
2024-09-17 12:21:29.595000,408.7681473206436,999
2024-09-17 12:21:29.601000,408.7839135012882,996
2024-09-17 12:21:29.768000,408.75735274854594,12
2024-09-17 12:21:29.779000,408.71011069412657,98
2024-09-17 12:21:29.896000,408.7480356689212,104
2024-09-17 12:21:29.967000,408.7339976803126,1000
2024-09-17 12:21:29.996000,408.7030842945021,6
2024-09-17 12:21:30.003000,408.6559170137412,10
2024-09-17 12:21:30.058000,408.6456088714921,996
2024-09-17 12:21:30.193000,408.6559013306624,8
2024-09-17 12:21:30.218000,408.6411671263074,96
2024-09-17 12:21:30.219000,408.6545831962708,5
2024-09-17 12:21:30.235000,408.6840575953488,100
2024-09-17 12:21:30.256000,408.6767361078783,105
2024-09-17 12:21:30.284000,408.6983316317464,7
2024-09-17 12:21:30.354000,408.68377508475777,13
2024-09-17 12:21:30.358000,408.708979758028,105
2024-09-17 12:21:30.428000,408.66304447308926,97
2024-09-17 12:21:30.483000,408.6378507816877,10
2024-09-17 12:21:30.538000,408.66164111886286,103
2024-09-17 12:21:30.603000,408.7235128318733,1002
2024-09-17 12:21:30.710000,408.6711852814717,995
2024-09-17 12:21:30.735000,408.651144022748,999
2024-09-17 12:21:30.747000,408.6780786499098,101
2024-09-17 12:21:30.868000,408.6863867544619,100
2024-09-17 12:21:31.076000,408.70567490366426,98
2024-09-17 12:21:31.230000,408.7099786692122,1001
2024-09-17 12:21:31.239000,408.6982263667801,1001
2024-09-17 12:21:31.266000,408.69978244051566,997
2024-09-17 12:21:31.323000,408.71117495775536,1000
2024-09-17 12:21:31.451000,408.6959455225136,96
2024-09-17 12:21:31.476000,408.7007593317981,5
2024-09-17 12:21:31.499000,408.70600043403056,97
2024-09-17 12:21:31.500000,408.71122464550655,996
2024-09-17 12:21:31.541000,408.6864371421245,998
2024-09-17 12:21:31.605000,408.6924289149301,1000
2024-09-17 12:21:31.861000,408.7123366152759,1000
2024-09-17 12:21:31.900000,408.7107710377291,995
2024-09-17 12:21:31.979000,408.7053808264951,8
2024-09-17 12:21:31.987000,408.7044052775562,99
2024-09-17 12:21:32.033000,408.7450473481783,103
2024-09-17 12:21:32.049000,408.7049835574661,99
2024-09-17 12:21:32.094000,408.6005295272742,997
2024-09-17 12:21:32.119000,408.75081166807786,1003
2024-09-17 12:21:32.123000,408.7098815373529,100
2024-09-17 12:21:32.179000,408.6963201818031,998
2024-09-17 12:21:32.227000,408.7356967571989,1002
2024-09-17 12:21:32.254000,408.747901086155,13
2024-09-17 12:21:32.288000,408.7534263626817,7
2024-09-17 12:21:32.294000,408.7246629569208,996
2024-09-17 12:21:32.303000,408.7175060621085,1000
2024-09-17 12:21:32.310000,408.7355305134338,104
2024-09-17 12:21:32.344000,408.706584894802,101
2024-09-17 12:21:32.390000,408.7062705917304,98
2024-09-17 12:21:32.431000,408.6845255269112,97
2024-09-17 12:21:32.463000,408.6000122217538,11
2024-09-17 12:21:32.469000,408.709298453158,5
2024-09-17 12:21:32.508000,408.73007665520834,101
2024-09-17 12:21:32.557000,408.61599696028605,9
2024-09-17 12:21:32.653000,408.73387910993694,13
2024-09-17 12:21:32.670000,408.7097250794865,1002
2024-09-17 12:21:32.773000,408.7070400938872,15
2024-09-17 12:21:32.787000,408.71747883673817,1003
2024-09-17 12:21:32.850000,408.6954231825134,1005
2024-09-17 12:21:32.891000,408.6354205743339,999
2024-09-17 12:21:32.895000,408.7232678732573,6
2024-09-17 12:21:32.939000,408.68689187960285,99
2024-09-17 12:21:32.946000,408.6747090851967,15
2024-09-17 12:21:33.200000,408.59595013494857,999
2024-09-17 12:21:33.202000,408.5555132011991,95
2024-09-17 12:21:33.208000,408.54776268589904,999
2024-09-17 12:21:33.237000,408.6067202529221,1004
2024-09-17 12:21:33.242000,408.5586495467464,1000
2024-09-17 12:21:33.385000,408.5625204150761,105
2024-09-17 12:21:33.414000,408.5477429003356,97
2024-09-17 12:21:33.472000,408.5661492859191,9
2024-09-17 12:21:33.526000,408.6016260009537,105
2024-09-17 12:21:33.583000,408.5799462859936,5
2024-09-17 12:21:33.609000,408.60944665641006,12
2024-09-17 12:21:33.645000,408.5676141557709,6
2024-09-17 12:21:33.654000,408.5723157486835,101
2024-09-17 12:21:33.686000,408.60280988365713,995
2024-09-17 12:21:33.722000,408.5472170847591,998
2024-09-17 12:21:33.775000,408.5788842636982,1003
2024-09-17 12:21:33.776000,408.5502047282142,1001
2024-09-17 12:21:33.790000,408.5727028520685,95
2024-09-17 12:21:33.871000,408.5634085573835,103
2024-09-17 12:21:33.899000,408.5734438072568,6
2024-09-17 12:21:33.918000,408.5901061482484,10
2024-09-17 12:21:34.084000,408.6605586736581,97
2024-09-17 12:21:34.155000,408.60311703856223,97
2024-09-17 12:21:34.187000,408.5952864123304,99
2024-09-17 12:21:34.272000,408.63269576482713,1004
2024-09-17 12:21:34.365000,408.6206273957533,999
2024-09-17 12:21:34.476000,408.6143134588908,7
2024-09-17 12:21:34.505000,408.61331110809465,10
2024-09-17 12:21:34.707000,408.64454022371433,6
2024-09-17 12:21:34.709000,408.6067603213564,7
2024-09-17 12:21:34.735000,408.59663797549865,104
2024-09-17 12:21:34.766000,408.6422899860551,8
2024-09-17 12:21:34.781000,408.59972606325744,1005
2024-09-17 12:21:34.810000,408.6120189938279,1003
2024-09-17 12:21:34.840000,408.5951207732421,103
2024-09-17 12:21:34.920000,408.5962054872477,997
2024-09-17 12:21:34.920000,408.6221619005927,995
2024-09-17 12:21:35.008000,408.63011427238393,11
2024-09-17 12:21:35.078000,408.6342048406063,8
2024-09-17 12:21:35.193000,408.6617852016222,96
2024-09-17 12:21:35.337000,408.62874473477774,995
2024-09-17 12:21:35.401000,408.6753173980099,102
2024-09-17 12:21:35.432000,408.6357593509296,100
2024-09-17 12:21:35.440000,408.67455981917607,96
2024-09-17 12:21:35.492000,408.6429342937572,1000
2024-09-17 12:21:35.643000,408.64033662359344,1002
2024-09-17 12:21:35.744000,408.6318590799846,99
2024-09-17 12:21:35.784000,408.6658076985755,1002
2024-09-17 12:21:35.788000,408.62355191175607,8
2024-09-17 12:21:35.812000,408.6328070234036,96
2024-09-17 12:21:35.857000,408.6627993750149,101
2024-09-17 12:21:35.949000,408.6313065043934,998
2024-09-17 12:21:36.039000,408.6795295432085,1005
2024-09-17 12:21:36.264000,408.6980422043807,105
2024-09-17 12:21:36.305000,408.7041863502402,95
2024-09-17 12:21:36.360000,408.6739665291575,998
2024-09-17 12:21:36.428000,408.72335392876033,1001
2024-09-17 12:21:36.455000,408.6885724280427,95
2024-09-17 12:21:36.466000,408.6907765969106,1004
2024-09-17 12:21:36.519000,408.72207151751167,1004
2024-09-17 12:21:36.531000,408.6882193164684,105
2024-09-17 12:21:36.559000,408.7197312210988,1004
2024-09-17 12:21:36.564000,408.6998628355653,997
2024-09-17 12:21:36.575000,408.7028980839206,14
2024-09-17 12:21:36.639000,408.7098874014127,5
2024-09-17 12:21:36.642000,408.6622260833848,97
2024-09-17 12:21:36.650000,408.6698823038102,5
2024-09-17 12:21:36.704000,408.69512152255817,1004
2024-09-17 12:21:36.713000,408.6840515512539,12
2024-09-17 12:21:36.737000,408.68522386213766,102
2024-09-17 12:21:36.838000,408.6838445397816,7
2024-09-17 12:21:36.859000,408.7288305181895,1004
2024-09-17 12:21:36.873000,408.6530491304869,100
2024-09-17 12:21:36.947000,408.68745759738016,7
2024-09-17 12:21:36.950000,408.7206684620298,999
2024-09-17 12:21:36.952000,408.71073295419455,1000
2024-09-17 12:21:36.956000,408.7088146258125,11
2024-09-17 12:21:36.984000,408.6531726621607,105
2024-09-17 12:21:37.033000,408.7760900297801,14
2024-09-17 12:21:37.049000,408.7968320102872,9
2024-09-17 12:21:37.087000,408.7565390734157,14
2024-09-17 12:21:37.176000,408.7781052643752,996
2024-09-17 12:21:37.189000,408.68851815938297,103
2024-09-17 12:21:37.211000,408.7477920289927,10
2024-09-17 12:21:37.250000,408.7236414961451,1005
2024-09-17 12:21:37.258000,408.7267670780491,10
2024-09-17 12:21:37.340000,408.75203065334034,99
2024-09-17 12:21:37.361000,408.7876270812322,998
2024-09-17 12:21:37.403000,408.78547753295055,996
2024-09-17 12:21:37.511000,408.70041845177246,996
2024-09-17 12:21:37.570000,408.7679769303029,104
2024-09-17 12:21:37.595000,408.7899443975706,95
2024-09-17 12:21:37.656000,408.7115794349665,100
2024-09-17 12:21:37.686000,408.7848048464967,8
2024-09-17 12:21:37.701000,408.7189957789996,10
2024-09-17 12:21:37.752000,408.7083553316028,1002
2024-09-17 12:21:37.788000,408.76498286615634,15
2024-09-17 12:21:37.855000,408.70301874443714,1001
2024-09-17 12:21:37.873000,408.71760421628096,1000
2024-09-17 12:21:37.899000,408.7678662112181,1001
2024-09-17 12:21:37.917000,408.749701565582,102
2024-09-17 12:21:37.953000,408.7620995015917,13
2024-09-17 12:21:37.984000,408.7008075720644,14
2024-09-17 12:21:38.001000,408.8208228489029,103
2024-09-17 12:21:38.012000,408.8193865774279,11
2024-09-17 12:21:38.063000,408.8267919441839,95
2024-09-17 12:21:38.065000,408.8414095499098,98
2024-09-17 12:21:38.109000,408.804059645397,101
2024-09-17 12:21:38.121000,408.79119028737625,9
2024-09-17 12:21:38.156000,408.8337701665235,1001
2024-09-17 12:21:38.161000,408.80966044403647,99
2024-09-17 12:21:38.224000,408.8182304294301,1002
2024-09-17 12:21:38.236000,408.8246695594291,5
2024-09-17 12:21:38.302000,408.8638377675617,11
2024-09-17 12:21:38.339000,408.8140870724527,104
2024-09-17 12:21:38.346000,408.8081087730823,6
2024-09-17 12:21:38.428000,408.8348242299804,10
2024-09-17 12:21:38.441000,408.8373117212368,999
2024-09-17 12:21:38.493000,408.7687074725452,995
2024-09-17 12:21:38.573000,408.78508354839937,1003
2024-09-17 12:21:38.617000,408.8645659132383,5
2024-09-17 12:21:38.652000,408.8206438109602,8
2024-09-17 12:21:38.935000,408.82795454557095,97
2024-09-17 12:21:38.984000,408.81504229832194,102
2024-09-17 12:21:38.997000,408.7776012661026,9
2024-09-17 12:21:39.098000,408.79670195112703,11
2024-09-17 12:21:39.103000,408.84533279854367,96
2024-09-17 12:21:39.205000,408.8284941949976,8
2024-09-17 12:21:39.235000,408.8315340187417,99
2024-09-17 12:21:39.236000,408.8434818969046,999
2024-09-17 12:21:39.338000,408.8487320749852,6
2024-09-17 12:21:39.361000,408.83176231423374,1001
2024-09-17 12:21:39.453000,408.81798074177925,13
2024-09-17 12:21:39.471000,408.85718071336345,104
2024-09-17 12:21:39.524000,408.8406155229104,10
2024-09-17 12:21:39.602000,408.8507142168313,7
2024-09-17 12:21:39.663000,408.82293925770193,1004
2024-09-17 12:21:39.713000,408.8233309596652,5
2024-09-17 12:21:39.719000,408.82795443334936,95
2024-09-17 12:21:39.721000,408.844741036269,6
2024-09-17 12:21:39.722000,408.8414853861145,1002
2024-09-17 12:21:39.725000,408.783157656591,995
2024-09-17 12:21:39.907000,408.8450648129867,999
2024-09-17 12:21:39.925000,408.7928148436969,1005
2024-09-17 12:21:39.948000,408.8314263448781,5
2024-09-17 12:21:40.027000,408.7769617503239,99
2024-09-17 12:21:40.079000,408.7386668710465,96
2024-09-17 12:21:40.164000,408.7035159350678,105
2024-09-17 12:21:40.177000,408.7242259023344,5
2024-09-17 12:21:40.248000,408.7444976127181,1004
2024-09-17 12:21:40.254000,408.7451589789488,12
2024-09-17 12:21:40.291000,408.7187429890213,997
2024-09-17 12:21:40.358000,408.76319924631696,13
2024-09-17 12:21:40.388000,408.72715530313786,11
2024-09-17 12:21:40.462000,408.7531860750483,1004
2024-09-17 12:21:40.464000,408.77807107758247,5
2024-09-17 12:21:40.467000,408.7359115097152,9
2024-09-17 12:21:40.554000,408.78025119292255,6
2024-09-17 12:21:40.613000,408.7379308594158,6
2024-09-17 12:21:40.644000,408.7328658492486,13
2024-09-17 12:21:40.706000,408.7182393513072,104
2024-09-17 12:21:40.742000,408.76457721040754,97
2024-09-17 12:21:40.760000,408.7360565452377,1001
2024-09-17 12:21:40.762000,408.7769300438733,11
2024-09-17 12:21:40.772000,408.7166661027081,1005
2024-09-17 12:21:40.859000,408.7235871814448,1005
2024-09-17 12:21:40.980000,408.6995995247218,13
2024-09-17 12:21:41.073000,408.7314646752858,995
2024-09-17 12:21:41.316000,408.72886537136895,997
2024-09-17 12:21:41.371000,408.7383241674797,95
2024-09-17 12:21:41.987000,408.7235321634295,996
2024-09-17 12:21:42.049000,408.6416867672248,11
2024-09-17 12:21:42.063000,408.6484958845661,6
2024-09-17 12:21:42.065000,408.64772872189104,95
2024-09-17 12:21:42.075000,408.6959641863722,996
2024-09-17 12:21:42.109000,408.7000922006591,7
2024-09-17 12:21:42.218000,408.7095388120458,1000
2024-09-17 12:21:42.263000,408.6869947917674,98
2024-09-17 12:21:42.326000,408.6820428716858,100
2024-09-17 12:21:42.348000,408.650614069428,101
2024-09-17 12:21:42.384000,408.6516515042821,996
2024-09-17 12:21:42.421000,408.6926231134359,1004
2024-09-17 12:21:42.440000,408.7011803941599,1003
2024-09-17 12:21:42.463000,408.6795535680498,1005
2024-09-17 12:21:42.568000,408.65512450205966,96
2024-09-17 12:21:42.613000,408.6919656778284,1004
2024-09-17 12:21:42.648000,408.6556457533735,997
2024-09-17 12:21:42.695000,408.69601795443606,105
2024-09-17 12:21:42.699000,408.7157022717752,997
2024-09-17 12:21:42.802000,408.64944304110776,96
2024-09-17 12:21:42.833000,408.70092249144864,103
2024-09-17 12:21:42.844000,408.6394953633338,1000
2024-09-17 12:21:42.907000,408.67858200177386,10
2024-09-17 12:21:42.972000,408.70178757706526,995
2024-09-17 12:21:43.060000,408.6758389710671,13
2024-09-17 12:21:43.268000,408.6458793126545,1005
2024-09-17 12:21:43.304000,408.66761331968496,11
2024-09-17 12:21:43.354000,408.6851535452211,99
2024-09-17 12:21:43.388000,408.6510995822432,13
2024-09-17 12:21:43.589000,408.6706999030866,11
2024-09-17 12:21:43.792000,408.686944215795,1000
2024-09-17 12:21:43.839000,408.6614041676637,95
2024-09-17 12:21:43.872000,408.6368792318023,103
2024-09-17 12:21:44.453000,408.6857400614102,1000
2024-09-17 12:21:45.145000,408.6848474072487,100
2024-09-17 12:21:45.248000,408.6752897826448,15
2024-09-17 12:21:45.307000,408.6906882968137,102
2024-09-17 12:21:45.336000,408.6804925212546,996
2024-09-17 12:21:45.898000,408.674451282792,1004
2024-09-17 12:21:45.925000,408.6817820468694,95
2024-09-17 12:21:46.135000,408.6628132423175,6
2024-09-17 12:21:46.204000,408.6883490390332,102
2024-09-17 12:21:46.254000,408.66395548587417,103
2024-09-17 12:21:46.316000,408.6764199448394,995
2024-09-17 12:21:46.319000,408.7297879994634,1000
2024-09-17 12:21:46.319000,408.6935928639312,9
2024-09-17 12:21:46.415000,408.6725901607351,6
2024-09-17 12:21:46.428000,408.65590073683046,104
2024-09-17 12:21:46.507000,408.64495342973,104
2024-09-17 12:21:46.552000,408.6643894560883,8
2024-09-17 12:21:46.656000,408.6652473496335,998
2024-09-17 12:21:46.728000,408.65803792380046,15
2024-09-17 12:21:46.787000,408.7017673290942,12
2024-09-17 12:21:46.843000,408.7157897486405,12
2024-09-17 12:21:46.893000,408.6481068852436,102
2024-09-17 12:21:46.927000,408.6734348275624,104
2024-09-17 12:21:46.995000,408.6556119146191,1005
2024-09-17 12:21:46.996000,408.70703675042125,97
2024-09-17 12:21:47.021000,408.7363857314023,1005
2024-09-17 12:21:47.257000,408.7359905569538,98
2024-09-17 12:21:47.454000,408.7552429388703,102
2024-09-17 12:21:47.549000,408.73694034900967,5
2024-09-17 12:21:47.666000,408.7310122957125,999
2024-09-17 12:21:47.671000,408.7257882114206,97
2024-09-17 12:21:47.708000,408.7520677466048,99
2024-09-17 12:21:47.722000,408.7370716554233,995
2024-09-17 12:21:47.728000,408.7374861889389,98
2024-09-17 12:21:47.741000,408.7284785699183,99
2024-09-17 12:21:47.753000,408.7355658143197,14
2024-09-17 12:21:47.777000,408.7400057351319,7
2024-09-17 12:21:47.837000,408.73158273343273,995
2024-09-17 12:21:47.873000,408.7317779403159,6
2024-09-17 12:21:47.879000,408.74802806479687,1005
2024-09-17 12:21:47.973000,408.7435700146119,100
2024-09-17 12:21:48.776000,408.7112928814933,105
2024-09-17 12:21:48.788000,408.7191216001423,995
2024-09-17 12:21:49,408.78835846713,6
2024-09-17 12:21:49.003000,408.7693418839501,7
2024-09-17 12:21:49.009000,408.7304046456822,99
2024-09-17 12:21:49.036000,408.7567125498508,105
2024-09-17 12:21:49.043000,408.7952222624812,103
2024-09-17 12:21:49.071000,408.7594262878226,96
2024-09-17 12:21:49.119000,408.763363448801,1005
2024-09-17 12:21:49.177000,408.7852887600933,7
2024-09-17 12:21:49.236000,408.79254183152926,14
2024-09-17 12:21:49.312000,408.7734258900394,9
2024-09-17 12:21:49.492000,408.7622575594681,12
2024-09-17 12:21:49.537000,408.719329478674,999
2024-09-17 12:21:49.542000,408.8076515955489,95
2024-09-17 12:21:49.574000,408.7733760285637,999
2024-09-17 12:21:49.617000,408.7862725747251,996
2024-09-17 12:21:49.726000,408.7459290183711,10
2024-09-17 12:21:49.800000,408.7681924670587,100
2024-09-17 12:21:49.913000,408.7923955325864,10
2024-09-17 12:21:49.924000,408.7157271032052,1005
2024-09-17 12:21:50.140000,408.7462350416667,1001
2024-09-17 12:21:50.143000,408.7266101882006,99
2024-09-17 12:21:50.438000,408.7191409413962,995
2024-09-17 12:21:50.464000,408.7618570708239,9
2024-09-17 12:21:50.497000,408.7665608230782,8
2024-09-17 12:21:50.558000,408.7251446320981,12
2024-09-17 12:21:50.704000,408.73068590265865,96
2024-09-17 12:21:50.714000,408.73159219430426,6
2024-09-17 12:21:50.735000,408.7197846495624,7
2024-09-17 12:21:50.986000,408.72255344807,100
2024-09-17 12:21:51.097000,408.7373981254497,102
2024-09-17 12:21:52.252000,408.7540812574338,98
2024-09-17 12:21:52.363000,408.7522521523704,98
2024-09-17 12:21:52.600000,408.7398681906665,995
2024-09-17 12:21:52.855000,408.74854365692846,13
2024-09-17 12:21:52.902000,408.7413516347989,97
2024-09-17 12:21:52.923000,408.74067159146944,13
2024-09-17 12:21:53.036000,408.7478558092262,96
2024-09-17 12:21:53.078000,408.75281767787584,103
2024-09-17 12:21:53.098000,408.7625930207457,995
2024-09-17 12:21:53.108000,408.759767596128,1004
2024-09-17 12:21:53.168000,408.7406299321875,1000
2024-09-17 12:21:53.360000,408.756929393598,96
2024-09-17 12:21:53.399000,408.752211716091,103
2024-09-17 12:21:53.461000,408.74339598137226,995
2024-09-17 12:21:53.470000,408.7505018392436,995
2024-09-17 12:21:53.572000,408.72999518112897,1003
2024-09-17 12:21:53.582000,408.7596454119208,995
2024-09-17 12:21:53.589000,408.7687477285804,97
2024-09-17 12:21:53.744000,408.7489344351968,995
2024-09-17 12:21:53.933000,408.7418165479257,1004
2024-09-17 12:21:53.986000,408.75559812261577,9
2024-09-17 12:21:54.025000,408.7219848495831,95
2024-09-17 12:21:54.083000,408.7685608450769,1005
2024-09-17 12:21:54.105000,408.7391388579123,1004
2024-09-17 12:21:54.110000,408.69164692569336,102
2024-09-17 12:21:54.140000,408.7528443009673,995
2024-09-17 12:21:54.150000,408.71494414438325,5
2024-09-17 12:21:54.157000,408.76293156683766,1004
2024-09-17 12:21:54.403000,408.7569339686266,995
2024-09-17 12:21:54.430000,408.6941945359917,13
2024-09-17 12:21:54.453000,408.6909995650253,10
2024-09-17 12:21:54.544000,408.7097449310842,96
2024-09-17 12:21:54.554000,408.7021025671322,15
2024-09-17 12:21:54.565000,408.70323131766986,14
2024-09-17 12:21:54.693000,408.720414989576,105
2024-09-17 12:21:54.732000,408.7552525995562,103
2024-09-17 12:21:54.804000,408.68681345901126,1004
2024-09-17 12:21:54.948000,408.7603215038904,96
2024-09-17 12:21:54.998000,408.6934268631359,1000
2024-09-17 12:21:55.015000,408.6533767296736,99
2024-09-17 12:21:55.285000,408.6497461170859,15
2024-09-17 12:21:55.289000,408.66482469683353,1000
2024-09-17 12:21:55.507000,408.6997773531597,100
2024-09-17 12:21:55.541000,408.6500966042243,1004
2024-09-17 12:21:55.747000,408.6923038177508,997
2024-09-17 12:21:55.754000,408.6539662837545,101
2024-09-17 12:21:55.756000,408.6472000935272,95
2024-09-17 12:21:55.794000,408.6545118793568,12
2024-09-17 12:21:55.858000,408.6701204684357,105
2024-09-17 12:21:55.904000,408.6796480799396,14
2024-09-17 12:21:56.139000,408.6541040165468,101
2024-09-17 12:21:56.218000,408.6884717339664,12
2024-09-17 12:21:56.381000,408.6689466794807,997
2024-09-17 12:21:56.564000,408.6839110306179,99
2024-09-17 12:21:56.718000,408.6976844326002,12
2024-09-17 12:21:56.737000,408.6749827974222,9
2024-09-17 12:21:56.803000,408.6675075893253,1002
2024-09-17 12:21:56.833000,408.6858707102083,100
2024-09-17 12:21:57.081000,408.6413619631912,1003
2024-09-17 12:21:57.103000,408.66386042843976,96
2024-09-17 12:21:57.113000,408.6374828023398,13
2024-09-17 12:21:57.138000,408.603677941278,11
2024-09-17 12:21:57.155000,408.5967387263873,996
2024-09-17 12:21:57.198000,408.6313704696721,12
2024-09-17 12:21:57.204000,408.5907544883309,15
2024-09-17 12:21:57.230000,408.6072350691277,104
2024-09-17 12:21:57.263000,408.634281030725,998
2024-09-17 12:21:57.264000,408.6346865346428,8
2024-09-17 12:21:57.376000,408.6363104953936,5
2024-09-17 12:21:57.399000,408.6600317983831,999
2024-09-17 12:21:57.482000,408.6582900463487,99
2024-09-17 12:21:57.563000,408.6612260464349,997
2024-09-17 12:21:57.587000,408.5992224393786,1005
2024-09-17 12:21:57.724000,408.6270553354249,1003
2024-09-17 12:21:57.749000,408.6682330209565,98
2024-09-17 12:21:57.755000,408.6039150526663,98
2024-09-17 12:21:57.823000,408.6336129362624,1002
2024-09-17 12:21:57.833000,408.6114758084935,7
2024-09-17 12:21:57.850000,408.6299248464123,15
2024-09-17 12:21:57.854000,408.6622475334534,5
2024-09-17 12:21:57.950000,408.6186037606876,10
2024-09-17 12:21:57.952000,408.6047857244445,999
2024-09-17 12:21:57.999000,408.6093462308797,98
2024-09-17 12:21:58.047000,408.6054492679042,104
2024-09-17 12:21:58.075000,408.58640197195245,15
2024-09-17 12:21:58.115000,408.5900842854949,1003
2024-09-17 12:21:58.115000,408.588079472529,996
2024-09-17 12:21:58.369000,408.6290469992483,7
2024-09-17 12:21:58.379000,408.5875233193605,1001
2024-09-17 12:21:58.466000,408.60867451461576,1001
2024-09-17 12:21:58.560000,408.5943781933607,1005
2024-09-17 12:21:58.631000,408.59377654625575,11
2024-09-17 12:21:58.635000,408.6060002335591,96
2024-09-17 12:21:58.786000,408.610046141659,5
2024-09-17 12:21:58.936000,408.5977529806601,102
2024-09-17 12:21:59.788000,408.600862387831,14
