Timestamp,Price,Size
2024-09-18 10:53:00.028000,412.3531619870647,996
2024-09-18 10:53:00.028000,412.3420796222719,997
2024-09-18 10:53:00.075000,412.3499526113833,97
2024-09-18 10:53:00.113000,412.3477498655064,6
2024-09-18 10:53:00.119000,412.3485334183646,15
2024-09-18 10:53:00.185000,412.34704086102266,97
2024-09-18 10:53:00.238000,412.3372731203751,995
2024-09-18 10:53:00.416000,412.3541669460989,12
2024-09-18 10:53:00.454000,412.3518114628842,97
2024-09-18 10:53:00.508000,412.3454523565474,1003
2024-09-18 10:53:00.884000,412.35628631075576,13
2024-09-18 10:53:00.977000,412.3433904127469,1003
2024-09-18 10:53:01.002000,412.3523012086638,1002
2024-09-18 10:53:01.171000,412.3401332306881,996
2024-09-18 10:53:01.209000,412.2699554211882,9
2024-09-18 10:53:01.282000,412.2725405583696,105
2024-09-18 10:53:01.296000,412.2253359770901,14
2024-09-18 10:53:01.378000,412.2510397086464,1002
2024-09-18 10:53:01.422000,412.2337104380933,103
2024-09-18 10:53:01.424000,412.2334705646946,998
2024-09-18 10:53:01.426000,412.2209614919708,95
2024-09-18 10:53:01.617000,412.3346512236733,1000
2024-09-18 10:53:01.617000,412.2730356211785,5
2024-09-18 10:53:01.619000,412.2366100992308,14
2024-09-18 10:53:01.686000,412.3078421639168,1005
2024-09-18 10:53:01.746000,412.23503904998097,1005
2024-09-18 10:53:01.768000,412.2522389061947,998
2024-09-18 10:53:01.800000,412.25462867614783,12
2024-09-18 10:53:01.850000,412.3159902562959,1005
2024-09-18 10:53:01.901000,412.2368662871943,95
2024-09-18 10:53:01.976000,412.2446609839418,1003
2024-09-18 10:53:01.993000,412.2635297049973,13
2024-09-18 10:53:02.010000,412.2356308251889,999
2024-09-18 10:53:02.024000,412.123169046876,100
2024-09-18 10:53:02.033000,412.15829693619975,15
2024-09-18 10:53:02.041000,412.1098223989272,1000
2024-09-18 10:53:02.116000,412.0858531601228,998
2024-09-18 10:53:02.157000,412.19234517062506,1000
2024-09-18 10:53:02.169000,412.16876246629295,105
2024-09-18 10:53:02.195000,412.1122000118696,101
2024-09-18 10:53:02.204000,412.1099488785813,105
2024-09-18 10:53:02.224000,412.1768535520607,1000
2024-09-18 10:53:02.265000,412.18135212213815,5
2024-09-18 10:53:02.363000,412.1626671006212,8
2024-09-18 10:53:02.433000,412.1366151650362,15
2024-09-18 10:53:02.436000,412.21086044320447,5
2024-09-18 10:53:02.479000,412.13474441204215,98
2024-09-18 10:53:02.491000,412.165972969497,998
2024-09-18 10:53:02.495000,412.150762801582,995
2024-09-18 10:53:02.590000,412.0998021184876,15
2024-09-18 10:53:02.616000,412.21557674092463,1002
2024-09-18 10:53:02.666000,412.1622665670228,999
2024-09-18 10:53:02.686000,412.2189007269801,995
2024-09-18 10:53:02.769000,412.1332134408386,1001
2024-09-18 10:53:02.775000,412.165347157424,996
2024-09-18 10:53:02.817000,412.1376663472161,104
2024-09-18 10:53:02.822000,412.155573865233,9
2024-09-18 10:53:02.849000,412.1660845734579,9
2024-09-18 10:53:02.921000,412.130103252932,100
2024-09-18 10:53:02.986000,412.1491236880041,15
2024-09-18 10:53:02.996000,412.1252586964168,100
2024-09-18 10:53:03.052000,412.04588500364514,996
2024-09-18 10:53:03.166000,412.04891650280825,97
2024-09-18 10:53:03.193000,412.0851892894816,5
2024-09-18 10:53:03.211000,412.0874110841143,98
2024-09-18 10:53:03.233000,412.0564532318968,1003
2024-09-18 10:53:03.234000,412.09380258514926,103
2024-09-18 10:53:03.320000,412.06773540103865,102
2024-09-18 10:53:03.328000,412.0662873747863,1005
2024-09-18 10:53:03.374000,412.0517586376741,95
2024-09-18 10:53:03.378000,412.0765348913797,6
2024-09-18 10:53:03.386000,412.0522237990704,101
2024-09-18 10:53:03.392000,412.0920302251075,100
2024-09-18 10:53:03.392000,412.0840678308729,7
2024-09-18 10:53:03.426000,412.0703542213972,5
2024-09-18 10:53:03.472000,412.0805497359714,1001
2024-09-18 10:53:03.564000,412.0420845321466,15
2024-09-18 10:53:03.599000,412.04749405712647,13
2024-09-18 10:53:03.624000,412.0527744767184,7
2024-09-18 10:53:03.648000,412.0581545528514,999
2024-09-18 10:53:03.680000,412.0682698481481,103
2024-09-18 10:53:03.729000,412.0460115016172,995
2024-09-18 10:53:03.755000,412.0810362214028,999
2024-09-18 10:53:03.781000,412.0581365303559,997
2024-09-18 10:53:03.811000,412.0228315873397,14
2024-09-18 10:53:03.924000,412.0668668835911,14
2024-09-18 10:53:03.967000,412.04540142613087,7
2024-09-18 10:53:03.981000,412.03918168448087,102
2024-09-18 10:53:04.121000,412.0648167729332,999
2024-09-18 10:53:04.159000,412.033508302446,98
2024-09-18 10:53:04.160000,412.04736443246543,1005
2024-09-18 10:53:04.224000,412.0621719154082,102
2024-09-18 10:53:04.289000,412.0594803558392,105
2024-09-18 10:53:04.489000,412.0461734820972,997
2024-09-18 10:53:04.620000,412.0718198855132,996
2024-09-18 10:53:04.936000,412.097837413022,1002
2024-09-18 10:53:04.946000,412.09043323065566,14
2024-09-18 10:53:05.362000,412.0842277274113,10
2024-09-18 10:53:06.053000,412.1257721910574,15
2024-09-18 10:53:06.208000,412.1066582152647,101
2024-09-18 10:53:06.407000,412.118719560026,105
2024-09-18 10:53:06.411000,412.1314252265841,10
2024-09-18 10:53:06.489000,412.1382682555319,15
2024-09-18 10:53:06.511000,412.09614571319526,1004
2024-09-18 10:53:06.831000,412.1052386488853,8
2024-09-18 10:53:06.911000,412.0983180530574,996
2024-09-18 10:53:06.966000,412.1305697017636,105
2024-09-18 10:53:07.010000,412.1121809968606,98
2024-09-18 10:53:07.050000,412.1288369991166,95
2024-09-18 10:53:07.083000,412.1078177129671,5
2024-09-18 10:53:07.091000,412.1184746612972,5
2024-09-18 10:53:07.098000,412.13405451585743,1000
2024-09-18 10:53:07.152000,412.1065039346533,7
2024-09-18 10:53:07.270000,412.1165568962173,13
2024-09-18 10:53:07.273000,412.1475162110091,99
2024-09-18 10:53:07.279000,412.1061308225568,995
2024-09-18 10:53:07.385000,412.12136450058233,97
2024-09-18 10:53:07.476000,412.1167151544331,103
2024-09-18 10:53:07.477000,412.135358757967,6
2024-09-18 10:53:07.486000,412.105481307457,13
2024-09-18 10:53:07.510000,412.1302567534215,1005
2024-09-18 10:53:07.572000,412.1417453423539,103
2024-09-18 10:53:07.627000,412.1356604314147,1004
2024-09-18 10:53:07.630000,412.1229748448922,1002
2024-09-18 10:53:07.635000,412.1356161659112,102
2024-09-18 10:53:07.646000,412.1349939978399,11
2024-09-18 10:53:07.754000,412.1330155450585,1003
2024-09-18 10:53:07.824000,412.12474851231457,8
2024-09-18 10:53:07.865000,412.1254393489896,104
2024-09-18 10:53:07.957000,412.12820648651353,104
2024-09-18 10:53:08.033000,412.13543130238287,995
2024-09-18 10:53:08.052000,412.08850138861646,96
2024-09-18 10:53:08.076000,412.1308396132764,14
2024-09-18 10:53:08.114000,412.1593958032575,99
2024-09-18 10:53:08.116000,412.148534761572,100
2024-09-18 10:53:08.169000,412.1404059114056,104
2024-09-18 10:53:08.200000,412.13874855559953,11
2024-09-18 10:53:08.260000,412.0648641021794,98
2024-09-18 10:53:08.289000,412.1403127932357,13
2024-09-18 10:53:08.291000,412.1360061278982,104
2024-09-18 10:53:08.319000,412.1454844695874,102
2024-09-18 10:53:08.352000,412.0824999852013,102
2024-09-18 10:53:08.406000,412.1530119708954,104
2024-09-18 10:53:08.424000,412.1153094855439,1002
2024-09-18 10:53:08.426000,412.1098920462909,103
2024-09-18 10:53:08.467000,412.16132384401146,1000
2024-09-18 10:53:08.476000,412.1172519333439,104
2024-09-18 10:53:08.483000,412.0729782875992,998
2024-09-18 10:53:08.585000,412.1498718565135,102
2024-09-18 10:53:08.625000,412.13129810151366,1000
2024-09-18 10:53:08.710000,412.1219124384217,1002
2024-09-18 10:53:08.739000,412.1390319171061,100
2024-09-18 10:53:08.740000,412.1413718447539,98
2024-09-18 10:53:08.787000,412.1446020484644,9
2024-09-18 10:53:08.807000,412.06344497484383,102
2024-09-18 10:53:08.899000,412.13986821697216,98
2024-09-18 10:53:08.926000,412.069531484735,6
2024-09-18 10:53:08.950000,412.0815593146788,10
2024-09-18 10:53:09.010000,412.11934722073954,95
2024-09-18 10:53:09.031000,412.1311587074202,103
2024-09-18 10:53:09.082000,412.1218403787341,1003
2024-09-18 10:53:09.085000,412.1190276902863,1005
2024-09-18 10:53:09.110000,412.0791664639466,999
2024-09-18 10:53:09.165000,412.1593748460427,96
2024-09-18 10:53:09.355000,412.13591913045934,104
2024-09-18 10:53:09.432000,412.0595754328813,1003
2024-09-18 10:53:09.463000,412.0927967030124,995
2024-09-18 10:53:09.480000,412.115128204677,100
2024-09-18 10:53:09.508000,412.0472973034476,1001
2024-09-18 10:53:09.541000,412.0639554601401,1001
2024-09-18 10:53:09.575000,412.1327809843579,9
2024-09-18 10:53:09.584000,412.1467532237963,15
2024-09-18 10:53:09.665000,412.1318465758136,101
2024-09-18 10:53:09.782000,412.12604576876055,997
2024-09-18 10:53:09.795000,412.12635853142126,996
2024-09-18 10:53:09.832000,412.1136906243697,9
2024-09-18 10:53:09.855000,412.1327802882882,7
2024-09-18 10:53:09.921000,412.1057784451671,1005
2024-09-18 10:53:10.009000,412.2095847538709,997
2024-09-18 10:53:10.012000,412.2057438891482,105
2024-09-18 10:53:10.065000,412.14275929448496,98
2024-09-18 10:53:10.137000,412.2153436814791,13
2024-09-18 10:53:10.183000,412.14169224002046,6
2024-09-18 10:53:10.188000,412.1290075329577,997
2024-09-18 10:53:10.197000,412.2160166256996,100
2024-09-18 10:53:10.307000,412.11852714135495,9
2024-09-18 10:53:10.340000,412.11367604369406,1003
2024-09-18 10:53:10.344000,412.14117344951177,1005
2024-09-18 10:53:10.387000,412.1396376422946,104
2024-09-18 10:53:10.497000,412.2000843147136,997
2024-09-18 10:53:10.499000,412.1812145713059,104
2024-09-18 10:53:10.532000,412.1827846562371,998
2024-09-18 10:53:10.534000,412.1251537338064,105
2024-09-18 10:53:10.589000,412.2003308733451,1001
2024-09-18 10:53:10.670000,412.1466857014193,996
2024-09-18 10:53:10.684000,412.1455145281848,7
2024-09-18 10:53:10.688000,412.1936563293237,15
2024-09-18 10:53:10.776000,412.1295023655599,101
2024-09-18 10:53:10.938000,412.17917622307664,95
2024-09-18 10:53:10.947000,412.1357094232758,9
2024-09-18 10:53:10.952000,412.1891567134594,100
2024-09-18 10:53:10.954000,412.1141071422133,996
2024-09-18 10:53:10.957000,412.1143785734268,99
2024-09-18 10:53:10.986000,412.12683078584536,1005
2024-09-18 10:53:10.997000,412.20995072988654,5
2024-09-18 10:53:11.004000,412.1515026880045,100
2024-09-18 10:53:11.075000,412.2099805294402,6
2024-09-18 10:53:11.080000,412.1886857192629,1005
2024-09-18 10:53:11.129000,412.1467617566846,101
2024-09-18 10:53:11.163000,412.21424183502927,7
2024-09-18 10:53:11.214000,412.1937730950401,996
2024-09-18 10:53:11.324000,412.2191699807785,97
2024-09-18 10:53:11.333000,412.1667847379042,96
2024-09-18 10:53:11.347000,412.2063495542273,103
2024-09-18 10:53:11.431000,412.1906863040796,12
2024-09-18 10:53:11.695000,412.1926039439592,999
2024-09-18 10:53:11.837000,412.2043934724272,95
2024-09-18 10:53:11.840000,412.1787219619784,96
2024-09-18 10:53:11.852000,412.2012432852365,1001
2024-09-18 10:53:11.901000,412.1874692366094,1003
2024-09-18 10:53:11.969000,412.2012039492152,105
2024-09-18 10:53:11.999000,412.20154871155046,15
2024-09-18 10:53:12.023000,412.128547916568,100
2024-09-18 10:53:12.163000,412.1374228871176,100
2024-09-18 10:53:12.177000,412.1344133671121,104
2024-09-18 10:53:12.432000,412.1330061655637,9
2024-09-18 10:53:12.488000,412.14120642049176,1000
2024-09-18 10:53:12.535000,412.1474428428126,1004
2024-09-18 10:53:12.552000,412.1357590917304,6
2024-09-18 10:53:12.959000,412.1082730149852,99
2024-09-18 10:53:13.081000,412.1111019522701,10
2024-09-18 10:53:13.153000,412.1364789683342,14
2024-09-18 10:53:13.160000,412.1456892369522,998
2024-09-18 10:53:13.345000,412.1404235930677,98
2024-09-18 10:53:13.509000,412.1139391267288,1005
2024-09-18 10:53:13.551000,412.0980915430922,12
2024-09-18 10:53:13.596000,412.1288518181522,6
2024-09-18 10:53:13.683000,412.1216729973224,5
2024-09-18 10:53:14.071000,412.1485796745473,10
2024-09-18 10:53:14.806000,412.14752680089225,15
2024-09-18 10:53:14.815000,412.1439927707961,98
2024-09-18 10:53:14.871000,412.1473131153379,10
2024-09-18 10:53:14.921000,412.1628552687183,999
2024-09-18 10:53:15.144000,412.2045798356664,99
2024-09-18 10:53:15.153000,412.2943682135162,15
2024-09-18 10:53:15.189000,412.2533512478596,103
2024-09-18 10:53:15.237000,412.15180004382296,96
2024-09-18 10:53:15.265000,412.24725017768674,13
2024-09-18 10:53:15.336000,412.18429628902567,1001
2024-09-18 10:53:15.339000,412.2380905505007,999
2024-09-18 10:53:15.341000,412.15456238820354,6
2024-09-18 10:53:15.395000,412.2484746058853,102
2024-09-18 10:53:15.415000,412.24986574678894,6
2024-09-18 10:53:15.507000,412.2992450042399,998
2024-09-18 10:53:15.529000,412.1686315407326,1004
2024-09-18 10:53:15.546000,412.2392196620349,102
2024-09-18 10:53:15.569000,412.15999962795735,996
2024-09-18 10:53:15.592000,412.2019533552793,995
2024-09-18 10:53:15.621000,412.2323623423634,97
2024-09-18 10:53:15.649000,412.2284515165668,101
2024-09-18 10:53:15.671000,412.15205933609127,14
2024-09-18 10:53:15.707000,412.1726704218381,14
2024-09-18 10:53:15.709000,412.217483075949,102
2024-09-18 10:53:15.754000,412.1740419010673,98
2024-09-18 10:53:15.795000,412.22051074664535,1002
2024-09-18 10:53:15.803000,412.17218470258143,100
2024-09-18 10:53:15.819000,412.15576371090896,100
2024-09-18 10:53:15.828000,412.1754045641623,999
2024-09-18 10:53:15.941000,412.2515393964364,7
2024-09-18 10:53:15.963000,412.2758792464744,11
2024-09-18 10:53:16.012000,412.2419656387092,6
2024-09-18 10:53:16.083000,412.23202839066295,1003
2024-09-18 10:53:16.098000,412.2715593933951,9
2024-09-18 10:53:16.124000,412.2581495391081,1001
2024-09-18 10:53:16.209000,412.2804847206903,99
2024-09-18 10:53:16.407000,412.2392713216489,6
2024-09-18 10:53:16.458000,412.2335411182804,15
2024-09-18 10:53:16.747000,412.2757416248897,100
2024-09-18 10:53:16.924000,412.2642378887661,96
2024-09-18 10:53:17.012000,412.2167162467789,1002
2024-09-18 10:53:17.032000,412.1257534456388,10
2024-09-18 10:53:17.149000,412.15486173427206,13
2024-09-18 10:53:17.154000,412.2366366450488,105
2024-09-18 10:53:17.223000,412.1303592819841,97
2024-09-18 10:53:17.225000,412.1990048561768,998
2024-09-18 10:53:17.297000,412.11270167090055,1004
2024-09-18 10:53:17.315000,412.1868998838092,15
2024-09-18 10:53:17.415000,412.171894409025,1004
2024-09-18 10:53:17.503000,412.1349427452273,97
2024-09-18 10:53:17.571000,412.2144446009387,10
2024-09-18 10:53:17.589000,412.18142953608833,998
2024-09-18 10:53:17.669000,412.1716648273592,104
2024-09-18 10:53:17.675000,412.20994147039926,995
2024-09-18 10:53:17.688000,412.15619531241407,998
2024-09-18 10:53:17.778000,412.171567947769,11
2024-09-18 10:53:17.791000,412.1569511268546,99
2024-09-18 10:53:17.794000,412.1708911243337,97
2024-09-18 10:53:17.799000,412.1446721096565,10
2024-09-18 10:53:17.837000,412.2308859860046,105
2024-09-18 10:53:17.928000,412.2113122860775,103
2024-09-18 10:53:18.003000,412.10043064734685,100
2024-09-18 10:53:18.014000,412.1769732884058,1003
2024-09-18 10:53:18.020000,412.0992328746468,103
2024-09-18 10:53:18.062000,412.1727814758129,95
2024-09-18 10:53:18.062000,412.1607400640934,99
2024-09-18 10:53:18.073000,412.1822316772899,1000
2024-09-18 10:53:18.098000,412.1838309245181,1005
2024-09-18 10:53:18.132000,412.1855588380723,15
2024-09-18 10:53:18.165000,412.1187067039485,1005
2024-09-18 10:53:18.184000,412.15133359861954,996
2024-09-18 10:53:18.209000,412.0971192302275,103
2024-09-18 10:53:18.209000,412.1301339763236,1002
2024-09-18 10:53:18.227000,412.1592016660223,9
2024-09-18 10:53:18.370000,412.1938361061754,1005
2024-09-18 10:53:18.468000,412.19357417046064,995
2024-09-18 10:53:18.573000,412.1669763352581,8
2024-09-18 10:53:18.635000,412.1722076730693,997
2024-09-18 10:53:18.641000,412.16133319940747,999
2024-09-18 10:53:18.710000,412.1449106507633,10
2024-09-18 10:53:18.743000,412.10681832894073,1001
2024-09-18 10:53:18.767000,412.14135921558335,14
2024-09-18 10:53:18.934000,412.1015665300481,1004
2024-09-18 10:53:18.951000,412.12817635589306,96
2024-09-18 10:53:19.192000,412.15494358997967,100
2024-09-18 10:53:19.203000,412.1553282125705,95
2024-09-18 10:53:19.301000,412.1522611876717,104
2024-09-18 10:53:19.340000,412.163469414687,100
2024-09-18 10:53:19.383000,412.1759771456413,5
2024-09-18 10:53:19.831000,412.1754580401631,98
2024-09-18 10:53:20.023000,412.1392969336557,14
2024-09-18 10:53:20.119000,412.1549790137327,6
2024-09-18 10:53:20.175000,412.15639995729936,12
2024-09-18 10:53:20.189000,412.1400630663469,995
2024-09-18 10:53:20.241000,412.1416743418383,105
2024-09-18 10:53:20.241000,412.1651842795728,998
2024-09-18 10:53:20.262000,412.138957909752,1002
2024-09-18 10:53:20.272000,412.1657395957804,96
2024-09-18 10:53:20.362000,412.1454496668906,98
2024-09-18 10:53:20.624000,412.13232032167576,8
2024-09-18 10:53:20.668000,412.1307448698048,998
2024-09-18 10:53:20.853000,412.1628321909904,5
2024-09-18 10:53:20.918000,412.12354541471865,998
2024-09-18 10:53:20.933000,412.11836280992753,996
2024-09-18 10:53:21.269000,412.1312723905019,1003
2024-09-18 10:53:21.537000,412.10596062868,101
2024-09-18 10:53:21.590000,412.0481548182229,8
2024-09-18 10:53:21.722000,412.0791836671588,997
2024-09-18 10:53:21.941000,412.06714297010313,104
2024-09-18 10:53:22.051000,412.0263260656662,104
2024-09-18 10:53:22.227000,412.0478491132762,105
2024-09-18 10:53:22.285000,412.0365339428816,1003
2024-09-18 10:53:22.417000,412.0604838439192,1001
2024-09-18 10:53:22.760000,412.0470596332969,103
2024-09-18 10:53:22.907000,412.0273892099828,6
2024-09-18 10:53:23.070000,411.98323363537247,14
2024-09-18 10:53:23.170000,411.98258284324993,9
2024-09-18 10:53:23.202000,411.9616533662966,999
2024-09-18 10:53:23.312000,411.9357824145586,95
2024-09-18 10:53:23.317000,411.99000794701664,995
2024-09-18 10:53:23.322000,412.0193989907239,1003
2024-09-18 10:53:23.371000,412.0054218870458,103
2024-09-18 10:53:23.374000,411.9973093402732,9
2024-09-18 10:53:23.399000,411.94050333811055,995
2024-09-18 10:53:23.421000,411.9955919270212,8
2024-09-18 10:53:23.457000,411.9660980989588,14
2024-09-18 10:53:23.516000,411.96658055733445,96
2024-09-18 10:53:23.527000,412.0089715879447,12
2024-09-18 10:53:23.535000,411.97875380615386,100
2024-09-18 10:53:23.629000,411.9667731821398,105
2024-09-18 10:53:23.842000,412.0020537622393,5
2024-09-18 10:53:23.848000,411.9588609987612,99
2024-09-18 10:53:23.890000,411.9787442308993,9
2024-09-18 10:53:23.927000,411.98619180566766,1000
2024-09-18 10:53:24.054000,412.05800809531786,15
2024-09-18 10:53:24.068000,412.0444356569221,99
2024-09-18 10:53:24.068000,412.0606418778626,6
2024-09-18 10:53:24.133000,412.0699506903218,99
2024-09-18 10:53:24.158000,412.04548836107017,998
2024-09-18 10:53:24.287000,411.9890464001693,5
2024-09-18 10:53:24.320000,412.05034558477865,11
2024-09-18 10:53:24.355000,412.0623472994213,105
2024-09-18 10:53:24.468000,411.97444916202016,995
2024-09-18 10:53:24.615000,412.0059946891816,11
2024-09-18 10:53:24.622000,412.06709565531713,15
2024-09-18 10:53:24.780000,412.0057407894623,7
2024-09-18 10:53:24.836000,412.01257194839496,998
2024-09-18 10:53:24.892000,412.0078639129126,103
2024-09-18 10:53:24.893000,412.0424039663104,997
2024-09-18 10:53:24.998000,412.0464120429645,99
2024-09-18 10:53:25.089000,412.0428098774516,1002
2024-09-18 10:53:25.435000,412.0439999809791,998
2024-09-18 10:53:25.493000,412.0388327153018,7
2024-09-18 10:53:26.168000,412.0437151748399,8
2024-09-18 10:53:26.520000,412.10790686559005,999
2024-09-18 10:53:26.576000,412.1093940988436,995
2024-09-18 10:53:26.635000,412.1216896711064,104
2024-09-18 10:53:26.772000,412.1259205264616,105
2024-09-18 10:53:26.997000,412.0783880091184,96
2024-09-18 10:53:27.008000,412.0951738802927,1000
2024-09-18 10:53:27.015000,412.123344301827,9
2024-09-18 10:53:27.019000,412.1002121354903,12
2024-09-18 10:53:27.119000,412.095877612352,10
2024-09-18 10:53:27.124000,412.0735047413478,103
2024-09-18 10:53:27.169000,412.1096148503023,104
2024-09-18 10:53:27.173000,412.0930956363738,104
2024-09-18 10:53:27.288000,412.1170959288154,96
2024-09-18 10:53:27.355000,412.100730632403,100
2024-09-18 10:53:27.408000,412.0974602154529,100
2024-09-18 10:53:27.429000,412.11463213741166,105
2024-09-18 10:53:27.502000,412.1106295015798,10
2024-09-18 10:53:27.555000,412.1276920541803,95
2024-09-18 10:53:27.581000,412.13006648506575,13
2024-09-18 10:53:27.582000,412.0877711983913,1002
2024-09-18 10:53:27.595000,412.1047382419935,101
2024-09-18 10:53:27.596000,412.13396229810695,997
2024-09-18 10:53:27.660000,412.0898000019992,97
2024-09-18 10:53:27.695000,412.1021154978288,7
2024-09-18 10:53:27.741000,412.09773468591874,999
2024-09-18 10:53:27.755000,412.0811812140533,1001
2024-09-18 10:53:27.766000,412.1121354414195,6
2024-09-18 10:53:27.831000,412.0775341644269,95
2024-09-18 10:53:27.843000,412.1052405852696,999
2024-09-18 10:53:27.949000,412.1350524326492,1003
2024-09-18 10:53:27.961000,412.0959463815332,998
2024-09-18 10:53:27.989000,412.1003153201461,10
2024-09-18 10:53:28.210000,412.10994566315617,7
2024-09-18 10:53:28.230000,412.1196478789337,100
2024-09-18 10:53:28.276000,412.1121528154975,998
2024-09-18 10:53:28.297000,412.1379174984594,14
2024-09-18 10:53:28.311000,412.1038836253432,999
2024-09-18 10:53:28.505000,412.1187595510772,997
2024-09-18 10:53:28.731000,412.1139146020207,1001
2024-09-18 10:53:28.765000,412.1102210515649,99
2024-09-18 10:53:28.790000,412.10087182979095,13
2024-09-18 10:53:28.831000,412.09846919818966,1000
2024-09-18 10:53:28.858000,412.0911600346782,11
2024-09-18 10:53:29.048000,412.1029676986154,99
2024-09-18 10:53:29.064000,412.0986965591367,996
2024-09-18 10:53:29.067000,412.09022226581175,6
2024-09-18 10:53:29.153000,412.1250923876861,995
2024-09-18 10:53:29.217000,412.1094925513895,100
2024-09-18 10:53:29.263000,412.1247571021903,103
2024-09-18 10:53:29.292000,412.1131358656597,996
2024-09-18 10:53:29.332000,412.1174049182239,12
2024-09-18 10:53:29.340000,412.109648582778,1004
2024-09-18 10:53:29.341000,412.1130167051102,1002
2024-09-18 10:53:29.486000,412.0922982753696,103
2024-09-18 10:53:29.503000,412.0989524617132,100
2024-09-18 10:53:29.529000,412.11238868670114,13
2024-09-18 10:53:29.535000,412.09769690944,8
2024-09-18 10:53:29.594000,412.1036702142481,996
2024-09-18 10:53:29.663000,412.09423794325767,1005
2024-09-18 10:53:29.685000,412.10525915411984,9
2024-09-18 10:53:29.763000,412.1034263911966,12
2024-09-18 10:53:29.777000,412.11941130765166,95
2024-09-18 10:53:29.851000,412.114658500743,102
2024-09-18 10:53:29.863000,412.1120298410197,1005
2024-09-18 10:53:29.886000,412.0934879640354,996
2024-09-18 10:53:30.171000,412.1138409866905,997
2024-09-18 10:53:30.451000,412.1505749352813,15
2024-09-18 10:53:30.591000,412.1447974088265,97
2024-09-18 10:53:30.598000,412.1167697229552,5
2024-09-18 10:53:30.641000,412.10572256085874,104
2024-09-18 10:53:30.664000,412.1150071440469,5
2024-09-18 10:53:30.705000,412.1376040974014,13
2024-09-18 10:53:30.832000,412.14425886709,1002
2024-09-18 10:53:30.850000,412.1341138241693,97
2024-09-18 10:53:30.854000,412.1778881906647,5
2024-09-18 10:53:30.865000,412.1740064348427,100
2024-09-18 10:53:30.987000,412.1279268911,102
2024-09-18 10:53:31.010000,412.2335796150984,9
2024-09-18 10:53:31.014000,412.19651324165886,7
2024-09-18 10:53:31.021000,412.21818477048055,9
2024-09-18 10:53:31.028000,412.2412310149175,12
2024-09-18 10:53:31.045000,412.20215495618055,1002
2024-09-18 10:53:31.068000,412.1739488173089,97
2024-09-18 10:53:31.421000,412.19615054251545,1002
2024-09-18 10:53:31.456000,412.1754665904108,11
2024-09-18 10:53:31.559000,412.2221333823773,8
2024-09-18 10:53:31.595000,412.2084284811864,99
2024-09-18 10:53:31.664000,412.18439242650817,13
2024-09-18 10:53:31.705000,412.1818840644814,999
2024-09-18 10:53:31.822000,412.2129165251496,12
2024-09-18 10:53:31.842000,412.2280997221855,6
2024-09-18 10:53:31.856000,412.17620233791655,1000
2024-09-18 10:53:31.864000,412.2134750854016,9
2024-09-18 10:53:32.001000,412.2304097162952,6
2024-09-18 10:53:32.022000,412.2016318706234,1002
2024-09-18 10:53:32.042000,412.20535140097735,11
2024-09-18 10:53:32.259000,412.1775961768125,96
2024-09-18 10:53:32.280000,412.2267648164134,99
2024-09-18 10:53:32.293000,412.2017108201385,105
2024-09-18 10:53:32.310000,412.2092975944197,7
2024-09-18 10:53:32.333000,412.1998847771555,105
2024-09-18 10:53:32.404000,412.2188351653887,5
2024-09-18 10:53:32.423000,412.1672640470084,98
2024-09-18 10:53:32.450000,412.1851364280192,12
2024-09-18 10:53:32.453000,412.16864460308926,6
2024-09-18 10:53:32.462000,412.1780173557788,97
2024-09-18 10:53:32.465000,412.1669539288281,101
2024-09-18 10:53:32.552000,412.19107770727146,997
2024-09-18 10:53:32.569000,412.1951937505792,97
2024-09-18 10:53:32.575000,412.187118962547,98
2024-09-18 10:53:32.684000,412.178634117862,1003
2024-09-18 10:53:32.754000,412.1713697686177,12
2024-09-18 10:53:32.764000,412.24471595881386,96
2024-09-18 10:53:32.813000,412.19657454266496,995
2024-09-18 10:53:32.815000,412.223276846034,995
2024-09-18 10:53:32.816000,412.1692869423965,13
2024-09-18 10:53:32.840000,412.1776289977465,999
2024-09-18 10:53:32.876000,412.1884537684525,100
2024-09-18 10:53:32.882000,412.21602498344015,995
2024-09-18 10:53:32.886000,412.1977986697354,103
2024-09-18 10:53:32.950000,412.2237681818689,998
2024-09-18 10:53:32.961000,412.18571921559305,1005
2024-09-18 10:53:33.036000,412.1947010300349,99
2024-09-18 10:53:33.120000,412.1490812538984,6
2024-09-18 10:53:33.230000,412.1591205158135,11
2024-09-18 10:53:33.337000,412.1432846222041,95
2024-09-18 10:53:33.341000,412.2177039947875,1005
2024-09-18 10:53:33.441000,412.1927218705628,10
2024-09-18 10:53:33.448000,412.162345093889,102
2024-09-18 10:53:33.488000,412.1783227374843,104
2024-09-18 10:53:33.506000,412.20039237032734,103
2024-09-18 10:53:33.563000,412.1347806839896,104
2024-09-18 10:53:33.598000,412.15675656494057,97
2024-09-18 10:53:33.599000,412.2013099808033,9
2024-09-18 10:53:33.682000,412.1317655415796,105
2024-09-18 10:53:33.690000,412.2158435261956,95
2024-09-18 10:53:33.779000,412.1873845347382,7
2024-09-18 10:53:33.781000,412.1944731376695,100
2024-09-18 10:53:33.794000,412.15703841129033,100
2024-09-18 10:53:33.819000,412.19708847608206,6
2024-09-18 10:53:33.890000,412.19342129587153,998
2024-09-18 10:53:33.944000,412.179364889567,8
2024-09-18 10:53:34.002000,412.2347029416049,12
2024-09-18 10:53:34.025000,412.1770342263171,1001
2024-09-18 10:53:34.029000,412.1716996800164,1001
2024-09-18 10:53:34.146000,412.1753616214044,105
2024-09-18 10:53:34.294000,412.1708565315653,997
2024-09-18 10:53:34.358000,412.1965824966752,997
2024-09-18 10:53:34.359000,412.1976936231998,15
2024-09-18 10:53:34.375000,412.22487483382656,1005
2024-09-18 10:53:34.391000,412.1872787931858,96
2024-09-18 10:53:34.498000,412.1588499319489,14
2024-09-18 10:53:34.531000,412.1848497763903,14
2024-09-18 10:53:34.545000,412.1994433857369,997
2024-09-18 10:53:34.552000,412.1949482078325,14
2024-09-18 10:53:34.624000,412.2111606551564,100
2024-09-18 10:53:34.652000,412.19738451780296,14
2024-09-18 10:53:34.653000,412.206408777404,12
2024-09-18 10:53:34.728000,412.1751744622554,101
2024-09-18 10:53:34.738000,412.1426828374276,98
2024-09-18 10:53:34.743000,412.2094864229775,1002
2024-09-18 10:53:34.774000,412.18763438112944,1001
2024-09-18 10:53:34.789000,412.1626683307664,7
2024-09-18 10:53:34.804000,412.19586683509374,1003
2024-09-18 10:53:34.815000,412.2350485136457,98
2024-09-18 10:53:34.850000,412.16290618405,998
2024-09-18 10:53:34.963000,412.1664099926604,1003
2024-09-18 10:53:34.994000,412.1975465027468,103
2024-09-18 10:53:35.015000,412.1777239925359,8
2024-09-18 10:53:35.042000,412.1901660842007,96
2024-09-18 10:53:35.146000,412.1989392871928,105
2024-09-18 10:53:35.185000,412.1857076492104,105
2024-09-18 10:53:35.263000,412.1974966617759,1004
2024-09-18 10:53:35.275000,412.17316649083546,997
2024-09-18 10:53:35.312000,412.19621709154217,997
2024-09-18 10:53:35.493000,412.19208268260655,98
2024-09-18 10:53:35.498000,412.16407141143947,999
2024-09-18 10:53:35.502000,412.2091514645104,101
2024-09-18 10:53:35.555000,412.1805399023898,5
2024-09-18 10:53:35.609000,412.2048439041295,97
2024-09-18 10:53:35.692000,412.180750303855,996
2024-09-18 10:53:35.703000,412.1682150094427,14
2024-09-18 10:53:35.730000,412.19706910700046,9
2024-09-18 10:53:35.781000,412.1708485213408,1002
2024-09-18 10:53:36.004000,412.2306434446287,13
2024-09-18 10:53:36.089000,412.17157750716416,101
2024-09-18 10:53:36.178000,412.2728798229603,1002
2024-09-18 10:53:36.223000,412.257458863545,103
2024-09-18 10:53:36.255000,412.1795712666266,1002
2024-09-18 10:53:36.270000,412.2722085118327,14
2024-09-18 10:53:36.299000,412.2727548863327,99
2024-09-18 10:53:36.304000,412.2062024645037,97
2024-09-18 10:53:36.370000,412.1795088786963,1000
2024-09-18 10:53:36.374000,412.18757254564935,15
2024-09-18 10:53:36.435000,412.2556664809407,7
2024-09-18 10:53:36.459000,412.23601267540784,101
2024-09-18 10:53:36.476000,412.1676444406742,1003
2024-09-18 10:53:36.562000,412.287862946352,998
2024-09-18 10:53:36.621000,412.26606607549775,9
2024-09-18 10:53:36.821000,412.21070199816654,96
2024-09-18 10:53:36.871000,412.1633964815739,996
2024-09-18 10:53:37.041000,412.2274050564045,998
2024-09-18 10:53:37.048000,412.2397494679868,12
2024-09-18 10:53:37.145000,412.2454514738063,7
2024-09-18 10:53:37.187000,412.2280527486725,998
2024-09-18 10:53:37.234000,412.217801260074,13
2024-09-18 10:53:37.277000,412.2199281994062,9
2024-09-18 10:53:37.283000,412.21661380216665,10
2024-09-18 10:53:37.360000,412.2506951602362,7
2024-09-18 10:53:37.380000,412.22859406224745,14
2024-09-18 10:53:37.582000,412.20998495457934,8
2024-09-18 10:53:37.787000,412.2449079286975,10
2024-09-18 10:53:37.800000,412.2211346660025,13
2024-09-18 10:53:37.926000,412.2289929988552,102
2024-09-18 10:53:38.011000,412.2348479584657,100
2024-09-18 10:53:38.019000,412.3201045221672,995
2024-09-18 10:53:38.110000,412.28087818056633,996
2024-09-18 10:53:38.151000,412.2376326913268,997
2024-09-18 10:53:38.171000,412.3075608305249,104
2024-09-18 10:53:38.173000,412.2617967717915,98
2024-09-18 10:53:38.200000,412.23283188462926,996
2024-09-18 10:53:38.347000,412.28756846325615,15
2024-09-18 10:53:38.351000,412.2400785398463,13
2024-09-18 10:53:38.373000,412.2478058735493,97
2024-09-18 10:53:38.403000,412.267941100621,999
2024-09-18 10:53:38.447000,412.3058377169801,104
2024-09-18 10:53:38.541000,412.2744742301708,98
2024-09-18 10:53:38.546000,412.2323275995332,1003
2024-09-18 10:53:38.600000,412.2602251975831,101
2024-09-18 10:53:38.605000,412.257726232727,103
2024-09-18 10:53:38.678000,412.26954602438826,96
2024-09-18 10:53:38.703000,412.2528081608923,95
2024-09-18 10:53:38.765000,412.2946664591912,15
2024-09-18 10:53:38.806000,412.25728189817033,999
2024-09-18 10:53:38.842000,412.3039466602241,7
2024-09-18 10:53:38.923000,412.24818371513504,95
2024-09-18 10:53:38.985000,412.32537689152,997
2024-09-18 10:53:39.093000,412.3129002547964,1003
2024-09-18 10:53:39.363000,412.3246050144252,9
2024-09-18 10:53:39.393000,412.3529624273553,99
2024-09-18 10:53:39.479000,412.3289438335439,5
2024-09-18 10:53:39.733000,412.3242680450135,1004
2024-09-18 10:53:39.772000,412.3260499997781,999
2024-09-18 10:53:39.824000,412.3796174903938,14
2024-09-18 10:53:39.833000,412.3670331030973,1004
2024-09-18 10:53:39.911000,412.33250281714686,1000
2024-09-18 10:53:40.245000,412.3700163115909,996
2024-09-18 10:53:40.331000,412.42077970402966,7
2024-09-18 10:53:40.401000,412.40181273972456,7
2024-09-18 10:53:40.494000,412.34983750149087,6
2024-09-18 10:53:40.840000,412.36282909731176,104
2024-09-18 10:53:40.844000,412.4049489686281,12
2024-09-18 10:53:40.855000,412.3729777112952,997
2024-09-18 10:53:40.925000,412.3585041360459,14
2024-09-18 10:53:40.927000,412.3689156976616,13
2024-09-18 10:53:41.003000,412.466070301861,102
2024-09-18 10:53:41.013000,412.3967100104626,11
2024-09-18 10:53:41.021000,412.4350523517815,6
2024-09-18 10:53:41.030000,412.4783716557964,99
2024-09-18 10:53:41.089000,412.3976030453512,1003
2024-09-18 10:53:41.116000,412.3856680983653,997
2024-09-18 10:53:41.129000,412.42645331543736,996
2024-09-18 10:53:41.173000,412.3848695467641,7
2024-09-18 10:53:41.255000,412.3858147863355,1003
2024-09-18 10:53:41.259000,412.3938219957398,1005
2024-09-18 10:53:41.339000,412.465507816301,99
2024-09-18 10:53:41.376000,412.4065623315487,7
2024-09-18 10:53:41.378000,412.4291809219205,98
2024-09-18 10:53:41.388000,412.4618938921903,15
2024-09-18 10:53:41.411000,412.46765188931073,101
2024-09-18 10:53:41.524000,412.3849318077599,12
2024-09-18 10:53:41.532000,412.44080770338473,104
2024-09-18 10:53:41.534000,412.4573553519276,1002
2024-09-18 10:53:41.578000,412.3782794512501,99
2024-09-18 10:53:41.621000,412.4089960825614,100
2024-09-18 10:53:41.624000,412.4151224717552,1000
2024-09-18 10:53:41.643000,412.4425303062684,95
2024-09-18 10:53:41.652000,412.4173428975077,11
2024-09-18 10:53:41.684000,412.3927135012718,1000
2024-09-18 10:53:41.729000,412.3898180835397,1000
2024-09-18 10:53:41.741000,412.4796594998425,7
2024-09-18 10:53:41.781000,412.382065957744,1003
2024-09-18 10:53:41.851000,412.3978940255871,96
2024-09-18 10:53:41.892000,412.4471964284375,1003
2024-09-18 10:53:41.964000,412.4329681860852,5
2024-09-18 10:53:42.122000,412.4529244201393,14
2024-09-18 10:53:42.139000,412.394309083894,103
2024-09-18 10:53:42.371000,412.4191197483576,105
2024-09-18 10:53:42.481000,412.3930142585606,103
2024-09-18 10:53:42.533000,412.4677256220302,103
2024-09-18 10:53:42.562000,412.4431931309963,1001
2024-09-18 10:53:42.587000,412.4295290569719,10
2024-09-18 10:53:42.673000,412.39540914668754,6
2024-09-18 10:53:42.683000,412.4271527203904,10
2024-09-18 10:53:42.691000,412.394363579552,8
2024-09-18 10:53:42.924000,412.3812667742477,96
2024-09-18 10:53:42.951000,412.3998052087989,12
2024-09-18 10:53:43.050000,412.40309569167135,8
2024-09-18 10:53:43.074000,412.3481761095526,8
2024-09-18 10:53:43.110000,412.3733150862804,101
2024-09-18 10:53:43.127000,412.39078239771567,98
2024-09-18 10:53:43.136000,412.3717537589727,11
2024-09-18 10:53:43.197000,412.3796521522818,996
2024-09-18 10:53:43.203000,412.3687461149906,96
2024-09-18 10:53:43.292000,412.3585634007072,998
2024-09-18 10:53:43.386000,412.38344296089633,101
2024-09-18 10:53:43.517000,412.36063372333456,10
2024-09-18 10:53:43.528000,412.3653891965138,7
2024-09-18 10:53:43.529000,412.4013930308004,6
2024-09-18 10:53:43.643000,412.3607875366708,1002
2024-09-18 10:53:43.643000,412.3671969586969,8
2024-09-18 10:53:43.644000,412.399725770639,101
2024-09-18 10:53:43.666000,412.3503243075009,999
2024-09-18 10:53:43.739000,412.3646120191698,995
2024-09-18 10:53:43.757000,412.3683302435589,98
2024-09-18 10:53:43.791000,412.3806381157013,997
2024-09-18 10:53:43.792000,412.3515689533881,13
2024-09-18 10:53:43.815000,412.3524522284032,998
2024-09-18 10:53:43.817000,412.3613599783518,1005
2024-09-18 10:53:43.830000,412.3801102947485,997
2024-09-18 10:53:43.890000,412.3625399660783,1003
2024-09-18 10:53:43.940000,412.38050740086686,1004
2024-09-18 10:53:44.113000,412.3422252719391,95
2024-09-18 10:53:44.133000,412.3516931437559,997
2024-09-18 10:53:44.198000,412.3457119847768,103
2024-09-18 10:53:44.200000,412.3482850234923,98
2024-09-18 10:53:44.321000,412.35948578636845,99
2024-09-18 10:53:44.346000,412.3562323472289,102
2024-09-18 10:53:44.370000,412.32841535905067,998
2024-09-18 10:53:44.424000,412.35836432168793,100
2024-09-18 10:53:44.455000,412.3634093539901,11
2024-09-18 10:53:44.651000,412.304121617502,102
2024-09-18 10:53:44.771000,412.37810961514543,12
2024-09-18 10:53:44.789000,412.3008294421736,96
2024-09-18 10:53:44.868000,412.35641358521866,96
2024-09-18 10:53:44.879000,412.3654698712047,1000
2024-09-18 10:53:44.934000,412.3037911646623,1000
2024-09-18 10:53:44.937000,412.3797082863068,1002
2024-09-18 10:53:44.938000,412.3472232995192,100
2024-09-18 10:53:44.938000,412.3617590214109,9
2024-09-18 10:53:44.959000,412.3483056635404,104
2024-09-18 10:53:45.084000,412.2142897349362,1003
2024-09-18 10:53:45.092000,412.2288815793264,96
2024-09-18 10:53:45.105000,412.2210090954649,102
2024-09-18 10:53:45.184000,412.2729056324005,1001
2024-09-18 10:53:45.266000,412.2446608997333,1001
2024-09-18 10:53:45.271000,412.251751867894,102
2024-09-18 10:53:45.323000,412.2614778995471,1000
2024-09-18 10:53:45.449000,412.2578640367604,99
2024-09-18 10:53:45.475000,412.2758844729309,102
2024-09-18 10:53:45.491000,412.29850984486967,10
2024-09-18 10:53:45.614000,412.2368845014452,8
2024-09-18 10:53:45.619000,412.2971620680742,95
2024-09-18 10:53:45.633000,412.245713839032,1002
2024-09-18 10:53:45.816000,412.2533858013479,11
2024-09-18 10:53:45.971000,412.2901179974604,6
2024-09-18 10:53:46.062000,412.2028769369373,103
2024-09-18 10:53:46.092000,412.2331633042036,1003
2024-09-18 10:53:46.195000,412.1804938715307,11
2024-09-18 10:53:46.216000,412.219835840246,101
2024-09-18 10:53:46.304000,412.20959208243744,997
2024-09-18 10:53:46.316000,412.1820334116448,997
2024-09-18 10:53:46.417000,412.2224297601029,13
2024-09-18 10:53:46.572000,412.24294128001776,7
2024-09-18 10:53:46.674000,412.2491682113285,98
2024-09-18 10:53:46.705000,412.21757564827095,100
2024-09-18 10:53:46.840000,412.2227172766581,8
2024-09-18 10:53:46.878000,412.1968630983083,102
2024-09-18 10:53:46.934000,412.2572561666312,1000
2024-09-18 10:53:47.333000,412.1748016278421,1000
2024-09-18 10:53:47.592000,412.1805801302489,997
2024-09-18 10:53:48.033000,412.11306858376224,14
2024-09-18 10:53:48.156000,412.1835895957789,99
2024-09-18 10:53:48.278000,412.1897101955836,10
2024-09-18 10:53:48.331000,412.1098182335058,996
2024-09-18 10:53:48.341000,412.1079106153491,995
2024-09-18 10:53:48.361000,412.1864569553603,96
2024-09-18 10:53:48.366000,412.1411476713057,12
2024-09-18 10:53:48.390000,412.1054048394944,98
2024-09-18 10:53:48.399000,412.1212946912384,98
2024-09-18 10:53:48.424000,412.1881033033594,97
2024-09-18 10:53:48.427000,412.10900719864287,5
2024-09-18 10:53:48.435000,412.107005171177,102
2024-09-18 10:53:48.443000,412.2065328412424,1004
2024-09-18 10:53:48.476000,412.12188510954087,102
2024-09-18 10:53:48.517000,412.1746228002617,102
2024-09-18 10:53:48.529000,412.1078681709156,97
2024-09-18 10:53:48.583000,412.2035972119673,1005
2024-09-18 10:53:48.594000,412.172598231774,105
2024-09-18 10:53:48.649000,412.18140106263394,8
2024-09-18 10:53:48.715000,412.1170274928916,99
2024-09-18 10:53:48.771000,412.19242919310136,102
2024-09-18 10:53:48.784000,412.203221805386,1001
2024-09-18 10:53:48.838000,412.11849493734417,9
2024-09-18 10:53:48.894000,412.21219015224966,1004
2024-09-18 10:53:48.918000,412.1054995754741,997
2024-09-18 10:53:48.959000,412.1257483796613,105
2024-09-18 10:53:49.287000,412.0935783611448,14
2024-09-18 10:53:49.297000,412.077142746029,96
2024-09-18 10:53:49.349000,412.10147451093934,10
2024-09-18 10:53:49.349000,412.1040849763712,996
2024-09-18 10:53:49.438000,412.1097391606672,1000
2024-09-18 10:53:49.552000,412.1137128080544,5
2024-09-18 10:53:49.568000,412.1057757754404,15
2024-09-18 10:53:49.570000,412.1133704943396,1003
2024-09-18 10:53:49.701000,412.10698329622153,96
2024-09-18 10:53:49.705000,412.0776843479184,102
2024-09-18 10:53:49.843000,412.1077980151506,1003
2024-09-18 10:53:49.853000,412.1252752553142,100
2024-09-18 10:53:49.858000,412.1177868326752,102
2024-09-18 10:53:49.931000,412.079554206595,1004
2024-09-18 10:53:49.946000,412.109021272258,7
2024-09-18 10:53:50.017000,412.087969617768,14
2024-09-18 10:53:50.033000,412.08412099655806,8
2024-09-18 10:53:50.135000,412.09231915981417,998
2024-09-18 10:53:50.205000,412.0708059524802,7
2024-09-18 10:53:50.289000,412.0845683247381,12
2024-09-18 10:53:50.400000,412.0794668683068,96
2024-09-18 10:53:50.442000,412.0804604186266,1005
2024-09-18 10:53:50.461000,412.1326216635706,1002
2024-09-18 10:53:50.465000,412.0320534225618,1001
2024-09-18 10:53:50.549000,412.1264843620673,97
2024-09-18 10:53:50.568000,412.1254890087338,999
2024-09-18 10:53:50.646000,412.0893504269292,6
2024-09-18 10:53:50.656000,412.041868845508,997
2024-09-18 10:53:50.679000,412.0611153047286,102
2024-09-18 10:53:50.719000,412.0725620447486,1003
2024-09-18 10:53:50.733000,412.0475040306438,999
2024-09-18 10:53:50.756000,412.026588534134,5
2024-09-18 10:53:50.758000,412.09591593618194,11
2024-09-18 10:53:50.759000,412.081627025772,15
2024-09-18 10:53:50.795000,412.0773033983971,10
2024-09-18 10:53:50.818000,412.061619673092,6
2024-09-18 10:53:50.826000,412.1206153631661,1003
2024-09-18 10:53:50.831000,412.1054982606968,9
2024-09-18 10:53:50.939000,412.0678396148267,6
2024-09-18 10:53:50.944000,412.0668311705613,97
2024-09-18 10:53:50.991000,412.030658264597,6
2024-09-18 10:53:51.033000,412.06779263281214,101
2024-09-18 10:53:51.105000,412.0556095241757,105
2024-09-18 10:53:51.130000,412.066839281114,101
2024-09-18 10:53:51.364000,412.0591054204229,101
2024-09-18 10:53:51.782000,412.0963937979707,5
2024-09-18 10:53:52.183000,412.04105908703474,104
2024-09-18 10:53:52.231000,412.050059958748,14
2024-09-18 10:53:52.239000,412.0631406535777,8
2024-09-18 10:53:52.275000,412.0348883622904,97
2024-09-18 10:53:52.320000,412.08858878208224,12
2024-09-18 10:53:52.333000,412.0536278324139,1000
2024-09-18 10:53:52.339000,412.0416498264317,99
2024-09-18 10:53:52.429000,412.071570576697,1005
2024-09-18 10:53:52.601000,412.0486023107695,7
2024-09-18 10:53:52.650000,412.0463286655893,999
2024-09-18 10:53:52.650000,412.046784897983,1000
2024-09-18 10:53:52.666000,412.0315940947137,14
2024-09-18 10:53:52.731000,412.07256454642265,8
2024-09-18 10:53:52.767000,412.04371536123966,12
2024-09-18 10:53:52.812000,412.0698044604583,997
2024-09-18 10:53:52.815000,412.068897756338,1003
2024-09-18 10:53:52.833000,412.0592192333833,104
2024-09-18 10:53:52.937000,412.07030744047535,998
2024-09-18 10:53:53.057000,412.04053143255896,101
2024-09-18 10:53:53.444000,412.0282219461183,1002
2024-09-18 10:53:54.042000,412.0162359785711,96
2024-09-18 10:53:54.110000,412.02267167346514,995
2024-09-18 10:53:54.137000,412.0254590978377,999
2024-09-18 10:53:54.201000,412.0602556736985,100
2024-09-18 10:53:54.231000,412.0085827018067,5
2024-09-18 10:53:54.429000,412.0324950007,9
2024-09-18 10:53:54.430000,412.0201407662208,8
2024-09-18 10:53:54.581000,412.0123373526861,97
2024-09-18 10:53:54.596000,412.0086055090821,999
2024-09-18 10:53:54.619000,412.0183491146336,95
2024-09-18 10:53:54.704000,412.0177755169375,1005
2024-09-18 10:53:54.706000,412.0202385087596,99
2024-09-18 10:53:54.834000,412.02779053662937,105
2024-09-18 10:53:54.851000,412.02851412389407,14
2024-09-18 10:53:54.980000,412.0252136739689,1002
2024-09-18 10:53:54.986000,412.0584698618088,105
2024-09-18 10:53:55.099000,412.1139612405688,95
2024-09-18 10:53:55.122000,412.07810659507135,6
2024-09-18 10:53:55.162000,412.10891782395134,96
2024-09-18 10:53:55.275000,412.1286877493683,999
2024-09-18 10:53:55.299000,412.1030532930742,105
2024-09-18 10:53:55.317000,412.0907898148988,15
2024-09-18 10:53:55.423000,412.0737843255175,1000
2024-09-18 10:53:55.468000,412.08429648262586,1002
2024-09-18 10:53:55.485000,412.09531517572594,99
2024-09-18 10:53:55.502000,412.0931562710176,96
2024-09-18 10:53:55.541000,412.08899338110274,11
2024-09-18 10:53:55.628000,412.1004920910332,10
2024-09-18 10:53:55.637000,412.09049903996686,15
2024-09-18 10:53:55.662000,412.0690150864752,98
2024-09-18 10:53:55.694000,412.0751410909583,1003
2024-09-18 10:53:55.709000,412.08793245242623,999
2024-09-18 10:53:55.740000,412.07023615142367,96
2024-09-18 10:53:55.766000,412.0946786174745,13
2024-09-18 10:53:55.783000,412.0767667082063,12
2024-09-18 10:53:55.790000,412.1298693227711,995
2024-09-18 10:53:55.855000,412.114310968312,995
2024-09-18 10:53:55.871000,412.09878213969233,101
2024-09-18 10:53:55.884000,412.1039455488439,98
2024-09-18 10:53:55.923000,412.09127650775736,103
2024-09-18 10:53:56.124000,412.1258385618585,15
2024-09-18 10:53:56.511000,412.1453731912264,96
2024-09-18 10:53:57.061000,412.2229502358245,97
2024-09-18 10:53:57.173000,412.20657991066287,998
2024-09-18 10:53:57.342000,412.264745368005,1003
2024-09-18 10:53:57.353000,412.2359407006151,100
2024-09-18 10:53:57.473000,412.1840679943455,7
2024-09-18 10:53:57.637000,412.1732155216928,1004
2024-09-18 10:53:57.716000,412.22366672188207,999
2024-09-18 10:53:57.720000,412.2095304068975,6
2024-09-18 10:53:57.885000,412.23988365261886,10
2024-09-18 10:53:57.918000,412.2058977585425,102
2024-09-18 10:53:57.929000,412.2766308704919,1005
2024-09-18 10:53:58.322000,412.25335865350826,95
2024-09-18 10:53:58.340000,412.25509176536747,104
2024-09-18 10:53:58.711000,412.2654502716152,99
2024-09-18 10:53:58.758000,412.2699994503466,9
2024-09-18 10:53:58.829000,412.24889258478345,97
2024-09-18 10:53:58.940000,412.2779029843833,10
2024-09-18 10:53:58.998000,412.2612849057719,1005
2024-09-18 10:53:59.010000,412.3300824001411,100
2024-09-18 10:53:59.034000,412.3149862072861,9
2024-09-18 10:53:59.125000,412.3285631082736,97
2024-09-18 10:53:59.209000,412.3344867810176,1003
2024-09-18 10:53:59.239000,412.2686735301574,995
2024-09-18 10:53:59.267000,412.2908849154176,6
2024-09-18 10:53:59.273000,412.27556838869657,995
2024-09-18 10:53:59.282000,412.27316403626486,1000
2024-09-18 10:53:59.286000,412.3218775730143,995
2024-09-18 10:53:59.337000,412.2633777688812,1003
2024-09-18 10:53:59.372000,412.3306369156565,101
2024-09-18 10:53:59.444000,412.3276969598208,998
2024-09-18 10:53:59.446000,412.31640729940585,104
2024-09-18 10:53:59.513000,412.3004938167473,13
2024-09-18 10:53:59.524000,412.2611802069831,96
2024-09-18 10:53:59.533000,412.2688053138258,96
2024-09-18 10:53:59.572000,412.3186797649034,11
2024-09-18 10:53:59.583000,412.335745815957,997
2024-09-18 10:53:59.586000,412.2682040780056,996
2024-09-18 10:53:59.609000,412.26695422827294,96
2024-09-18 10:53:59.687000,412.299603526452,7
2024-09-18 10:53:59.688000,412.296664665597,9
2024-09-18 10:53:59.784000,412.3371495505066,105
2024-09-18 10:53:59.828000,412.3170070532184,6
