Timestamp,Price,Size
2024-09-17 12:59:00.081000,406.05546385566674,998
2024-09-17 12:59:00.132000,406.1144854862376,1005
2024-09-17 12:59:00.175000,406.0424208649577,96
2024-09-17 12:59:00.242000,406.1288667200448,999
2024-09-17 12:59:00.260000,406.03040437589175,1000
2024-09-17 12:59:00.265000,406.07685644758334,97
2024-09-17 12:59:00.370000,406.1351902583255,10
2024-09-17 12:59:00.637000,406.1005760865439,96
2024-09-17 12:59:00.783000,406.0735743256422,8
2024-09-17 12:59:00.802000,406.0636761376604,9
2024-09-17 12:59:00.870000,406.0395696384816,1004
2024-09-17 12:59:01.009000,406.1232493188387,998
2024-09-17 12:59:01.167000,406.1316265596504,9
2024-09-17 12:59:01.182000,406.1108418955519,11
2024-09-17 12:59:01.222000,406.12319950401576,95
2024-09-17 12:59:01.286000,406.1159801677034,97
2024-09-17 12:59:01.518000,406.1290965564551,8
2024-09-17 12:59:01.525000,406.1191548855617,1000
2024-09-17 12:59:01.536000,406.1176280991161,6
2024-09-17 12:59:01.553000,406.1128087034508,995
2024-09-17 12:59:01.563000,406.12229164192325,97
2024-09-17 12:59:01.625000,406.10392351905335,101
2024-09-17 12:59:01.662000,406.126377481654,13
2024-09-17 12:59:01.778000,406.1083391366671,995
2024-09-17 12:59:01.803000,406.1197458272425,997
2024-09-17 12:59:01.900000,406.1463368839416,12
2024-09-17 12:59:01.909000,406.1382809298437,7
2024-09-17 12:59:01.932000,406.12373106107344,13
2024-09-17 12:59:01.932000,406.1107747339776,12
2024-09-17 12:59:02.073000,406.1276270925507,14
2024-09-17 12:59:02.084000,406.1142067026543,9
2024-09-17 12:59:02.134000,406.137913583322,104
2024-09-17 12:59:02.157000,406.1290418060798,98
2024-09-17 12:59:02.263000,406.1373149556981,5
2024-09-17 12:59:02.373000,406.1218027794976,101
2024-09-17 12:59:02.419000,406.1070320523736,101
2024-09-17 12:59:02.426000,406.1235225075656,14
2024-09-17 12:59:02.540000,406.1206762828828,10
2024-09-17 12:59:02.540000,406.1108456090307,1001
2024-09-17 12:59:02.547000,406.12795491474617,1001
2024-09-17 12:59:02.553000,406.11289091006097,11
2024-09-17 12:59:02.570000,406.1130727687551,12
2024-09-17 12:59:02.786000,406.1126150870373,996
2024-09-17 12:59:03.031000,406.087532522732,996
2024-09-17 12:59:03.146000,406.0854348646768,995
2024-09-17 12:59:03.224000,406.0873911616934,95
2024-09-17 12:59:03.245000,406.0830703972436,6
2024-09-17 12:59:03.293000,406.0514978975186,998
2024-09-17 12:59:03.352000,406.0808553588572,98
2024-09-17 12:59:03.382000,406.09061720500017,1005
2024-09-17 12:59:03.436000,406.09170412290354,15
2024-09-17 12:59:03.439000,406.1112185292277,12
2024-09-17 12:59:03.487000,406.078716463541,98
2024-09-17 12:59:03.512000,406.0910467878287,10
2024-09-17 12:59:03.518000,406.0766361693545,5
2024-09-17 12:59:03.594000,406.062429180428,99
2024-09-17 12:59:03.625000,406.0603346118511,6
2024-09-17 12:59:03.653000,406.0497549257915,97
2024-09-17 12:59:03.687000,406.1004544937168,97
2024-09-17 12:59:03.739000,406.0560405253687,999
2024-09-17 12:59:03.769000,406.0992043420114,96
2024-09-17 12:59:03.787000,406.0921720225023,6
2024-09-17 12:59:03.870000,406.0691682755504,12
2024-09-17 12:59:03.898000,406.067005478032,1003
2024-09-17 12:59:03.948000,406.10953490519154,13
2024-09-17 12:59:03.954000,406.05930917220536,6
2024-09-17 12:59:03.954000,406.086774072684,95
2024-09-17 12:59:03.962000,406.096357927452,5
2024-09-17 12:59:04.236000,406.0981593309424,997
2024-09-17 12:59:04.260000,406.0865481033208,11
2024-09-17 12:59:04.299000,406.1150438481062,104
2024-09-17 12:59:04.323000,406.0844050493624,998
2024-09-17 12:59:04.481000,406.081766353846,99
2024-09-17 12:59:04.495000,406.0702716246868,8
2024-09-17 12:59:04.571000,406.0797687515836,15
2024-09-17 12:59:05.048000,406.1370286202656,13
2024-09-17 12:59:05.049000,406.1664367543237,1004
2024-09-17 12:59:05.053000,406.1066488010583,1000
2024-09-17 12:59:05.085000,406.10143764882406,10
2024-09-17 12:59:05.098000,406.14359634463545,14
2024-09-17 12:59:05.135000,406.1171983974172,98
2024-09-17 12:59:05.162000,406.0993083459824,99
2024-09-17 12:59:05.181000,406.1587222663633,1004
2024-09-17 12:59:05.234000,406.0942517439378,1002
2024-09-17 12:59:05.266000,406.1540399298065,8
2024-09-17 12:59:05.267000,406.1500776695227,996
2024-09-17 12:59:05.289000,406.1096754564304,14
2024-09-17 12:59:05.298000,406.09584540196994,99
2024-09-17 12:59:05.364000,406.11809896229767,1000
2024-09-17 12:59:05.507000,406.13623001764313,98
2024-09-17 12:59:05.587000,406.1581081816252,996
2024-09-17 12:59:05.616000,406.0923441396448,1002
2024-09-17 12:59:05.734000,406.1679934507182,97
2024-09-17 12:59:05.791000,406.15763595971214,1000
2024-09-17 12:59:05.937000,406.1612847603732,96
2024-09-17 12:59:05.943000,406.1151708137223,95
2024-09-17 12:59:05.983000,406.13781792504153,98
2024-09-17 12:59:06.117000,406.0913372206382,996
2024-09-17 12:59:06.289000,406.10694762130726,997
2024-09-17 12:59:06.394000,406.1070407129819,14
2024-09-17 12:59:06.420000,406.0912827865733,96
2024-09-17 12:59:06.443000,406.0961039991501,14
2024-09-17 12:59:06.528000,406.1120359012483,104
2024-09-17 12:59:06.573000,406.08619017899554,99
2024-09-17 12:59:06.604000,406.1057555074028,1005
2024-09-17 12:59:06.635000,406.08150202698886,101
2024-09-17 12:59:06.781000,406.1081492193479,103
2024-09-17 12:59:06.857000,406.1200212849765,105
2024-09-17 12:59:06.876000,406.119528998311,97
2024-09-17 12:59:06.956000,406.1024263793916,95
2024-09-17 12:59:07.006000,406.13793973006,1002
2024-09-17 12:59:07.014000,406.0767920382839,99
2024-09-17 12:59:07.022000,406.1390964447139,12
2024-09-17 12:59:07.206000,406.0999027232096,99
2024-09-17 12:59:07.318000,406.1318232441264,8
2024-09-17 12:59:07.329000,406.1418828003857,10
2024-09-17 12:59:07.397000,406.1182809703707,8
2024-09-17 12:59:07.440000,406.134127173077,96
2024-09-17 12:59:07.485000,406.1404953064484,999
2024-09-17 12:59:07.574000,406.1062185458384,14
2024-09-17 12:59:07.598000,406.0828849292947,98
2024-09-17 12:59:07.657000,406.15000093820936,1000
2024-09-17 12:59:07.658000,406.1452531108018,13
2024-09-17 12:59:07.759000,406.1322190828988,98
2024-09-17 12:59:07.827000,406.1078555222488,996
2024-09-17 12:59:07.900000,406.1200092611528,99
2024-09-17 12:59:08.022000,406.1594332416967,12
2024-09-17 12:59:08.054000,406.1529276302337,104
2024-09-17 12:59:08.074000,406.1372338010984,6
2024-09-17 12:59:08.104000,406.1655116403147,104
2024-09-17 12:59:08.126000,406.171417945828,999
2024-09-17 12:59:08.151000,406.18589015869406,11
2024-09-17 12:59:08.216000,406.15801984541497,1003
2024-09-17 12:59:08.338000,406.14161103090873,14
2024-09-17 12:59:08.443000,406.1402125048831,5
2024-09-17 12:59:08.450000,406.1576220750219,1005
2024-09-17 12:59:08.462000,406.13656262142746,9
2024-09-17 12:59:08.528000,406.1295369378509,96
2024-09-17 12:59:08.590000,406.13336311213646,6
2024-09-17 12:59:08.604000,406.1692064043795,99
2024-09-17 12:59:08.715000,406.1484388894248,102
2024-09-17 12:59:08.798000,406.1669108060797,5
2024-09-17 12:59:08.824000,406.1311492456492,999
2024-09-17 12:59:08.834000,406.1576171485162,6
2024-09-17 12:59:08.884000,406.1566398062236,12
2024-09-17 12:59:08.936000,406.16831008531176,102
2024-09-17 12:59:08.938000,406.1734873484097,996
2024-09-17 12:59:08.971000,406.1535383309841,13
2024-09-17 12:59:09.082000,406.1737468949317,14
2024-09-17 12:59:09.177000,406.147755060533,11
2024-09-17 12:59:09.212000,406.1450375572102,10
2024-09-17 12:59:09.244000,406.17365129291966,7
2024-09-17 12:59:09.278000,406.1755875286907,105
2024-09-17 12:59:09.284000,406.1361975521341,100
2024-09-17 12:59:09.320000,406.1536294032694,1000
2024-09-17 12:59:09.355000,406.15922325788966,104
2024-09-17 12:59:09.358000,406.17951489087824,15
2024-09-17 12:59:09.367000,406.1849311157705,95
2024-09-17 12:59:09.394000,406.13058735113776,13
2024-09-17 12:59:09.405000,406.1579932614872,97
2024-09-17 12:59:09.466000,406.1599360477713,1000
2024-09-17 12:59:09.478000,406.1643857641768,997
2024-09-17 12:59:09.538000,406.1454567135895,96
2024-09-17 12:59:09.552000,406.1555014383176,103
2024-09-17 12:59:09.581000,406.1206772481031,999
2024-09-17 12:59:09.621000,406.18022185304864,995
2024-09-17 12:59:09.656000,406.15835453105007,95
2024-09-17 12:59:09.706000,406.1355751952571,98
2024-09-17 12:59:09.758000,406.1702322738769,96
2024-09-17 12:59:09.791000,406.1792493823389,102
2024-09-17 12:59:09.804000,406.14828889296,1004
2024-09-17 12:59:09.828000,406.1223337325817,1002
2024-09-17 12:59:09.885000,406.1439562370585,10
2024-09-17 12:59:09.921000,406.1470613159972,10
2024-09-17 12:59:09.922000,406.15920060493,8
2024-09-17 12:59:09.941000,406.1540314042135,1002
2024-09-17 12:59:09.960000,406.14047820031305,10
2024-09-17 12:59:11.740000,406.1628458348814,10
2024-09-17 12:59:12.017000,406.14180507646506,1005
2024-09-17 12:59:12.093000,406.1220794177826,1000
2024-09-17 12:59:12.116000,406.1940857732752,13
2024-09-17 12:59:12.183000,406.1922260790634,1000
2024-09-17 12:59:12.274000,406.17747044191873,5
2024-09-17 12:59:12.275000,406.1716247126049,102
2024-09-17 12:59:12.473000,406.1609182299856,13
2024-09-17 12:59:12.495000,406.1790829813859,6
2024-09-17 12:59:12.499000,406.1306877331178,98
2024-09-17 12:59:12.558000,406.1646253295716,998
2024-09-17 12:59:12.597000,406.14432202441753,100
2024-09-17 12:59:12.615000,406.1885970269687,998
2024-09-17 12:59:12.619000,406.1395036145905,102
2024-09-17 12:59:12.664000,406.18358673563336,100
2024-09-17 12:59:12.675000,406.1786514344798,102
2024-09-17 12:59:12.748000,406.1874167729086,998
2024-09-17 12:59:12.772000,406.1469470462341,15
2024-09-17 12:59:12.809000,406.1753050430792,5
2024-09-17 12:59:12.847000,406.17690106648246,8
2024-09-17 12:59:12.920000,406.1691081960656,7
2024-09-17 12:59:12.954000,406.1983517603361,13
2024-09-17 12:59:12.963000,406.14416434633273,104
2024-09-17 12:59:13.016000,406.1896746843966,14
2024-09-17 12:59:13.057000,406.1762218362314,104
2024-09-17 12:59:13.186000,406.1823437807215,999
2024-09-17 12:59:13.228000,406.17473738579065,9
2024-09-17 12:59:13.411000,406.18623423101496,103
2024-09-17 12:59:13.411000,406.1859524505096,995
2024-09-17 12:59:13.575000,406.2071812962109,1001
2024-09-17 12:59:13.581000,406.1997025225081,1003
2024-09-17 12:59:13.625000,406.1970623488667,104
2024-09-17 12:59:13.815000,406.1908602701282,105
2024-09-17 12:59:13.904000,406.202269639352,11
2024-09-17 12:59:14.057000,406.2212949570508,1002
2024-09-17 12:59:14.060000,406.2027903966785,5
2024-09-17 12:59:14.083000,406.2114505635979,103
2024-09-17 12:59:14.166000,406.20489646339513,105
2024-09-17 12:59:14.183000,406.2091429168565,999
2024-09-17 12:59:14.259000,406.19441589273913,1002
2024-09-17 12:59:14.310000,406.2001020748999,100
2024-09-17 12:59:14.414000,406.2022418247778,15
2024-09-17 12:59:14.417000,406.20013298287256,99
2024-09-17 12:59:14.434000,406.19923642953546,104
2024-09-17 12:59:14.542000,406.1953104962229,105
2024-09-17 12:59:14.591000,406.2003359269572,103
2024-09-17 12:59:14.619000,406.2065196317375,13
2024-09-17 12:59:14.777000,406.2170695561121,1005
2024-09-17 12:59:14.954000,406.2115939314074,5
2024-09-17 12:59:15.103000,406.2375622140552,9
2024-09-17 12:59:16.029000,406.2507110128218,1004
2024-09-17 12:59:16.069000,406.2408680579037,7
2024-09-17 12:59:16.108000,406.2684736159127,103
2024-09-17 12:59:16.145000,406.25650288422594,13
2024-09-17 12:59:16.177000,406.248676241744,6
2024-09-17 12:59:16.254000,406.25871165646174,1001
2024-09-17 12:59:16.259000,406.2583279506915,7
2024-09-17 12:59:16.281000,406.24999844450775,8
2024-09-17 12:59:16.355000,406.2515719205584,96
2024-09-17 12:59:16.378000,406.2625981160929,98
2024-09-17 12:59:16.445000,406.231101342991,995
2024-09-17 12:59:16.479000,406.26891196705935,1003
2024-09-17 12:59:16.501000,406.2867620472609,12
2024-09-17 12:59:16.550000,406.2433609535131,13
2024-09-17 12:59:16.586000,406.2428751331876,997
2024-09-17 12:59:16.589000,406.23481808653366,104
2024-09-17 12:59:16.655000,406.2572510284089,6
2024-09-17 12:59:16.663000,406.2710633879235,6
2024-09-17 12:59:16.719000,406.26889263029295,15
2024-09-17 12:59:16.768000,406.25965808184577,98
2024-09-17 12:59:16.800000,406.2428902816143,97
2024-09-17 12:59:16.803000,406.2692982946315,14
2024-09-17 12:59:16.833000,406.25138161399934,96
2024-09-17 12:59:16.846000,406.2574050679722,14
2024-09-17 12:59:16.854000,406.2826461831307,9
2024-09-17 12:59:16.976000,406.25207347113167,1005
2024-09-17 12:59:16.997000,406.239738118352,104
2024-09-17 12:59:17.106000,406.3016763746829,1000
2024-09-17 12:59:17.115000,406.2930738217314,10
2024-09-17 12:59:17.256000,406.2843875015896,996
2024-09-17 12:59:17.280000,406.26903187653136,12
2024-09-17 12:59:17.448000,406.291792069386,1003
2024-09-17 12:59:17.509000,406.26378805785816,99
2024-09-17 12:59:17.533000,406.2912288904897,11
2024-09-17 12:59:17.606000,406.2730499135843,1005
2024-09-17 12:59:17.627000,406.3011032278909,14
2024-09-17 12:59:17.753000,406.24942070822607,9
2024-09-17 12:59:17.784000,406.2798845439274,14
2024-09-17 12:59:17.808000,406.2597063139844,101
2024-09-17 12:59:17.852000,406.2810851750649,1001
2024-09-17 12:59:17.905000,406.2750462064965,104
2024-09-17 12:59:17.929000,406.2968475690141,1003
2024-09-17 12:59:17.988000,406.2878330390701,996
2024-09-17 12:59:18.060000,406.3102914531132,13
2024-09-17 12:59:18.086000,406.32358382628337,996
2024-09-17 12:59:18.154000,406.3381660840892,14
2024-09-17 12:59:18.156000,406.29958462597074,5
2024-09-17 12:59:18.164000,406.2867756164542,1004
2024-09-17 12:59:18.232000,406.29978973606416,998
2024-09-17 12:59:18.236000,406.3071338157776,103
2024-09-17 12:59:18.294000,406.3124564656309,100
2024-09-17 12:59:18.299000,406.3113089294274,10
2024-09-17 12:59:18.310000,406.2915373861774,998
2024-09-17 12:59:18.339000,406.322147783254,95
2024-09-17 12:59:18.383000,406.2957971711248,99
2024-09-17 12:59:18.414000,406.3150487335329,101
2024-09-17 12:59:18.594000,406.3437961790207,10
2024-09-17 12:59:18.664000,406.2921379869315,9
2024-09-17 12:59:18.677000,406.3195383283339,12
2024-09-17 12:59:18.748000,406.28375471989216,12
2024-09-17 12:59:18.828000,406.30358932015736,15
2024-09-17 12:59:18.835000,406.3020400713828,997
2024-09-17 12:59:19.077000,406.3298092057089,103
2024-09-17 12:59:19.098000,406.3423198316738,10
2024-09-17 12:59:19.396000,406.3362639936386,998
2024-09-17 12:59:19.545000,406.347952384508,1001
2024-09-17 12:59:19.884000,406.3437612087944,1000
2024-09-17 12:59:19.937000,406.35158470271534,1005
2024-09-17 12:59:20.087000,406.3797078477065,995
2024-09-17 12:59:20.238000,406.35884373945504,996
2024-09-17 12:59:20.252000,406.35641981681897,14
2024-09-17 12:59:20.630000,406.3583831750239,9
2024-09-17 12:59:20.865000,406.3648373423025,98
2024-09-17 12:59:21.133000,406.3893360565037,11
2024-09-17 12:59:21.191000,406.36535192601775,102
2024-09-17 12:59:21.506000,406.3931599888983,999
2024-09-17 12:59:21.620000,406.40018841265095,1005
2024-09-17 12:59:22.014000,406.3642516970239,9
2024-09-17 12:59:22.146000,406.3658559307351,97
2024-09-17 12:59:22.239000,406.3520189487151,96
2024-09-17 12:59:22.303000,406.3376431095501,995
2024-09-17 12:59:22.316000,406.34340445011605,1004
2024-09-17 12:59:22.316000,406.3767502364317,1004
2024-09-17 12:59:22.317000,406.3815133064545,998
2024-09-17 12:59:22.344000,406.3941087103728,5
2024-09-17 12:59:22.358000,406.3741680187443,15
2024-09-17 12:59:22.521000,406.3702724241761,102
2024-09-17 12:59:22.560000,406.3497744908227,6
2024-09-17 12:59:22.628000,406.3685507106291,12
2024-09-17 12:59:22.676000,406.362483703472,102
2024-09-17 12:59:22.695000,406.3467503837337,996
2024-09-17 12:59:22.707000,406.3962838924414,1003
2024-09-17 12:59:22.782000,406.3458226270051,1001
2024-09-17 12:59:22.849000,406.3669901315121,15
2024-09-17 12:59:22.856000,406.3677344991197,10
2024-09-17 12:59:22.867000,406.3522699266585,6
2024-09-17 12:59:22.944000,406.39322885758327,95
2024-09-17 12:59:22.981000,406.3606293752677,98
2024-09-17 12:59:23.059000,406.3503540182807,13
2024-09-17 12:59:23.279000,406.37820640326834,96
2024-09-17 12:59:23.454000,406.3423630397809,96
2024-09-17 12:59:23.564000,406.3529705251216,6
2024-09-17 12:59:23.744000,406.3469888135955,14
2024-09-17 12:59:23.800000,406.3412332590311,996
2024-09-17 12:59:23.949000,406.3520276448935,104
2024-09-17 12:59:24.013000,406.32104039790346,104
2024-09-17 12:59:24.036000,406.3294484952029,99
2024-09-17 12:59:24.209000,406.2881043309073,105
2024-09-17 12:59:24.666000,406.3527202522341,1003
2024-09-17 12:59:25.019000,406.3660649066856,9
2024-09-17 12:59:25.084000,406.36497708589326,1005
2024-09-17 12:59:25.115000,406.3802380006452,96
2024-09-17 12:59:25.173000,406.3099084819008,99
2024-09-17 12:59:25.225000,406.31038134554296,7
2024-09-17 12:59:25.311000,406.3565810863672,7
2024-09-17 12:59:25.407000,406.333423027805,1004
2024-09-17 12:59:25.467000,406.3641613506094,99
2024-09-17 12:59:25.562000,406.3061103167226,8
2024-09-17 12:59:25.633000,406.3277390879692,996
2024-09-17 12:59:25.677000,406.339731266778,13
2024-09-17 12:59:25.795000,406.2915837681271,105
2024-09-17 12:59:25.956000,406.3837189656706,6
2024-09-17 12:59:26.102000,406.4755296602801,1002
2024-09-17 12:59:26.177000,406.4660861531438,103
2024-09-17 12:59:26.197000,406.4728581542261,998
2024-09-17 12:59:26.210000,406.4146515249006,100
2024-09-17 12:59:26.252000,406.4167500344725,996
2024-09-17 12:59:26.311000,406.4190577968876,97
2024-09-17 12:59:26.311000,406.4635229938707,103
2024-09-17 12:59:26.364000,406.4653316237093,101
2024-09-17 12:59:26.407000,406.4088802690873,99
2024-09-17 12:59:26.438000,406.5148393005532,102
2024-09-17 12:59:26.483000,406.5251916627023,104
2024-09-17 12:59:26.493000,406.4473677855676,97
2024-09-17 12:59:26.505000,406.4173655672412,105
2024-09-17 12:59:26.524000,406.42096310743,8
2024-09-17 12:59:26.550000,406.52228112919886,6
2024-09-17 12:59:26.627000,406.5160678513613,997
2024-09-17 12:59:26.634000,406.4379971730994,998
2024-09-17 12:59:26.676000,406.3838023211906,995
2024-09-17 12:59:26.742000,406.4210785939028,105
2024-09-17 12:59:26.849000,406.4557588815421,12
2024-09-17 12:59:26.931000,406.4232161890085,5
2024-09-17 12:59:26.947000,406.3800040209947,5
2024-09-17 12:59:26.969000,406.5160141954606,999
2024-09-17 12:59:26.980000,406.4613364253409,7
2024-09-17 12:59:26.997000,406.4977836129337,13
2024-09-17 12:59:27.383000,406.5202329655484,1005
2024-09-17 12:59:27.533000,406.5261466434511,12
2024-09-17 12:59:27.600000,406.5219578115873,100
2024-09-17 12:59:27.611000,406.5216226043723,15
2024-09-17 12:59:27.765000,406.54015916469865,999
2024-09-17 12:59:27.846000,406.52787524045385,1004
2024-09-17 12:59:28.233000,406.5295933353085,104
2024-09-17 12:59:28.656000,406.53799332008055,101
2024-09-17 12:59:29.003000,406.5423763036225,100
2024-09-17 12:59:29.035000,406.51790008653126,103
2024-09-17 12:59:29.065000,406.5378390565963,12
2024-09-17 12:59:29.075000,406.5398286842503,7
2024-09-17 12:59:29.123000,406.51508880279823,15
2024-09-17 12:59:29.261000,406.4829788218437,12
2024-09-17 12:59:29.353000,406.5033811777426,95
2024-09-17 12:59:29.365000,406.51295431362377,13
2024-09-17 12:59:29.375000,406.53172607909977,999
2024-09-17 12:59:29.459000,406.550412845708,9
2024-09-17 12:59:29.491000,406.5129542246085,1000
2024-09-17 12:59:29.507000,406.5286607807549,1005
2024-09-17 12:59:29.511000,406.5269262919972,13
2024-09-17 12:59:29.558000,406.50771129787984,14
2024-09-17 12:59:29.628000,406.5099470370631,99
2024-09-17 12:59:29.631000,406.5425558921666,1000
2024-09-17 12:59:29.639000,406.4947744776188,1002
2024-09-17 12:59:29.640000,406.5153914795684,103
2024-09-17 12:59:29.676000,406.5383979681631,101
2024-09-17 12:59:29.694000,406.54193827573306,1003
2024-09-17 12:59:29.834000,406.4939248071127,1004
2024-09-17 12:59:29.846000,406.5131271274535,14
2024-09-17 12:59:29.910000,406.4920139787057,9
2024-09-17 12:59:29.952000,406.52881900228647,13
2024-09-17 12:59:30.029000,406.548220632045,1000
2024-09-17 12:59:30.045000,406.5509248537713,98
2024-09-17 12:59:30.272000,406.5493865031429,95
2024-09-17 12:59:30.356000,406.5391331895896,97
2024-09-17 12:59:30.457000,406.5922870698101,1000
2024-09-17 12:59:30.460000,406.5255428162736,7
2024-09-17 12:59:30.508000,406.55533613884006,97
2024-09-17 12:59:30.650000,406.5489093393799,1000
2024-09-17 12:59:30.980000,406.5779527872568,14
2024-09-17 12:59:31.957000,406.5821006960237,103
2024-09-17 12:59:31.969000,406.56197509271806,98
2024-09-17 12:59:32.022000,406.59209845320095,996
2024-09-17 12:59:32.023000,406.5428993471299,103
2024-09-17 12:59:32.039000,406.586265924292,997
2024-09-17 12:59:32.050000,406.589866127941,103
2024-09-17 12:59:32.111000,406.593546313375,996
2024-09-17 12:59:32.127000,406.58578469979824,97
2024-09-17 12:59:32.155000,406.6000394431349,5
2024-09-17 12:59:32.182000,406.5740778150561,100
2024-09-17 12:59:32.189000,406.5522195842788,98
2024-09-17 12:59:32.348000,406.5421099532076,104
2024-09-17 12:59:32.354000,406.6133871914557,14
2024-09-17 12:59:32.360000,406.5812242316951,1005
2024-09-17 12:59:32.423000,406.5862305377347,1004
2024-09-17 12:59:32.451000,406.5760706871745,13
2024-09-17 12:59:32.484000,406.5710215776359,13
2024-09-17 12:59:32.548000,406.5841560479551,6
2024-09-17 12:59:32.585000,406.561591987078,1002
2024-09-17 12:59:32.621000,406.56377313246674,1000
2024-09-17 12:59:32.650000,406.5759077488215,7
2024-09-17 12:59:32.700000,406.60202204384734,996
2024-09-17 12:59:32.808000,406.5627378680784,7
2024-09-17 12:59:32.816000,406.5987329062335,104
2024-09-17 12:59:32.819000,406.5793200501079,10
2024-09-17 12:59:32.879000,406.58679953546783,1003
2024-09-17 12:59:32.899000,406.56001416887256,1003
2024-09-17 12:59:32.970000,406.5921445410346,15
2024-09-17 12:59:32.985000,406.5725196600628,9
2024-09-17 12:59:32.996000,406.5527066423916,103
2024-09-17 12:59:33.029000,406.6016780669903,1001
2024-09-17 12:59:33.050000,406.5794421642654,95
2024-09-17 12:59:33.368000,406.6065841991913,1002
2024-09-17 12:59:33.417000,406.5797295533379,1000
2024-09-17 12:59:33.473000,406.5729036878482,999
2024-09-17 12:59:33.496000,406.5881252003448,99
2024-09-17 12:59:33.566000,406.60947564785647,1003
2024-09-17 12:59:33.648000,406.5651598760441,1004
2024-09-17 12:59:33.735000,406.6370719401301,103
2024-09-17 12:59:33.750000,406.60223514900304,998
2024-09-17 12:59:33.983000,406.5626834085072,1004
2024-09-17 12:59:34.036000,406.6018516896023,996
2024-09-17 12:59:34.095000,406.6265023527806,97
2024-09-17 12:59:34.097000,406.63090163178254,15
2024-09-17 12:59:34.167000,406.61472695113673,6
2024-09-17 12:59:34.173000,406.5957228546805,15
2024-09-17 12:59:34.297000,406.6118185400618,103
2024-09-17 12:59:34.424000,406.58968593107977,104
2024-09-17 12:59:34.514000,406.5996475662843,8
2024-09-17 12:59:34.536000,406.6111440425132,105
2024-09-17 12:59:34.565000,406.60323579979257,7
2024-09-17 12:59:34.580000,406.615513331018,12
2024-09-17 12:59:34.582000,406.6009521432349,13
2024-09-17 12:59:34.644000,406.59888306645695,1004
2024-09-17 12:59:34.656000,406.61703365149725,6
2024-09-17 12:59:34.782000,406.6103780644124,996
2024-09-17 12:59:34.827000,406.603241511811,999
2024-09-17 12:59:34.934000,406.6073406164066,9
2024-09-17 12:59:34.936000,406.6380716606525,9
2024-09-17 12:59:34.946000,406.5963395261499,995
2024-09-17 12:59:34.948000,406.5837272197399,97
2024-09-17 12:59:34.954000,406.608671201836,1004
2024-09-17 12:59:35.680000,406.5999190863785,1004
2024-09-17 12:59:35.685000,406.6180137494631,14
2024-09-17 12:59:38.048000,406.5978882469763,12
2024-09-17 12:59:38.102000,406.6384184505587,103
2024-09-17 12:59:38.156000,406.6623312460336,1004
2024-09-17 12:59:38.159000,406.5947825979304,11
2024-09-17 12:59:38.203000,406.6325367040558,1004
2024-09-17 12:59:38.203000,406.65040960679886,6
2024-09-17 12:59:38.357000,406.691711557896,8
2024-09-17 12:59:38.373000,406.6588853953276,103
2024-09-17 12:59:38.382000,406.688171285065,11
2024-09-17 12:59:38.556000,406.68603426646143,9
2024-09-17 12:59:38.577000,406.7023423653284,1005
2024-09-17 12:59:38.583000,406.6993752814397,104
2024-09-17 12:59:38.601000,406.6750163123274,11
2024-09-17 12:59:38.647000,406.6460032432549,995
2024-09-17 12:59:38.693000,406.6851040893384,11
2024-09-17 12:59:38.714000,406.6755890377213,10
2024-09-17 12:59:38.755000,406.6000362771818,95
2024-09-17 12:59:38.995000,406.61205431453135,98
2024-09-17 12:59:39.130000,406.6847360557799,101
2024-09-17 12:59:39.447000,406.68059559124674,1001
2024-09-17 12:59:39.570000,406.6734331706553,14
2024-09-17 12:59:40.016000,406.7281001695934,1002
2024-09-17 12:59:40.091000,406.7325327520401,1000
2024-09-17 12:59:40.096000,406.690985097645,98
2024-09-17 12:59:40.109000,406.7354805756372,105
2024-09-17 12:59:40.146000,406.76712923372577,10
2024-09-17 12:59:40.181000,406.6664684807929,1003
2024-09-17 12:59:40.186000,406.7454205171782,996
2024-09-17 12:59:40.241000,406.6783563724295,1005
2024-09-17 12:59:40.283000,406.6699230056877,97
2024-09-17 12:59:40.304000,406.7163743410666,5
2024-09-17 12:59:40.312000,406.6897863541605,5
2024-09-17 12:59:40.322000,406.6889363197149,999
2024-09-17 12:59:40.322000,406.6861803373987,96
2024-09-17 12:59:40.331000,406.6965053242668,7
2024-09-17 12:59:40.378000,406.72906006218784,13
2024-09-17 12:59:40.428000,406.764871469939,15
2024-09-17 12:59:40.520000,406.7399598307876,99
2024-09-17 12:59:40.560000,406.7249777550822,96
2024-09-17 12:59:40.603000,406.7600766979968,998
2024-09-17 12:59:40.620000,406.7125958095728,1002
2024-09-17 12:59:40.658000,406.7622369803197,997
2024-09-17 12:59:40.716000,406.7526365465196,5
2024-09-17 12:59:40.746000,406.7531493612784,98
2024-09-17 12:59:40.771000,406.740779742965,103
2024-09-17 12:59:40.795000,406.7604216181633,103
2024-09-17 12:59:40.831000,406.7641531746466,8
2024-09-17 12:59:40.985000,406.72634199063344,15
2024-09-17 12:59:40.988000,406.7083812907384,996
2024-09-17 12:59:40.997000,406.69927822421056,102
2024-09-17 12:59:41.825000,406.7219741426688,98
2024-09-17 12:59:42.007000,406.70649504097327,997
2024-09-17 12:59:42.016000,406.705416372622,12
2024-09-17 12:59:42.066000,406.7121889310818,1005
2024-09-17 12:59:42.084000,406.70099646618354,995
2024-09-17 12:59:42.108000,406.7005987241904,100
2024-09-17 12:59:42.127000,406.7650709813963,6
2024-09-17 12:59:42.127000,406.7071639487949,8
2024-09-17 12:59:42.128000,406.7382672555108,102
2024-09-17 12:59:42.143000,406.70654662211314,11
2024-09-17 12:59:42.209000,406.71221265387743,95
2024-09-17 12:59:42.210000,406.7003681566896,102
2024-09-17 12:59:42.330000,406.702389088282,997
2024-09-17 12:59:42.370000,406.7460418368261,7
2024-09-17 12:59:42.416000,406.7514473401097,100
2024-09-17 12:59:42.450000,406.7536453235472,96
2024-09-17 12:59:42.511000,406.6920101096909,15
2024-09-17 12:59:42.526000,406.7282550375802,97
2024-09-17 12:59:42.754000,406.7063454579142,1003
2024-09-17 12:59:42.768000,406.69902339665606,9
2024-09-17 12:59:42.783000,406.6968859830608,104
2024-09-17 12:59:42.819000,406.7472687666528,98
2024-09-17 12:59:42.932000,406.7414566316136,12
2024-09-17 12:59:42.964000,406.752496831259,105
2024-09-17 12:59:42.996000,406.7567710342104,7
2024-09-17 12:59:43.004000,406.6997831589949,1005
2024-09-17 12:59:43.053000,406.7506753557524,1002
2024-09-17 12:59:43.139000,406.7289909588174,12
2024-09-17 12:59:43.166000,406.754665862552,97
2024-09-17 12:59:43.172000,406.7234905097857,100
2024-09-17 12:59:43.188000,406.7277378951085,96
2024-09-17 12:59:43.294000,406.714748778602,11
2024-09-17 12:59:43.324000,406.7327877883138,97
2024-09-17 12:59:43.357000,406.73267174590126,14
2024-09-17 12:59:43.412000,406.7324576468376,98
2024-09-17 12:59:43.505000,406.7210032066373,101
2024-09-17 12:59:43.505000,406.7433891113752,1004
2024-09-17 12:59:43.618000,406.74937340088,1003
2024-09-17 12:59:43.626000,406.7376117883784,104
2024-09-17 12:59:43.647000,406.74445144381286,102
2024-09-17 12:59:43.678000,406.74824807019286,101
2024-09-17 12:59:43.691000,406.7377663566689,1005
2024-09-17 12:59:43.691000,406.7553429296977,14
2024-09-17 12:59:43.697000,406.7345919307867,103
2024-09-17 12:59:43.713000,406.7071086353938,97
2024-09-17 12:59:43.742000,406.735187636408,14
2024-09-17 12:59:43.767000,406.7676281868049,12
2024-09-17 12:59:43.800000,406.7176549045465,996
2024-09-17 12:59:43.801000,406.70753414242085,103
2024-09-17 12:59:43.846000,406.7505636871875,9
2024-09-17 12:59:43.917000,406.7384045367153,5
2024-09-17 12:59:43.967000,406.7432909813097,5
2024-09-17 12:59:44.002000,406.7670629867528,6
2024-09-17 12:59:44.149000,406.78952930859367,98
2024-09-17 12:59:44.203000,406.76241080507833,1000
2024-09-17 12:59:44.290000,406.7764710828848,13
2024-09-17 12:59:44.405000,406.7770510532969,6
2024-09-17 12:59:44.673000,406.78783601829696,999
2024-09-17 12:59:44.684000,406.7695666273339,103
2024-09-17 12:59:44.736000,406.7759616371722,1003
2024-09-17 12:59:44.792000,406.76514283784223,999
2024-09-17 12:59:44.793000,406.7534293196168,99
2024-09-17 12:59:45.158000,406.8115090353017,101
2024-09-17 12:59:45.195000,406.7832539750487,10
2024-09-17 12:59:45.200000,406.792615539281,7
2024-09-17 12:59:45.222000,406.7912571775965,14
2024-09-17 12:59:45.228000,406.8022248736927,104
2024-09-17 12:59:45.247000,406.77922030925095,8
2024-09-17 12:59:45.250000,406.8115609808884,1000
2024-09-17 12:59:45.284000,406.77998598563175,8
2024-09-17 12:59:45.345000,406.8198068045186,102
2024-09-17 12:59:45.379000,406.7864331439696,1001
2024-09-17 12:59:45.532000,406.7849531897207,104
2024-09-17 12:59:45.589000,406.7967711526552,13
2024-09-17 12:59:45.603000,406.81947938910434,997
2024-09-17 12:59:45.639000,406.8047451395205,1002
2024-09-17 12:59:45.720000,406.7920744358748,96
2024-09-17 12:59:45.724000,406.80995372086863,102
2024-09-17 12:59:45.747000,406.7774306335127,9
2024-09-17 12:59:45.753000,406.79590776087167,5
2024-09-17 12:59:45.754000,406.7945354801621,97
2024-09-17 12:59:45.803000,406.78919233126777,104
2024-09-17 12:59:45.862000,406.7789011758012,10
2024-09-17 12:59:45.900000,406.794017145302,11
2024-09-17 12:59:45.978000,406.80915119395314,13
2024-09-17 12:59:46.005000,406.75369540935895,98
2024-09-17 12:59:46.054000,406.7864902572646,997
2024-09-17 12:59:46.058000,406.7593573975601,995
2024-09-17 12:59:46.160000,406.79963616469246,1004
2024-09-17 12:59:46.324000,406.8125217305481,98
2024-09-17 12:59:46.396000,406.7526737584228,11
2024-09-17 12:59:46.464000,406.80174941662494,15
2024-09-17 12:59:46.554000,406.7756241088474,105
2024-09-17 12:59:46.697000,406.7989578372293,996
2024-09-17 12:59:46.984000,406.77379288605954,11
2024-09-17 12:59:47.046000,406.8099073608268,5
2024-09-17 12:59:47.075000,406.8059636137457,13
2024-09-17 12:59:47.180000,406.80395630545297,98
2024-09-17 12:59:47.260000,406.8102906517626,104
2024-09-17 12:59:47.290000,406.7930232395143,14
2024-09-17 12:59:47.428000,406.7714769406329,8
2024-09-17 12:59:47.489000,406.8225792829109,1002
2024-09-17 12:59:47.644000,406.803072673113,104
2024-09-17 12:59:47.845000,406.816100014593,10
2024-09-17 12:59:47.907000,406.7656785592943,105
2024-09-17 12:59:47.931000,406.7576312733242,1001
2024-09-17 12:59:48.023000,406.820978222882,103
2024-09-17 12:59:48.132000,406.8181817162526,15
2024-09-17 12:59:48.171000,406.8271566893471,95
2024-09-17 12:59:48.305000,406.8427429355862,101
2024-09-17 12:59:48.345000,406.8425506542532,98
2024-09-17 12:59:48.429000,406.833521058002,12
2024-09-17 12:59:48.493000,406.84377334433566,103
2024-09-17 12:59:48.538000,406.8258057482,10
2024-09-17 12:59:48.541000,406.8285649134552,10
2024-09-17 12:59:48.551000,406.85068367164746,10
2024-09-17 12:59:48.686000,406.8181905200245,97
2024-09-17 12:59:48.731000,406.8389279974206,105
2024-09-17 12:59:48.818000,406.8241250589946,101
2024-09-17 12:59:48.967000,406.82886178240494,1003
2024-09-17 12:59:48.984000,406.8420435504059,97
2024-09-17 12:59:49.155000,406.82720049981367,15
2024-09-17 12:59:49.183000,406.8208608737457,1004
2024-09-17 12:59:49.210000,406.8308781761765,15
2024-09-17 12:59:49.217000,406.8333159994334,1000
2024-09-17 12:59:49.281000,406.8348556668559,101
2024-09-17 12:59:49.410000,406.789152124232,104
2024-09-17 12:59:49.462000,406.8062794914746,96
2024-09-17 12:59:49.549000,406.8268236049835,96
2024-09-17 12:59:49.571000,406.8078485139164,104
2024-09-17 12:59:49.611000,406.8296990427531,14
2024-09-17 12:59:49.660000,406.8052749463617,97
2024-09-17 12:59:49.661000,406.83220722219625,95
2024-09-17 12:59:49.952000,406.7820415705366,996
2024-09-17 12:59:49.956000,406.8278043518202,7
2024-09-17 12:59:49.986000,406.829573401698,101
2024-09-17 12:59:50.049000,406.8136886958928,996
2024-09-17 12:59:50.132000,406.7693429747324,997
2024-09-17 12:59:50.178000,406.77971662305225,14
2024-09-17 12:59:50.264000,406.774651398009,15
2024-09-17 12:59:50.369000,406.7605750707358,97
2024-09-17 12:59:50.372000,406.7372618875247,998
2024-09-17 12:59:50.401000,406.7929576660406,9
2024-09-17 12:59:50.548000,406.7657652576999,96
2024-09-17 12:59:50.555000,406.76792318845054,104
2024-09-17 12:59:50.585000,406.776851641734,1003
2024-09-17 12:59:50.677000,406.73048342504256,5
2024-09-17 12:59:50.683000,406.7619990607498,1004
2024-09-17 12:59:50.732000,406.7904766312913,13
2024-09-17 12:59:50.738000,406.8008060396626,998
2024-09-17 12:59:50.798000,406.75837064341846,6
2024-09-17 12:59:50.811000,406.7585092730915,98
2024-09-17 12:59:50.824000,406.7346256496395,8
2024-09-17 12:59:51.074000,406.7774415680952,6
2024-09-17 12:59:51.081000,406.7680341775928,98
2024-09-17 12:59:51.135000,406.75120636795725,7
2024-09-17 12:59:51.225000,406.7542626053097,96
2024-09-17 12:59:51.269000,406.7569159984848,101
2024-09-17 12:59:51.294000,406.7350633013812,10
2024-09-17 12:59:51.340000,406.76582891482855,1003
2024-09-17 12:59:51.341000,406.7434347017172,98
2024-09-17 12:59:51.368000,406.76563343596536,1004
2024-09-17 12:59:51.397000,406.74017897043154,13
2024-09-17 12:59:51.596000,406.7561255133612,6
2024-09-17 12:59:51.630000,406.7317554279148,15
2024-09-17 12:59:51.638000,406.7851842872387,8
2024-09-17 12:59:51.740000,406.751102440927,9
2024-09-17 12:59:51.743000,406.7811590140555,5
2024-09-17 12:59:51.760000,406.78109599718056,10
2024-09-17 12:59:51.760000,406.7807178882957,8
2024-09-17 12:59:51.850000,406.7728084639724,10
2024-09-17 12:59:51.882000,406.76651697847774,104
2024-09-17 12:59:51.927000,406.76436023375146,13
2024-09-17 12:59:51.942000,406.7542625479535,10
2024-09-17 12:59:52.027000,406.79371993615126,995
2024-09-17 12:59:52.041000,406.7743120626247,105
2024-09-17 12:59:52.047000,406.7846032614052,11
2024-09-17 12:59:52.056000,406.7590781928146,1003
2024-09-17 12:59:52.121000,406.7822746200944,11
2024-09-17 12:59:52.173000,406.769359524601,1003
2024-09-17 12:59:52.175000,406.7915486925663,998
2024-09-17 12:59:52.183000,406.78279993207576,13
2024-09-17 12:59:52.236000,406.8038144032079,12
2024-09-17 12:59:52.379000,406.78266505785535,995
2024-09-17 12:59:52.433000,406.7853139776467,104
2024-09-17 12:59:52.445000,406.7698312442955,15
2024-09-17 12:59:52.634000,406.7850912223587,104
2024-09-17 12:59:52.654000,406.79276881411727,14
2024-09-17 12:59:52.764000,406.7896679455674,9
2024-09-17 12:59:52.822000,406.7877730218082,103
2024-09-17 12:59:52.825000,406.7935573201145,101
2024-09-17 12:59:52.837000,406.7771961167779,1000
2024-09-17 12:59:52.984000,406.7856795456296,9
2024-09-17 12:59:53.011000,406.7305957169161,1001
2024-09-17 12:59:53.054000,406.754562146912,15
2024-09-17 12:59:53.078000,406.71657458543007,101
2024-09-17 12:59:53.112000,406.7095532428723,999
2024-09-17 12:59:53.218000,406.7112509166319,7
2024-09-17 12:59:53.249000,406.6948261973602,1002
2024-09-17 12:59:53.307000,406.7050697900469,9
2024-09-17 12:59:53.337000,406.7074113964944,1004
2024-09-17 12:59:53.368000,406.7258383103313,97
2024-09-17 12:59:53.401000,406.7121634762788,15
2024-09-17 12:59:53.476000,406.7262805111345,13
2024-09-17 12:59:53.624000,406.71608751592817,6
2024-09-17 12:59:53.729000,406.746156077144,1004
2024-09-17 12:59:53.743000,406.7352312418915,7
2024-09-17 12:59:53.760000,406.7169409529537,999
2024-09-17 12:59:53.777000,406.7176483417518,1002
2024-09-17 12:59:53.810000,406.7380770253415,13
2024-09-17 12:59:53.857000,406.7752349899639,98
2024-09-17 12:59:53.867000,406.7157725808553,995
2024-09-17 12:59:53.992000,406.6957113116672,12
2024-09-17 12:59:54.052000,406.7335297238618,5
2024-09-17 12:59:54.096000,406.68489361491424,14
2024-09-17 12:59:54.139000,406.7030655198143,998
2024-09-17 12:59:54.176000,406.69316729486326,7
2024-09-17 12:59:54.231000,406.695957475356,1000
2024-09-17 12:59:54.357000,406.66361672404815,105
2024-09-17 12:59:54.440000,406.68825671256747,105
2024-09-17 12:59:54.443000,406.7044325935953,14
2024-09-17 12:59:54.486000,406.69519745345445,101
2024-09-17 12:59:54.502000,406.681627033763,7
2024-09-17 12:59:54.552000,406.69670448674015,105
2024-09-17 12:59:54.616000,406.71734748137806,1004
2024-09-17 12:59:54.682000,406.6960382897874,997
2024-09-17 12:59:54.751000,406.6933997734165,98
2024-09-17 12:59:54.832000,406.69723024158986,1000
2024-09-17 12:59:54.838000,406.6863519546234,997
2024-09-17 12:59:54.918000,406.72544005943297,997
2024-09-17 12:59:54.957000,406.6845902987825,1000
2024-09-17 12:59:55.061000,406.6451704943958,1000
2024-09-17 12:59:55.225000,406.6386817244124,101
2024-09-17 12:59:55.473000,406.65536431258687,1001
2024-09-17 12:59:55.578000,406.641301022759,13
2024-09-17 12:59:55.657000,406.6510307033062,5
2024-09-17 12:59:55.714000,406.6424292022653,11
2024-09-17 12:59:55.762000,406.6315398057056,12
2024-09-17 12:59:55.821000,406.64436941187626,99
2024-09-17 12:59:56.027000,406.5846694140725,99
2024-09-17 12:59:56.128000,406.61517762498215,7
2024-09-17 12:59:56.214000,406.581691750613,6
2024-09-17 12:59:56.219000,406.5707471393271,102
2024-09-17 12:59:56.360000,406.5902560676341,5
2024-09-17 12:59:56.471000,406.6310761133579,105
2024-09-17 12:59:56.605000,406.5881063452628,14
2024-09-17 12:59:56.793000,406.6259114754228,14
2024-09-17 12:59:56.799000,406.6211954696322,104
2024-09-17 12:59:56.823000,406.6437400903375,1005
2024-09-17 12:59:56.848000,406.630132985892,5
2024-09-17 12:59:56.892000,406.60536231388943,102
2024-09-17 12:59:56.913000,406.5908567234105,98
2024-09-17 12:59:56.916000,406.5996607778531,105
2024-09-17 12:59:56.949000,406.6297392122668,7
2024-09-17 12:59:57.004000,406.589424932958,12
2024-09-17 12:59:57.040000,406.5999889554058,998
2024-09-17 12:59:57.083000,406.6402432252394,97
2024-09-17 12:59:57.112000,406.6358694397741,99
2024-09-17 12:59:57.120000,406.6383686642559,5
2024-09-17 12:59:57.148000,406.5878269689285,999
2024-09-17 12:59:57.203000,406.5831325971728,999
2024-09-17 12:59:57.276000,406.63905469429454,103
2024-09-17 12:59:57.334000,406.5575148152602,97
2024-09-17 12:59:57.372000,406.5416721955928,7
2024-09-17 12:59:57.437000,406.5613220445363,104
2024-09-17 12:59:57.437000,406.5560882933552,999
2024-09-17 12:59:57.473000,406.5981027260755,999
2024-09-17 12:59:57.533000,406.6185872889762,1005
2024-09-17 12:59:57.631000,406.5923098071821,999
2024-09-17 12:59:57.680000,406.5466313931853,12
2024-09-17 12:59:57.685000,406.5925637556196,6
2024-09-17 12:59:57.697000,406.6336590019747,11
2024-09-17 12:59:57.730000,406.5938737763986,1000
2024-09-17 12:59:57.772000,406.64254482379056,99
2024-09-17 12:59:57.833000,406.5973200244726,104
2024-09-17 12:59:57.882000,406.60260416946136,1001
2024-09-17 12:59:57.929000,406.6439975533653,1001
2024-09-17 12:59:57.932000,406.6361424642221,1001
2024-09-17 12:59:57.974000,406.5457619294851,14
2024-09-17 12:59:57.977000,406.62299256572345,1003
2024-09-17 12:59:58.155000,406.649279758822,102
2024-09-17 12:59:58.458000,406.6425235628181,99
2024-09-17 12:59:58.701000,406.6609138030323,1000
2024-09-17 12:59:58.750000,406.6530336339718,103
2024-09-17 12:59:58.830000,406.6614243275847,15
2024-09-17 12:59:59.109000,406.6227049135716,1001
2024-09-17 12:59:59.383000,406.6404682954768,5
2024-09-17 12:59:59.396000,406.6413815576407,105
2024-09-17 12:59:59.440000,406.6460825218799,1000
2024-09-17 12:59:59.468000,406.6302024680144,10
2024-09-17 12:59:59.494000,406.60892035556685,100
2024-09-17 12:59:59.523000,406.6187291890659,97
2024-09-17 12:59:59.704000,406.60850493341377,10
2024-09-17 12:59:59.895000,406.6472377104279,102
2024-09-17 12:59:59.909000,406.6460518858949,104
2024-09-17 12:59:59.923000,406.6116621143686,8
2024-09-17 12:59:59.952000,406.66278890600137,995
