Timestamp,Price,Size
2024-09-17 11:21:00.032000,416.1030297792082,997
2024-09-17 11:21:00.075000,416.0789177718985,98
2024-09-17 11:21:00.086000,416.076990110776,102
2024-09-17 11:21:00.116000,416.0569456903028,96
2024-09-17 11:21:00.192000,416.0512844730822,13
2024-09-17 11:21:00.253000,416.1037545028615,1000
2024-09-17 11:21:00.257000,416.0478303180642,103
2024-09-17 11:21:00.362000,416.07523219878095,97
2024-09-17 11:21:00.550000,416.1070713001492,99
2024-09-17 11:21:00.552000,416.0787857248338,101
2024-09-17 11:21:00.567000,416.0983950007154,1003
2024-09-17 11:21:00.621000,416.0500081018247,99
2024-09-17 11:21:00.634000,416.0792219315096,999
2024-09-17 11:21:00.637000,416.0599619479223,99
2024-09-17 11:21:00.685000,416.0380926855265,7
2024-09-17 11:21:00.702000,416.1066398674509,997
2024-09-17 11:21:00.725000,416.05727500859166,7
2024-09-17 11:21:00.756000,416.075933629814,102
2024-09-17 11:21:00.796000,416.0942710563182,99
2024-09-17 11:21:00.845000,416.08026434315695,102
2024-09-17 11:21:00.861000,416.1036867651252,14
2024-09-17 11:21:00.866000,416.0456445316301,101
2024-09-17 11:21:00.917000,416.087501238636,8
2024-09-17 11:21:00.932000,416.0519849458855,9
2024-09-17 11:21:00.951000,416.0815453209939,999
2024-09-17 11:21:00.953000,416.0948189986593,103
2024-09-17 11:21:00.991000,416.0879883652494,6
2024-09-17 11:21:01.002000,416.0887277215987,9
2024-09-17 11:21:01.157000,416.06404456221486,98
2024-09-17 11:21:01.204000,416.0747298395639,15
2024-09-17 11:21:01.258000,416.0637285826219,997
2024-09-17 11:21:01.457000,416.0784819878879,6
2024-09-17 11:21:01.648000,416.0772098780686,95
2024-09-17 11:21:01.741000,416.0934646970604,102
2024-09-17 11:21:01.833000,416.0757448889332,95
2024-09-17 11:21:02.154000,416.0920956827795,998
2024-09-17 11:21:02.163000,416.11710405972514,98
2024-09-17 11:21:02.221000,416.0838832080804,102
2024-09-17 11:21:02.295000,416.0860161494766,14
2024-09-17 11:21:02.313000,416.0761918570124,999
2024-09-17 11:21:02.377000,416.1129045651437,6
2024-09-17 11:21:02.377000,416.0806602113751,1003
2024-09-17 11:21:02.423000,416.0985136351419,999
2024-09-17 11:21:02.494000,416.1135305226845,102
2024-09-17 11:21:02.643000,416.1086915603575,997
2024-09-17 11:21:02.700000,416.0887463136235,97
2024-09-17 11:21:02.773000,416.1144131671854,99
2024-09-17 11:21:02.780000,416.1108241523476,995
2024-09-17 11:21:02.828000,416.1014066857804,11
2024-09-17 11:21:02.907000,416.0987708516234,102
2024-09-17 11:21:02.970000,416.092042594072,104
2024-09-17 11:21:03.002000,416.08641029617627,103
2024-09-17 11:21:03.070000,416.1204642570992,99
2024-09-17 11:21:03.108000,416.1271918691368,105
2024-09-17 11:21:03.198000,416.0921390275216,999
2024-09-17 11:21:03.285000,416.0976811909024,99
2024-09-17 11:21:03.329000,416.1017304382146,98
2024-09-17 11:21:03.351000,416.104779173597,997
2024-09-17 11:21:03.386000,416.1491783849692,103
2024-09-17 11:21:03.387000,416.1304122262933,104
2024-09-17 11:21:03.401000,416.1422473393416,1003
2024-09-17 11:21:03.430000,416.07916216795786,998
2024-09-17 11:21:03.439000,416.0979467672757,8
2024-09-17 11:21:03.452000,416.1162281290293,10
2024-09-17 11:21:03.463000,416.0960320942252,7
2024-09-17 11:21:03.481000,416.09873091787495,99
2024-09-17 11:21:03.484000,416.0878859693166,14
2024-09-17 11:21:03.505000,416.0932096543041,1005
2024-09-17 11:21:03.525000,416.12781488862834,14
2024-09-17 11:21:03.581000,416.0935883072712,996
2024-09-17 11:21:03.624000,416.1082759523536,1000
2024-09-17 11:21:03.630000,416.12064715033983,99
2024-09-17 11:21:03.643000,416.07728804956696,995
2024-09-17 11:21:03.673000,416.0846397988997,1005
2024-09-17 11:21:03.750000,416.1131567782662,1003
2024-09-17 11:21:03.785000,416.10227457229473,999
2024-09-17 11:21:03.831000,416.11669249907067,996
2024-09-17 11:21:03.898000,416.0945821682437,100
2024-09-17 11:21:04.213000,416.1330721299621,1004
2024-09-17 11:21:04.491000,416.1187562078166,102
2024-09-17 11:21:04.541000,416.13108762488025,96
2024-09-17 11:21:04.739000,416.1094712158119,11
2024-09-17 11:21:04.824000,416.1305015038312,1004
2024-09-17 11:21:04.936000,416.1464019665333,98
2024-09-17 11:21:05.029000,416.0763923005249,97
2024-09-17 11:21:05.067000,416.059777338358,9
2024-09-17 11:21:05.074000,416.07116020850685,5
2024-09-17 11:21:05.102000,416.0278155025373,9
2024-09-17 11:21:05.111000,416.0547853969413,995
2024-09-17 11:21:05.254000,416.0159491538249,1001
2024-09-17 11:21:05.357000,416.1499901573165,14
2024-09-17 11:21:05.458000,416.0657124243995,1004
2024-09-17 11:21:05.485000,416.12413218861457,1003
2024-09-17 11:21:05.562000,416.0204083973154,9
2024-09-17 11:21:05.604000,416.06467418677215,999
2024-09-17 11:21:05.635000,416.1160907239497,995
2024-09-17 11:21:05.713000,416.1131007817827,12
2024-09-17 11:21:05.803000,416.0470006004555,6
2024-09-17 11:21:05.805000,416.06884038434094,996
2024-09-17 11:21:05.914000,416.088440752465,97
2024-09-17 11:21:05.937000,416.0401759209506,100
2024-09-17 11:21:06.100000,416.0296324684769,7
2024-09-17 11:21:06.155000,416.00938694479646,1002
2024-09-17 11:21:06.310000,416.0404165041129,104
2024-09-17 11:21:06.398000,415.9939981638058,5
2024-09-17 11:21:06.607000,416.0053885302864,96
2024-09-17 11:21:06.616000,416.0114564807493,96
2024-09-17 11:21:06.663000,416.0231342957297,97
2024-09-17 11:21:06.675000,416.0343800781697,101
2024-09-17 11:21:06.713000,416.0169605050845,1005
2024-09-17 11:21:06.781000,415.98626519569865,14
2024-09-17 11:21:06.962000,416.0038224072607,96
2024-09-17 11:21:07.159000,416.1238162064394,15
2024-09-17 11:21:07.182000,416.1001706381551,104
2024-09-17 11:21:07.200000,416.0201745368251,10
2024-09-17 11:21:07.265000,416.03052615987855,10
2024-09-17 11:21:07.330000,416.08943215586896,100
2024-09-17 11:21:07.345000,416.0733609899379,15
2024-09-17 11:21:07.347000,416.0775177134231,9
2024-09-17 11:21:07.373000,416.0805407440549,998
2024-09-17 11:21:07.402000,416.1105204368844,5
2024-09-17 11:21:07.493000,416.082549796596,13
2024-09-17 11:21:07.499000,416.1015585769088,6
2024-09-17 11:21:07.578000,416.06139294703263,997
2024-09-17 11:21:07.623000,416.0380313599343,97
2024-09-17 11:21:07.713000,416.0763401730494,999
2024-09-17 11:21:07.904000,416.0672416105361,6
2024-09-17 11:21:07.922000,416.0723134770792,102
2024-09-17 11:21:08.022000,416.0945340176241,9
2024-09-17 11:21:08.089000,416.03961084247726,11
2024-09-17 11:21:08.121000,416.1073480744884,9
2024-09-17 11:21:08.122000,416.0153319474374,999
2024-09-17 11:21:08.132000,416.034574935267,96
2024-09-17 11:21:08.148000,416.0549964973317,97
2024-09-17 11:21:08.289000,416.0567103833519,999
2024-09-17 11:21:08.291000,416.086867237629,100
2024-09-17 11:21:08.297000,416.0301487979637,15
2024-09-17 11:21:08.307000,416.042364892425,14
2024-09-17 11:21:08.324000,416.08578020296574,96
2024-09-17 11:21:08.415000,416.0365314289076,998
2024-09-17 11:21:08.446000,416.0335298802146,995
2024-09-17 11:21:08.461000,416.066400229364,13
2024-09-17 11:21:08.476000,416.0674491064758,12
2024-09-17 11:21:08.499000,416.0635961870603,98
2024-09-17 11:21:08.576000,416.0509081759687,98
2024-09-17 11:21:08.638000,416.0187886016453,103
2024-09-17 11:21:08.646000,416.0923679403757,14
2024-09-17 11:21:08.722000,416.0249160780855,998
2024-09-17 11:21:08.953000,416.08202949747937,1001
2024-09-17 11:21:09.046000,416.09815556234696,5
2024-09-17 11:21:09.083000,416.0865640630599,1001
2024-09-17 11:21:09.087000,416.1247093505344,1004
2024-09-17 11:21:09.125000,416.1097993316055,999
2024-09-17 11:21:09.155000,416.1558309058579,1001
2024-09-17 11:21:09.162000,416.1290638408655,13
2024-09-17 11:21:09.252000,416.0945545468164,97
2024-09-17 11:21:09.292000,416.1056055614827,13
2024-09-17 11:21:09.306000,416.1052553553525,102
2024-09-17 11:21:09.321000,416.111489704716,1002
2024-09-17 11:21:09.359000,416.1397263222156,102
2024-09-17 11:21:09.486000,416.164913124206,15
2024-09-17 11:21:09.554000,416.1232569366431,1002
2024-09-17 11:21:09.609000,416.1256476482437,15
2024-09-17 11:21:09.616000,416.08859055076346,14
2024-09-17 11:21:09.663000,416.09828378964335,7
2024-09-17 11:21:09.687000,416.11445556771326,11
2024-09-17 11:21:09.695000,416.1139294885434,9
2024-09-17 11:21:09.697000,416.10851444356007,11
2024-09-17 11:21:09.735000,416.1479634810439,1002
2024-09-17 11:21:09.736000,416.1412445396511,997
2024-09-17 11:21:09.802000,416.09909029168864,998
2024-09-17 11:21:09.901000,416.1047259443702,95
2024-09-17 11:21:09.916000,416.1082884615647,14
2024-09-17 11:21:09.940000,416.1210729345156,102
2024-09-17 11:21:09.940000,416.1128306061907,13
2024-09-17 11:21:09.977000,416.12602777265,99
2024-09-17 11:21:09.993000,416.1245721079258,96
2024-09-17 11:21:09.996000,416.1420307272297,10
2024-09-17 11:21:10.005000,416.10852789728415,9
2024-09-17 11:21:10.115000,416.1016366433509,995
2024-09-17 11:21:10.242000,416.09839493861824,99
2024-09-17 11:21:10.246000,416.1118220265225,6
2024-09-17 11:21:10.381000,416.12453029422585,999
2024-09-17 11:21:10.430000,416.1225021736667,997
2024-09-17 11:21:10.606000,416.1557642699517,10
2024-09-17 11:21:10.611000,416.10488548923513,96
2024-09-17 11:21:10.772000,416.11238777690886,1005
2024-09-17 11:21:10.806000,416.1408966085456,100
2024-09-17 11:21:11.336000,416.0807298143365,9
2024-09-17 11:21:11.427000,416.0906694760644,100
2024-09-17 11:21:11.507000,416.0860741275714,105
2024-09-17 11:21:11.558000,416.0815688080346,1002
2024-09-17 11:21:11.749000,416.0587736489844,6
2024-09-17 11:21:11.789000,416.0710748882194,95
2024-09-17 11:21:11.904000,416.11604536156665,999
2024-09-17 11:21:12.060000,416.150566550692,104
2024-09-17 11:21:12.091000,416.1292403134465,1002
2024-09-17 11:21:12.091000,416.1376606360062,998
2024-09-17 11:21:12.124000,416.11345700961255,1002
2024-09-17 11:21:12.160000,416.0909844960003,5
2024-09-17 11:21:12.182000,416.1451942384202,995
2024-09-17 11:21:12.292000,416.1550365151042,1005
2024-09-17 11:21:12.354000,416.12855955358697,13
2024-09-17 11:21:12.393000,416.10614631301,995
2024-09-17 11:21:12.396000,416.1351879034287,11
2024-09-17 11:21:12.543000,416.152731654034,103
2024-09-17 11:21:12.638000,416.13788041271,104
2024-09-17 11:21:12.643000,416.1523336518942,97
2024-09-17 11:21:12.673000,416.1472918963157,14
2024-09-17 11:21:12.678000,416.1442470283719,97
2024-09-17 11:21:12.718000,416.14887922455046,102
2024-09-17 11:21:12.750000,416.08336183597714,104
2024-09-17 11:21:12.766000,416.1417042760883,999
2024-09-17 11:21:12.836000,416.07306742744953,104
2024-09-17 11:21:12.959000,416.1469062506264,102
2024-09-17 11:21:12.977000,416.1053239813768,10
2024-09-17 11:21:13.100000,416.0930400274357,12
2024-09-17 11:21:13.105000,416.08075854637895,6
2024-09-17 11:21:13.113000,416.1002954847242,1004
2024-09-17 11:21:13.158000,416.0775451607327,14
2024-09-17 11:21:13.180000,416.0836688693839,14
2024-09-17 11:21:13.182000,416.10591802635,998
2024-09-17 11:21:13.239000,416.10494326421576,100
2024-09-17 11:21:13.286000,416.0613470732126,1000
2024-09-17 11:21:13.346000,416.0920234469938,1003
2024-09-17 11:21:13.385000,416.0931470558454,105
2024-09-17 11:21:13.588000,416.0740698991329,9
2024-09-17 11:21:13.604000,416.10187069342754,15
2024-09-17 11:21:13.685000,416.07817521350034,1003
2024-09-17 11:21:13.717000,416.1011406626423,1000
2024-09-17 11:21:13.759000,416.0868127790488,95
2024-09-17 11:21:13.844000,416.0679204488701,102
2024-09-17 11:21:13.847000,416.0744954623572,1004
2024-09-17 11:21:13.859000,416.0796275330999,8
2024-09-17 11:21:13.885000,416.0587281487466,8
2024-09-17 11:21:13.907000,416.09761151286864,11
2024-09-17 11:21:13.935000,416.0889645989779,101
2024-09-17 11:21:13.963000,416.0451331427777,7
2024-09-17 11:21:14.145000,416.1474074690798,96
2024-09-17 11:21:14.155000,416.0763081906209,13
2024-09-17 11:21:14.180000,416.1634009237707,102
2024-09-17 11:21:14.285000,416.1543111051618,995
2024-09-17 11:21:14.313000,416.0458504023627,10
2024-09-17 11:21:14.341000,416.1332457757017,97
2024-09-17 11:21:14.348000,416.1195936463555,8
2024-09-17 11:21:14.356000,416.1538148915774,1000
2024-09-17 11:21:14.375000,416.0561815548865,100
2024-09-17 11:21:14.377000,416.14312262981474,998
2024-09-17 11:21:14.424000,416.1348373932865,9
2024-09-17 11:21:14.453000,416.1547689151602,1003
2024-09-17 11:21:14.460000,416.1624643678444,1001
2024-09-17 11:21:14.541000,416.0564576180757,7
2024-09-17 11:21:14.667000,416.12739423521214,95
2024-09-17 11:21:14.698000,416.0889413243341,15
2024-09-17 11:21:14.720000,416.1035048476878,12
2024-09-17 11:21:14.736000,416.13240347491865,998
2024-09-17 11:21:14.832000,416.1155697515301,97
2024-09-17 11:21:14.902000,416.0942921632809,12
2024-09-17 11:21:14.991000,416.151148113644,97
2024-09-17 11:21:15,416.16273753136255,97
2024-09-17 11:21:15.129000,416.15657174225794,101
2024-09-17 11:21:15.160000,416.1609325668961,1003
2024-09-17 11:21:15.224000,416.2116629784822,1001
2024-09-17 11:21:15.240000,416.1577685932028,999
2024-09-17 11:21:15.327000,416.13283945739903,98
2024-09-17 11:21:15.373000,416.2009645412023,1004
2024-09-17 11:21:15.410000,416.1825458539992,5
2024-09-17 11:21:15.417000,416.1352891224134,1005
2024-09-17 11:21:15.430000,416.1961008513738,1003
2024-09-17 11:21:15.445000,416.1843482162537,15
2024-09-17 11:21:15.464000,416.142440706739,8
2024-09-17 11:21:15.476000,416.1833342146018,12
2024-09-17 11:21:15.515000,416.1406499001455,9
2024-09-17 11:21:15.549000,416.1387323718124,1004
2024-09-17 11:21:15.604000,416.1650608666456,100
2024-09-17 11:21:15.625000,416.1350396587496,6
2024-09-17 11:21:15.637000,416.17378450389873,998
2024-09-17 11:21:15.802000,416.13352399670777,99
2024-09-17 11:21:15.857000,416.13160026467,997
2024-09-17 11:21:15.895000,416.1410145086557,104
2024-09-17 11:21:15.920000,416.2065523952265,999
2024-09-17 11:21:15.947000,416.1631426000932,1002
2024-09-17 11:21:15.948000,416.2016845091068,999
2024-09-17 11:21:16.053000,416.1352337026566,104
2024-09-17 11:21:16.220000,416.1363095900952,996
2024-09-17 11:21:16.226000,416.1490143707082,102
2024-09-17 11:21:16.268000,416.1711510916003,1003
2024-09-17 11:21:16.346000,416.19387963780736,10
2024-09-17 11:21:16.353000,416.1374981573644,5
2024-09-17 11:21:16.391000,416.1709988528541,103
2024-09-17 11:21:16.429000,416.2109427279423,95
2024-09-17 11:21:16.463000,416.1957121690288,997
2024-09-17 11:21:16.528000,416.1671177187332,101
2024-09-17 11:21:16.587000,416.1509269246588,99
2024-09-17 11:21:16.590000,416.1508028518456,9
2024-09-17 11:21:16.613000,416.1436817502595,98
2024-09-17 11:21:16.648000,416.1878651415912,1003
2024-09-17 11:21:16.735000,416.2172294176441,13
2024-09-17 11:21:16.755000,416.1784909781204,99
2024-09-17 11:21:16.828000,416.1913633722427,7
2024-09-17 11:21:16.868000,416.2166205143647,12
2024-09-17 11:21:16.927000,416.1750319353764,15
2024-09-17 11:21:16.969000,416.2096039394176,12
2024-09-17 11:21:16.989000,416.21193536104624,103
2024-09-17 11:21:17.015000,416.1327506797836,1002
2024-09-17 11:21:17.031000,416.1645034218426,100
2024-09-17 11:21:17.041000,416.13151712502753,105
2024-09-17 11:21:17.108000,416.1178140646575,97
2024-09-17 11:21:17.172000,416.1494247449264,13
2024-09-17 11:21:17.221000,416.1832009245313,7
2024-09-17 11:21:17.317000,416.1275830215699,8
2024-09-17 11:21:17.317000,416.1781465784288,998
2024-09-17 11:21:17.380000,416.1406379407835,1000
2024-09-17 11:21:17.420000,416.1390190611535,1003
2024-09-17 11:21:17.443000,416.1603399856046,1003
2024-09-17 11:21:17.445000,416.1467656530481,98
2024-09-17 11:21:17.465000,416.1749985531932,105
2024-09-17 11:21:17.539000,416.1418235958912,997
2024-09-17 11:21:17.623000,416.14436329646406,99
2024-09-17 11:21:17.647000,416.1586879702816,996
2024-09-17 11:21:17.731000,416.1428775534821,1000
2024-09-17 11:21:17.760000,416.1289122092828,8
2024-09-17 11:21:17.883000,416.12313374685954,5
2024-09-17 11:21:17.935000,416.1419280301948,99
2024-09-17 11:21:17.959000,416.1368115968162,1000
2024-09-17 11:21:17.960000,416.1322254440457,997
2024-09-17 11:21:17.980000,416.1144299154596,104
2024-09-17 11:21:17.999000,416.1420751409076,105
2024-09-17 11:21:18.072000,416.0599016618552,1004
2024-09-17 11:21:18.074000,416.0601553212829,999
2024-09-17 11:21:18.078000,416.1298747033908,96
2024-09-17 11:21:18.087000,416.06922047066064,10
2024-09-17 11:21:18.124000,416.0630599220246,1004
2024-09-17 11:21:18.420000,416.090084333375,98
2024-09-17 11:21:18.454000,416.0622638497156,14
2024-09-17 11:21:18.508000,416.0402183796834,99
2024-09-17 11:21:18.553000,416.1199435960076,10
2024-09-17 11:21:18.607000,416.06488570669774,995
2024-09-17 11:21:18.609000,416.0658551975192,9
2024-09-17 11:21:18.640000,416.1002209263692,95
2024-09-17 11:21:18.918000,416.07585830478257,96
2024-09-17 11:21:18.986000,416.0445322807805,1004
2024-09-17 11:21:19.035000,416.04869857186105,10
2024-09-17 11:21:19.134000,416.0673992972192,8
2024-09-17 11:21:19.196000,416.0509664258721,11
2024-09-17 11:21:19.503000,416.03597686002905,10
2024-09-17 11:21:19.528000,416.0444193580628,997
2024-09-17 11:21:19.531000,416.0469279000686,98
2024-09-17 11:21:19.534000,416.03986006062047,1001
2024-09-17 11:21:20.055000,416.0560642657788,98
2024-09-17 11:21:20.151000,416.0285368003284,102
2024-09-17 11:21:20.187000,416.0071562202165,101
2024-09-17 11:21:20.353000,416.0382560729197,15
2024-09-17 11:21:20.417000,416.0601387845194,8
2024-09-17 11:21:20.531000,416.0364240569426,98
2024-09-17 11:21:20.619000,416.06237520538434,97
2024-09-17 11:21:20.654000,416.025198555184,9
2024-09-17 11:21:20.686000,416.0145910766889,1005
2024-09-17 11:21:20.959000,416.0197644265282,997
2024-09-17 11:21:20.993000,416.06009627184864,105
2024-09-17 11:21:21.119000,416.02579501051855,1003
2024-09-17 11:21:21.472000,416.00941821036594,998
2024-09-17 11:21:21.474000,416.0274448781515,1000
2024-09-17 11:21:21.587000,416.028062100129,997
2024-09-17 11:21:21.699000,416.029481158921,997
2024-09-17 11:21:21.821000,416.0276582377629,1001
2024-09-17 11:21:21.844000,416.0087051474335,10
2024-09-17 11:21:21.935000,416.0382097689833,98
2024-09-17 11:21:21.982000,416.0202555255476,1002
2024-09-17 11:21:21.983000,416.04089002673743,14
2024-09-17 11:21:22.011000,415.9914649460984,14
2024-09-17 11:21:22.014000,416.0112366682369,997
2024-09-17 11:21:22.016000,416.0373047100273,100
2024-09-17 11:21:22.111000,416.0223185555138,9
2024-09-17 11:21:22.115000,416.0311106809559,97
2024-09-17 11:21:22.180000,416.01688296089793,14
2024-09-17 11:21:22.190000,416.0339903161417,13
2024-09-17 11:21:22.191000,416.0271956365264,96
2024-09-17 11:21:22.548000,416.03792157896265,996
2024-09-17 11:21:22.562000,416.0307279758279,101
2024-09-17 11:21:22.683000,416.03294726967135,100
2024-09-17 11:21:22.688000,416.0074967556117,15
2024-09-17 11:21:22.738000,416.0472294378991,103
2024-09-17 11:21:22.772000,416.0281161739956,1002
2024-09-17 11:21:22.826000,416.0212143548356,14
2024-09-17 11:21:22.843000,416.02466657631874,98
2024-09-17 11:21:23.134000,416.0297841945483,100
2024-09-17 11:21:23.195000,416.0234033658493,99
2024-09-17 11:21:23.271000,415.9990662724648,13
2024-09-17 11:21:23.912000,416.0333433403397,996
2024-09-17 11:21:23.989000,416.022050780963,97
2024-09-17 11:21:24.088000,416.0749471338259,1003
2024-09-17 11:21:24.206000,416.0696196122124,101
2024-09-17 11:21:24.221000,416.0632209021343,7
2024-09-17 11:21:24.263000,416.0623735872391,15
2024-09-17 11:21:24.283000,416.0642296034358,1001
2024-09-17 11:21:24.288000,416.1359195454851,997
2024-09-17 11:21:24.316000,416.1062370858157,95
2024-09-17 11:21:24.318000,416.0612137854617,103
2024-09-17 11:21:24.335000,416.0896756703767,1000
2024-09-17 11:21:24.364000,416.05368714885566,13
2024-09-17 11:21:24.369000,416.0659575024361,95
2024-09-17 11:21:24.377000,416.125087841373,105
2024-09-17 11:21:24.420000,416.0694481670059,998
2024-09-17 11:21:24.482000,416.0736156462074,101
2024-09-17 11:21:24.529000,416.0617385843018,100
2024-09-17 11:21:24.573000,416.05783117518433,13
2024-09-17 11:21:24.593000,416.0467169926296,14
2024-09-17 11:21:24.668000,416.083793136501,13
2024-09-17 11:21:24.702000,416.06154275530577,1000
2024-09-17 11:21:24.727000,416.0699536285621,1003
2024-09-17 11:21:24.819000,416.0655962504598,1001
2024-09-17 11:21:24.837000,416.0649984390671,7
2024-09-17 11:21:24.882000,416.0670189738312,97
2024-09-17 11:21:24.910000,416.0748802077131,105
2024-09-17 11:21:24.923000,416.0370931227196,100
2024-09-17 11:21:24.964000,416.0741214390493,1004
2024-09-17 11:21:25.100000,416.132274303796,11
2024-09-17 11:21:25.166000,416.1683772249284,997
2024-09-17 11:21:25.222000,416.1265638619541,8
2024-09-17 11:21:25.348000,416.1824867520367,999
2024-09-17 11:21:25.428000,416.1408419471565,998
2024-09-17 11:21:25.543000,416.16236701844144,102
2024-09-17 11:21:25.960000,416.1652548653289,102
2024-09-17 11:21:26.029000,416.17366518073385,1005
2024-09-17 11:21:26.249000,416.1702577586936,1001
2024-09-17 11:21:26.417000,416.1860049146849,1004
2024-09-17 11:21:26.507000,416.1708733065668,998
2024-09-17 11:21:26.803000,416.1818247567804,103
2024-09-17 11:21:26.902000,416.160451572281,9
2024-09-17 11:21:26.913000,416.15836685050783,97
2024-09-17 11:21:26.927000,416.16624746631953,99
2024-09-17 11:21:27.023000,416.1996909675591,15
2024-09-17 11:21:27.061000,416.1653014514866,14
2024-09-17 11:21:27.147000,416.18246094675385,1002
2024-09-17 11:21:27.155000,416.2053167327226,15
2024-09-17 11:21:27.193000,416.1820324369029,97
2024-09-17 11:21:27.273000,416.2275752914446,98
2024-09-17 11:21:27.281000,416.1866160513264,1002
2024-09-17 11:21:27.322000,416.1896545461288,8
2024-09-17 11:21:27.343000,416.1779599470187,997
2024-09-17 11:21:27.388000,416.1996265572608,14
2024-09-17 11:21:27.560000,416.1884054472139,5
2024-09-17 11:21:27.598000,416.2190602379784,96
2024-09-17 11:21:27.617000,416.2112018872568,101
2024-09-17 11:21:27.726000,416.22296736787,97
2024-09-17 11:21:27.772000,416.1630031313834,996
2024-09-17 11:21:27.805000,416.1657010430728,9
2024-09-17 11:21:27.812000,416.18490064060927,995
2024-09-17 11:21:27.824000,416.24165240597046,101
2024-09-17 11:21:27.858000,416.1937470319777,100
2024-09-17 11:21:27.871000,416.2176354492513,1001
2024-09-17 11:21:27.925000,416.2238638671136,999
2024-09-17 11:21:27.951000,416.2261267993351,97
2024-09-17 11:21:27.972000,416.2007136416507,5
2024-09-17 11:21:28.027000,416.148388725792,14
2024-09-17 11:21:28.183000,416.160119399624,104
2024-09-17 11:21:28.233000,416.18885384854593,97
2024-09-17 11:21:28.258000,416.1788335247225,12
2024-09-17 11:21:28.298000,416.1489990551632,1005
2024-09-17 11:21:28.309000,416.1790871621486,95
2024-09-17 11:21:28.582000,416.1628135628416,99
2024-09-17 11:21:28.766000,416.1700322934708,1005
2024-09-17 11:21:28.790000,416.18068596203767,11
2024-09-17 11:21:28.955000,416.13980831200615,6
2024-09-17 11:21:28.964000,416.1399763657308,995
2024-09-17 11:21:28.975000,416.15311741995146,1001
2024-09-17 11:21:28.997000,416.1625357379956,11
2024-09-17 11:21:29.061000,416.1427901399616,102
2024-09-17 11:21:29.612000,416.15724045523046,997
2024-09-17 11:21:29.774000,416.16386620102793,8
2024-09-17 11:21:30.015000,416.0924819165884,1002
2024-09-17 11:21:30.023000,416.1381073993623,998
2024-09-17 11:21:30.088000,416.0895025729757,1003
2024-09-17 11:21:30.144000,416.11008164355246,12
2024-09-17 11:21:30.212000,416.0994267040254,97
2024-09-17 11:21:30.222000,416.1082892703028,101
2024-09-17 11:21:30.235000,416.145939648988,997
2024-09-17 11:21:30.322000,416.1195033583316,1003
2024-09-17 11:21:30.384000,416.13954600017286,96
2024-09-17 11:21:30.463000,416.13529241593386,998
2024-09-17 11:21:30.464000,416.1055036159824,13
2024-09-17 11:21:30.472000,416.1002718700185,1000
2024-09-17 11:21:30.515000,416.1171807592327,97
2024-09-17 11:21:30.528000,416.1194050379882,105
2024-09-17 11:21:30.557000,416.1150996312576,996
2024-09-17 11:21:30.557000,416.1182890647137,95
2024-09-17 11:21:30.655000,416.1217945431509,95
2024-09-17 11:21:30.658000,416.1025384916496,1001
2024-09-17 11:21:30.671000,416.10432305282495,6
2024-09-17 11:21:30.772000,416.1060128870502,102
2024-09-17 11:21:30.775000,416.1378987428674,103
2024-09-17 11:21:30.801000,416.0976162024784,6
2024-09-17 11:21:30.816000,416.12280500800784,5
2024-09-17 11:21:30.826000,416.1214346554191,997
2024-09-17 11:21:30.828000,416.1265260549571,1003
2024-09-17 11:21:30.886000,416.1280302663027,98
2024-09-17 11:21:30.922000,416.1046525864635,995
2024-09-17 11:21:31.008000,416.182091367588,10
2024-09-17 11:21:31.133000,416.16356302509735,997
2024-09-17 11:21:31.183000,416.1733376614399,95
2024-09-17 11:21:31.196000,416.16924114594906,97
2024-09-17 11:21:31.210000,416.1749821880881,13
2024-09-17 11:21:31.233000,416.1501357605882,15
2024-09-17 11:21:31.318000,416.1623726333417,101
2024-09-17 11:21:31.328000,416.1972227037214,1004
2024-09-17 11:21:31.367000,416.1829188392249,99
2024-09-17 11:21:31.388000,416.1692075363242,15
2024-09-17 11:21:31.400000,416.151649138064,1005
2024-09-17 11:21:31.409000,416.160831867116,999
2024-09-17 11:21:31.605000,416.1498864111163,8
2024-09-17 11:21:31.617000,416.167228060192,100
2024-09-17 11:21:31.627000,416.1416478015805,6
2024-09-17 11:21:31.749000,416.1709046369602,996
2024-09-17 11:21:31.968000,416.1617236250365,15
2024-09-17 11:21:32.082000,416.21056953211087,996
2024-09-17 11:21:32.277000,416.1892046729279,14
2024-09-17 11:21:32.400000,416.1914616272704,999
2024-09-17 11:21:32.517000,416.1901932636784,98
2024-09-17 11:21:32.533000,416.18940648148833,104
2024-09-17 11:21:32.547000,416.1955039851354,12
2024-09-17 11:21:32.569000,416.2123417899807,1004
2024-09-17 11:21:32.721000,416.18353533889393,11
2024-09-17 11:21:32.894000,416.17875688533024,8
2024-09-17 11:21:33.193000,416.2401964570091,102
2024-09-17 11:21:33.333000,416.2270311445407,1000
2024-09-17 11:21:33.480000,416.223385972328,997
2024-09-17 11:21:33.486000,416.2158615242372,1000
2024-09-17 11:21:33.527000,416.2140167471081,101
2024-09-17 11:21:33.598000,416.22004935074943,5
2024-09-17 11:21:33.775000,416.23052555282106,11
2024-09-17 11:21:34.146000,416.2239944881701,1002
2024-09-17 11:21:34.255000,416.2690746056293,14
2024-09-17 11:21:34.363000,416.262288555097,1002
2024-09-17 11:21:34.461000,416.22372643826,15
2024-09-17 11:21:34.490000,416.25371534008815,99
2024-09-17 11:21:34.517000,416.2243344996485,1001
2024-09-17 11:21:34.820000,416.2178345901118,9
2024-09-17 11:21:34.862000,416.2385688900114,10
2024-09-17 11:21:35.002000,416.2118152213352,1001
2024-09-17 11:21:35.049000,416.21265483784566,1004
2024-09-17 11:21:35.103000,416.2154974995635,999
2024-09-17 11:21:35.151000,416.2500809629579,1000
2024-09-17 11:21:35.186000,416.16989145646016,12
2024-09-17 11:21:35.196000,416.170170513344,1000
2024-09-17 11:21:35.238000,416.2224274959613,999
2024-09-17 11:21:35.305000,416.24412361597706,102
2024-09-17 11:21:35.313000,416.2295379447179,105
2024-09-17 11:21:35.336000,416.21289285790033,96
2024-09-17 11:21:35.338000,416.1617344723769,10
2024-09-17 11:21:35.360000,416.2305063879841,7
2024-09-17 11:21:35.549000,416.246306601952,11
2024-09-17 11:21:35.561000,416.1927482063385,999
2024-09-17 11:21:35.711000,416.2208694487682,1000
2024-09-17 11:21:35.773000,416.2443288171268,98
2024-09-17 11:21:35.774000,416.1596543055812,95
2024-09-17 11:21:35.808000,416.19930397138313,100
2024-09-17 11:21:35.842000,416.16641843960986,99
2024-09-17 11:21:35.843000,416.2483751029668,95
2024-09-17 11:21:35.843000,416.21239230159273,1003
2024-09-17 11:21:35.884000,416.1509038955997,996
2024-09-17 11:21:35.888000,416.20944124457657,96
2024-09-17 11:21:35.908000,416.1780805806341,1003
2024-09-17 11:21:35.934000,416.2199183178843,5
2024-09-17 11:21:35.938000,416.141020275474,996
2024-09-17 11:21:35.954000,416.2250995726093,7
2024-09-17 11:21:36.056000,416.1752464226765,15
2024-09-17 11:21:36.142000,416.1725072037499,13
2024-09-17 11:21:36.271000,416.1548942223064,998
2024-09-17 11:21:36.560000,416.16818307078654,100
2024-09-17 11:21:36.569000,416.1651820793573,96
2024-09-17 11:21:36.600000,416.1665209930273,5
2024-09-17 11:21:36.938000,416.16018456485705,12
2024-09-17 11:21:37.252000,416.2172643700085,996
2024-09-17 11:21:37.394000,416.1702594042199,999
2024-09-17 11:21:38.074000,416.27420581192695,7
2024-09-17 11:21:38.244000,416.2742886986517,98
2024-09-17 11:21:38.287000,416.2786972097135,997
2024-09-17 11:21:38.322000,416.2940337249542,1003
2024-09-17 11:21:38.327000,416.2254872192896,100
2024-09-17 11:21:38.388000,416.234605938224,96
2024-09-17 11:21:38.425000,416.2285558014628,1004
2024-09-17 11:21:38.454000,416.3081781167861,1005
2024-09-17 11:21:38.465000,416.2606596872668,104
2024-09-17 11:21:38.498000,416.229331711818,7
2024-09-17 11:21:38.509000,416.2551798911432,5
2024-09-17 11:21:38.531000,416.3018051023405,6
2024-09-17 11:21:38.622000,416.2515101317916,13
2024-09-17 11:21:38.645000,416.2908144992121,995
2024-09-17 11:21:38.651000,416.23322021857945,1000
2024-09-17 11:21:38.701000,416.27250607452993,999
2024-09-17 11:21:38.792000,416.2331885431101,8
2024-09-17 11:21:38.803000,416.2924784645714,95
2024-09-17 11:21:38.866000,416.2863690269492,105
2024-09-17 11:21:39.014000,416.30537066676936,99
2024-09-17 11:21:39.276000,416.3382147764399,15
2024-09-17 11:21:39.387000,416.3530744973416,999
2024-09-17 11:21:39.489000,416.2780320591661,996
2024-09-17 11:21:39.507000,416.3435680287822,1004
2024-09-17 11:21:39.555000,416.2748266549336,97
2024-09-17 11:21:39.570000,416.3322651991041,1002
2024-09-17 11:21:39.598000,416.3261726933184,103
2024-09-17 11:21:39.600000,416.3224366339761,6
2024-09-17 11:21:39.606000,416.3462333903525,100
2024-09-17 11:21:39.636000,416.3666814822453,96
2024-09-17 11:21:39.714000,416.3301661316361,998
2024-09-17 11:21:39.819000,416.3405969096405,103
2024-09-17 11:21:39.832000,416.3577228259659,104
2024-09-17 11:21:39.951000,416.33451044965454,995
2024-09-17 11:21:39.975000,416.334674700929,100
2024-09-17 11:21:40.008000,416.3495670050543,105
2024-09-17 11:21:40.163000,416.350381378696,11
2024-09-17 11:21:40.388000,416.3463672223994,996
2024-09-17 11:21:40.397000,416.37051361600106,104
2024-09-17 11:21:40.460000,416.3454390170146,14
2024-09-17 11:21:40.546000,416.3567178502198,98
2024-09-17 11:21:40.591000,416.35318042976405,1003
2024-09-17 11:21:40.644000,416.3381284330172,97
2024-09-17 11:21:40.674000,416.3357150275939,15
2024-09-17 11:21:40.679000,416.36472841348274,7
2024-09-17 11:21:40.691000,416.3471250744275,13
2024-09-17 11:21:40.735000,416.3333214223695,11
2024-09-17 11:21:40.869000,416.353669116215,1002
2024-09-17 11:21:41.900000,416.3519485570703,11
2024-09-17 11:21:41.995000,416.3566047641356,998
2024-09-17 11:21:42.084000,416.3232303980522,95
2024-09-17 11:21:42.085000,416.3649924895629,1005
2024-09-17 11:21:42.110000,416.2960594454197,100
2024-09-17 11:21:42.116000,416.3184781825698,99
2024-09-17 11:21:42.253000,416.3111832257326,1003
2024-09-17 11:21:42.318000,416.31343183004407,95
2024-09-17 11:21:42.341000,416.3496351713908,8
2024-09-17 11:21:42.488000,416.32469954273137,1005
2024-09-17 11:21:42.515000,416.2958196123446,100
2024-09-17 11:21:42.613000,416.3004279890689,1003
2024-09-17 11:21:42.696000,416.30376493518696,995
2024-09-17 11:21:42.749000,416.3100034964911,1000
2024-09-17 11:21:42.760000,416.2907770925514,99
2024-09-17 11:21:42.838000,416.302588340968,100
2024-09-17 11:21:42.878000,416.295739743674,998
2024-09-17 11:21:42.878000,416.3173478791175,1001
2024-09-17 11:21:43.099000,416.2852851235405,1003
2024-09-17 11:21:43.910000,416.3114669806198,1004
2024-09-17 11:21:44.151000,416.3136538492944,8
2024-09-17 11:21:44.217000,416.3402020798159,101
2024-09-17 11:21:44.261000,416.3583277247063,1003
2024-09-17 11:21:44.270000,416.3123501149401,99
2024-09-17 11:21:44.287000,416.33384837751424,15
2024-09-17 11:21:44.311000,416.3185592308533,7
2024-09-17 11:21:44.392000,416.3215234051288,7
2024-09-17 11:21:44.417000,416.3173418598578,6
2024-09-17 11:21:44.431000,416.3058777607998,1003
2024-09-17 11:21:44.450000,416.30440868396056,99
2024-09-17 11:21:44.488000,416.3086199489901,95
2024-09-17 11:21:44.523000,416.3312499428448,95
2024-09-17 11:21:44.563000,416.3220944085918,997
2024-09-17 11:21:44.582000,416.3503912779075,96
2024-09-17 11:21:44.672000,416.36327323535335,95
2024-09-17 11:21:44.687000,416.3566987175221,9
2024-09-17 11:21:44.727000,416.3463165069237,997
2024-09-17 11:21:44.840000,416.3389034929846,102
2024-09-17 11:21:44.945000,416.3602281523133,1005
2024-09-17 11:21:44.968000,416.29673618086616,5
2024-09-17 11:21:45.150000,416.3152648832552,98
2024-09-17 11:21:45.207000,416.37536781482464,9
2024-09-17 11:21:45.218000,416.3763325900724,102
2024-09-17 11:21:45.224000,416.3921842501798,1002
2024-09-17 11:21:45.255000,416.3312317441038,98
2024-09-17 11:21:45.259000,416.3328456051659,7
2024-09-17 11:21:45.262000,416.35157080290384,1004
2024-09-17 11:21:45.314000,416.3543547216871,99
2024-09-17 11:21:45.358000,416.333941627313,105
2024-09-17 11:21:45.361000,416.3339233768846,15
2024-09-17 11:21:45.363000,416.3697708205529,1005
2024-09-17 11:21:45.467000,416.3664792650162,998
2024-09-17 11:21:45.467000,416.3291574125311,15
2024-09-17 11:21:45.540000,416.3204398313219,998
2024-09-17 11:21:45.540000,416.33878549956273,13
2024-09-17 11:21:45.576000,416.3367668951888,104
2024-09-17 11:21:45.593000,416.3796065970505,104
2024-09-17 11:21:45.608000,416.3301318186624,98
2024-09-17 11:21:45.619000,416.3670697692437,104
2024-09-17 11:21:45.643000,416.3453047142253,104
2024-09-17 11:21:45.650000,416.38306561622926,1005
2024-09-17 11:21:45.658000,416.3147642652296,10
2024-09-17 11:21:45.704000,416.40099517558326,102
2024-09-17 11:21:45.739000,416.3338750906734,95
2024-09-17 11:21:45.767000,416.357890422699,1002
2024-09-17 11:21:45.939000,416.3307170242235,997
2024-09-17 11:21:46.019000,416.394071608654,997
2024-09-17 11:21:46.122000,416.3621444264693,95
2024-09-17 11:21:46.124000,416.41793077016456,98
2024-09-17 11:21:46.369000,416.416600946836,13
2024-09-17 11:21:46.383000,416.392097763183,1005
2024-09-17 11:21:46.424000,416.3931209076135,104
2024-09-17 11:21:46.427000,416.38140216736855,104
2024-09-17 11:21:46.481000,416.4378500974557,996
2024-09-17 11:21:46.499000,416.3931548355635,10
2024-09-17 11:21:46.604000,416.422995964541,95
2024-09-17 11:21:46.690000,416.39306159652097,104
2024-09-17 11:21:46.705000,416.4393614296745,105
2024-09-17 11:21:46.708000,416.3798477758493,100
2024-09-17 11:21:46.716000,416.3944547044833,103
2024-09-17 11:21:46.764000,416.3862063919029,995
2024-09-17 11:21:46.796000,416.39086758306007,995
2024-09-17 11:21:46.807000,416.4284043601881,995
2024-09-17 11:21:47.020000,416.41463760533054,1001
2024-09-17 11:21:47.046000,416.4277616642983,1003
2024-09-17 11:21:47.053000,416.534084548784,97
2024-09-17 11:21:47.259000,416.4406766946075,100
2024-09-17 11:21:47.261000,416.4191570440429,1000
2024-09-17 11:21:47.286000,416.4073565177741,8
2024-09-17 11:21:47.299000,416.4589949256395,10
2024-09-17 11:21:47.322000,416.4389389405657,997
2024-09-17 11:21:47.324000,416.3999652930865,9
2024-09-17 11:21:47.359000,416.386142878408,1004
2024-09-17 11:21:47.369000,416.5461026471351,9
2024-09-17 11:21:47.392000,416.44314797989085,6
2024-09-17 11:21:47.416000,416.4982985903276,7
2024-09-17 11:21:47.501000,416.49207009818,998
2024-09-17 11:21:47.519000,416.431078254611,6
2024-09-17 11:21:47.539000,416.5288683980607,8
2024-09-17 11:21:47.556000,416.5486041061555,11
2024-09-17 11:21:47.664000,416.5172888219977,11
2024-09-17 11:21:47.704000,416.53182900330887,14
2024-09-17 11:21:47.760000,416.4921684061915,98
2024-09-17 11:21:47.781000,416.4529413640325,995
2024-09-17 11:21:47.899000,416.3943296591853,1002
2024-09-17 11:21:47.913000,416.4039298472815,997
2024-09-17 11:21:47.921000,416.47456173076006,8
2024-09-17 11:21:47.945000,416.5463301644712,100
2024-09-17 11:21:47.948000,416.48730806267207,98
2024-09-17 11:21:47.971000,416.4368782943428,5
2024-09-17 11:21:47.974000,416.4536704723715,997
2024-09-17 11:21:47.976000,416.53215679104727,7
2024-09-17 11:21:48.068000,416.5182467833312,11
2024-09-17 11:21:48.082000,416.5468434803637,99
2024-09-17 11:21:48.135000,416.5220800286013,103
2024-09-17 11:21:48.242000,416.54249167987547,9
2024-09-17 11:21:48.261000,416.5427040081918,104
2024-09-17 11:21:48.558000,416.5429754004831,99
2024-09-17 11:21:48.583000,416.5480121503919,999
2024-09-17 11:21:48.701000,416.5472637535775,998
2024-09-17 11:21:48.743000,416.5311032898503,1005
2024-09-17 11:21:48.784000,416.533280570655,1003
2024-09-17 11:21:48.784000,416.5320382508998,1004
2024-09-17 11:21:48.799000,416.5494158337577,14
2024-09-17 11:21:48.963000,416.5300346432115,1005
2024-09-17 11:21:48.991000,416.53472758952665,100
2024-09-17 11:21:49.030000,416.5354709208812,97
2024-09-17 11:21:49.036000,416.5218047945791,15
2024-09-17 11:21:49.169000,416.5134622414256,102
2024-09-17 11:21:49.287000,416.5488307372308,105
2024-09-17 11:21:49.394000,416.52120406632434,99
2024-09-17 11:21:49.463000,416.5342919207063,95
2024-09-17 11:21:49.478000,416.5067065164853,996
2024-09-17 11:21:49.531000,416.5139291839445,8
2024-09-17 11:21:49.563000,416.5189315856643,1002
2024-09-17 11:21:49.589000,416.5228011014484,11
2024-09-17 11:21:49.596000,416.5116144157382,997
2024-09-17 11:21:49.660000,416.51793270196174,98
2024-09-17 11:21:49.682000,416.5230773178232,104
2024-09-17 11:21:49.716000,416.5216393345804,998
2024-09-17 11:21:49.886000,416.53329419286246,1004
2024-09-17 11:21:49.901000,416.5178801278805,14
2024-09-17 11:21:49.965000,416.52584951086885,5
2024-09-17 11:21:49.969000,416.5169006511855,5
2024-09-17 11:21:50.001000,416.5503033399055,103
2024-09-17 11:21:50.012000,416.53219301821343,1005
2024-09-17 11:21:50.030000,416.5148672612421,101
2024-09-17 11:21:50.070000,416.54033042249495,95
2024-09-17 11:21:50.126000,416.5983659902847,102
2024-09-17 11:21:50.131000,416.5181116347379,997
2024-09-17 11:21:50.149000,416.53824625698087,1005
2024-09-17 11:21:50.156000,416.5694698911677,101
2024-09-17 11:21:50.178000,416.53887098426304,13
2024-09-17 11:21:50.185000,416.5158754699295,1004
2024-09-17 11:21:50.212000,416.5718483427594,1001
2024-09-17 11:21:50.248000,416.55108932392807,1001
2024-09-17 11:21:50.270000,416.5123445371821,1002
2024-09-17 11:21:50.303000,416.573343884486,1003
2024-09-17 11:21:50.342000,416.5148105544414,1004
2024-09-17 11:21:50.364000,416.5514624909298,5
2024-09-17 11:21:50.601000,416.5397727495744,1003
2024-09-17 11:21:50.632000,416.5114899440126,14
2024-09-17 11:21:50.643000,416.5923167085848,6
2024-09-17 11:21:50.647000,416.54798778341257,995
2024-09-17 11:21:50.717000,416.5869527262733,1003
2024-09-17 11:21:50.727000,416.54278255756657,996
2024-09-17 11:21:50.882000,416.5165209293969,105
2024-09-17 11:21:50.907000,416.5737433819371,997
2024-09-17 11:21:50.948000,416.50371017636144,11
2024-09-17 11:21:50.948000,416.5522670347969,7
2024-09-17 11:21:50.950000,416.5539226529263,97
2024-09-17 11:21:51.014000,416.4812694590711,100
2024-09-17 11:21:51.074000,416.51146734228337,997
2024-09-17 11:21:51.104000,416.5133274229896,97
2024-09-17 11:21:51.126000,416.4803851188905,104
2024-09-17 11:21:51.322000,416.51028128227256,998
2024-09-17 11:21:51.398000,416.5012550743299,95
2024-09-17 11:21:51.414000,416.45967131661865,13
2024-09-17 11:21:51.435000,416.51323248008174,1002
2024-09-17 11:21:51.451000,416.5357786479015,96
2024-09-17 11:21:51.518000,416.4728180130193,995
2024-09-17 11:21:51.599000,416.4812988471664,98
2024-09-17 11:21:51.623000,416.4779721088394,995
2024-09-17 11:21:51.698000,416.5104563092042,12
2024-09-17 11:21:51.707000,416.4989831492697,7
2024-09-17 11:21:51.763000,416.4943023295429,102
2024-09-17 11:21:51.830000,416.5091160727959,14
2024-09-17 11:21:51.857000,416.47642572404936,1002
2024-09-17 11:21:51.886000,416.4624453851037,999
2024-09-17 11:21:51.955000,416.4754300624564,95
2024-09-17 11:21:51.961000,416.48236190220376,103
2024-09-17 11:21:52.022000,416.49569705119706,99
2024-09-17 11:21:52.207000,416.4830454822832,12
2024-09-17 11:21:52.286000,416.48809170057456,95
2024-09-17 11:21:52.712000,416.4681425682553,998
2024-09-17 11:21:52.934000,416.4793685810673,100
2024-09-17 11:21:53.054000,416.4705086808572,102
2024-09-17 11:21:53.184000,416.41628656918704,1004
2024-09-17 11:21:53.219000,416.47487622103546,99
2024-09-17 11:21:53.257000,416.4131784915208,15
2024-09-17 11:21:53.412000,416.457461638359,96
2024-09-17 11:21:53.435000,416.4437922968443,104
2024-09-17 11:21:53.661000,416.417985450566,95
2024-09-17 11:21:53.728000,416.4155183649462,996
2024-09-17 11:21:53.785000,416.4386957964793,15
2024-09-17 11:21:53.878000,416.4008412395649,1000
2024-09-17 11:21:53.890000,416.4542014752284,12
2024-09-17 11:21:53.918000,416.4114120965098,1003
2024-09-17 11:21:53.990000,416.4497935553597,99
2024-09-17 11:21:53.995000,416.4260152604642,104
2024-09-17 11:21:54.047000,416.3925492303077,1004
2024-09-17 11:21:54.187000,416.3965860410265,13
2024-09-17 11:21:54.290000,416.411069162229,13
2024-09-17 11:21:54.321000,416.400736481781,102
2024-09-17 11:21:54.533000,416.4012307756951,998
2024-09-17 11:21:54.618000,416.4122567534748,1002
2024-09-17 11:21:55.171000,416.4012827622191,98
2024-09-17 11:21:55.223000,416.4162071801105,8
2024-09-17 11:21:55.298000,416.40478034936046,103
2024-09-17 11:21:55.312000,416.4207811493667,13
2024-09-17 11:21:55.412000,416.3785579010215,1004
2024-09-17 11:21:55.537000,416.3959551195544,9
2024-09-17 11:21:55.615000,416.3741184894188,9
2024-09-17 11:21:55.834000,416.3813429330415,9
2024-09-17 11:21:55.863000,416.4228391339698,1005
2024-09-17 11:21:56.124000,416.3286735506287,102
2024-09-17 11:21:56.156000,416.31449325550847,13
2024-09-17 11:21:56.280000,416.3233484014448,15
2024-09-17 11:21:56.372000,416.3432066739585,11
2024-09-17 11:21:56.378000,416.3096388282586,7
2024-09-17 11:21:56.435000,416.3586500334085,999
2024-09-17 11:21:56.454000,416.3434281369339,95
2024-09-17 11:21:56.573000,416.3307462815191,14
2024-09-17 11:21:56.679000,416.369444403964,12
2024-09-17 11:21:56.761000,416.3460907707326,12
2024-09-17 11:21:56.855000,416.34085120428927,103
2024-09-17 11:21:56.910000,416.3702581257817,98
2024-09-17 11:21:56.925000,416.324442844965,998
2024-09-17 11:21:56.967000,416.3454638729533,996
2024-09-17 11:21:57.107000,416.34956236636094,1002
2024-09-17 11:21:57.147000,416.3416014583044,102
2024-09-17 11:21:57.211000,416.346842456149,100
2024-09-17 11:21:57.369000,416.3273008141943,15
2024-09-17 11:21:57.566000,416.3535112618282,13
2024-09-17 11:21:57.662000,416.3514950450995,995
2024-09-17 11:21:57.883000,416.349977616649,996
2024-09-17 11:21:57.970000,416.3436845219603,9
2024-09-17 11:21:58.119000,416.3601736666175,96
2024-09-17 11:21:58.141000,416.4111890789293,1004
2024-09-17 11:21:58.220000,416.38264262884815,1005
2024-09-17 11:21:58.245000,416.3523277104302,96
2024-09-17 11:21:58.276000,416.4402189346752,97
2024-09-17 11:21:58.342000,416.36968196951926,96
2024-09-17 11:21:58.375000,416.4331286781504,101
2024-09-17 11:21:58.390000,416.37166904695175,1001
2024-09-17 11:21:58.402000,416.3542002304974,97
2024-09-17 11:21:58.551000,416.3646650242373,999
2024-09-17 11:21:58.584000,416.3664527817052,102
2024-09-17 11:21:58.610000,416.4278269914086,105
2024-09-17 11:21:58.617000,416.4208577481836,99
2024-09-17 11:21:58.647000,416.362671266692,998
2024-09-17 11:21:58.690000,416.3590825351047,103
2024-09-17 11:21:58.707000,416.3560135441232,998
2024-09-17 11:21:58.746000,416.3620001888004,102
2024-09-17 11:21:58.780000,416.431420977941,13
2024-09-17 11:21:59.151000,416.4531916317138,102
2024-09-17 11:21:59.320000,416.4657955709032,14
2024-09-17 11:21:59.336000,416.4527403799139,10
2024-09-17 11:21:59.796000,416.4562358830893,100
