Timestamp,Price,Size
2024-09-18 11:44:00.099000,415.94439997,101
2024-09-18 11:44:00.322000,415.9399843669729,102
2024-09-18 11:44:00.335000,415.9301952868475,1002
2024-09-18 11:44:00.361000,415.935501393804,999
2024-09-18 11:44:00.484000,415.9251886484704,13
2024-09-18 11:44:00.531000,415.95701694067617,12
2024-09-18 11:44:00.535000,415.9347146726331,1001
2024-09-18 11:44:00.537000,415.93382675393184,1004
2024-09-18 11:44:00.715000,415.96610330013647,11
2024-09-18 11:44:00.948000,415.9526198467768,1001
2024-09-18 11:44:00.953000,415.9570621516616,14
2024-09-18 11:44:01.084000,415.9641895360081,100
2024-09-18 11:44:01.094000,416.07819858928207,104
2024-09-18 11:44:01.117000,416.0390815130476,102
2024-09-18 11:44:01.140000,415.9949911727596,98
2024-09-18 11:44:01.150000,416.0216697038929,10
2024-09-18 11:44:01.182000,415.9945305163729,1002
2024-09-18 11:44:01.236000,415.9819765207181,7
2024-09-18 11:44:01.298000,415.9469116663698,1002
2024-09-18 11:44:01.328000,416.018822391806,996
2024-09-18 11:44:01.339000,415.96007803376807,100
2024-09-18 11:44:01.359000,416.0570181883244,1002
2024-09-18 11:44:01.522000,415.948781762094,1001
2024-09-18 11:44:01.555000,416.0455552091949,101
2024-09-18 11:44:01.587000,415.9701337540117,95
2024-09-18 11:44:01.828000,416.0508542657241,100
2024-09-18 11:44:01.832000,416.0836298333315,11
2024-09-18 11:44:01.846000,415.9513414370924,999
2024-09-18 11:44:01.932000,415.9737560082068,95
2024-09-18 11:44:01.969000,415.93995836826514,95
2024-09-18 11:44:02.026000,416.07639161935134,1004
2024-09-18 11:44:02.099000,416.1511300275426,15
2024-09-18 11:44:02.128000,416.10023339307287,7
2024-09-18 11:44:02.255000,416.094112891921,5
2024-09-18 11:44:02.332000,416.1019228408028,1002
2024-09-18 11:44:02.429000,416.1197731426089,1001
2024-09-18 11:44:02.512000,416.11106912277495,997
2024-09-18 11:44:02.524000,416.1566835327709,102
2024-09-18 11:44:02.606000,416.08352275515233,1003
2024-09-18 11:44:02.780000,416.1832157746512,1001
2024-09-18 11:44:02.874000,416.0890249669448,103
2024-09-18 11:44:02.933000,416.1508051784845,96
2024-09-18 11:44:02.959000,416.13074841437015,995
2024-09-18 11:44:03.028000,416.1670778141595,1004
2024-09-18 11:44:03.039000,416.1874268873569,7
2024-09-18 11:44:03.161000,416.19735842292425,102
2024-09-18 11:44:03.342000,416.2101141621148,996
2024-09-18 11:44:03.431000,416.1944858459461,10
2024-09-18 11:44:03.449000,416.20238037924616,102
2024-09-18 11:44:03.453000,416.21558970165705,13
2024-09-18 11:44:03.462000,416.2117094278674,15
2024-09-18 11:44:03.488000,416.19022130295457,1002
2024-09-18 11:44:03.527000,416.1931447630248,1000
2024-09-18 11:44:03.533000,416.182544287821,1003
2024-09-18 11:44:03.542000,416.2025757211305,8
2024-09-18 11:44:03.561000,416.2216020958579,1004
2024-09-18 11:44:03.636000,416.2178425546248,105
2024-09-18 11:44:03.703000,416.1949890774973,14
2024-09-18 11:44:03.732000,416.20458753399214,998
2024-09-18 11:44:03.738000,416.2162999953899,98
2024-09-18 11:44:03.764000,416.1991753298156,103
2024-09-18 11:44:03.805000,416.2211272506063,1001
2024-09-18 11:44:03.845000,416.21503859191546,1002
2024-09-18 11:44:03.847000,416.2002005104004,102
2024-09-18 11:44:03.850000,416.1988215049959,10
2024-09-18 11:44:03.881000,416.2034907997631,995
2024-09-18 11:44:03.901000,416.2198654847247,104
2024-09-18 11:44:03.905000,416.1952103592617,997
2024-09-18 11:44:03.930000,416.20581991658327,998
2024-09-18 11:44:03.972000,416.1734627647018,9
2024-09-18 11:44:03.973000,416.22167785378144,105
2024-09-18 11:44:04.039000,416.17667714174826,101
2024-09-18 11:44:04.049000,416.1760319979708,1000
2024-09-18 11:44:04.148000,416.1810709777098,11
2024-09-18 11:44:04.177000,416.1542073677617,102
2024-09-18 11:44:04.250000,416.1971070227719,1004
2024-09-18 11:44:04.271000,416.1526238294224,1000
2024-09-18 11:44:04.364000,416.145367076872,96
2024-09-18 11:44:04.374000,416.1872134834991,1005
2024-09-18 11:44:04.384000,416.1698782720096,10
2024-09-18 11:44:04.491000,416.1620750214376,100
2024-09-18 11:44:04.537000,416.1716225894549,11
2024-09-18 11:44:04.609000,416.182650779981,1004
2024-09-18 11:44:04.666000,416.15869896522383,1005
2024-09-18 11:44:04.677000,416.20959713908087,103
2024-09-18 11:44:04.683000,416.1582479846417,105
2024-09-18 11:44:04.697000,416.1966694232133,99
2024-09-18 11:44:04.932000,416.20722175332565,11
2024-09-18 11:44:05.004000,416.18877605320966,13
2024-09-18 11:44:05.012000,416.1729638057332,13
2024-09-18 11:44:05.180000,416.1770231536505,1003
2024-09-18 11:44:05.264000,416.2153808890721,101
2024-09-18 11:44:05.339000,416.19285484453735,8
2024-09-18 11:44:05.423000,416.1675728004298,100
2024-09-18 11:44:05.436000,416.2084726811274,13
2024-09-18 11:44:05.530000,416.18032277808953,995
2024-09-18 11:44:05.537000,416.1608397341597,1004
2024-09-18 11:44:05.850000,416.2103351215657,99
2024-09-18 11:44:05.970000,416.2061903038649,7
2024-09-18 11:44:06.030000,416.1933701568443,15
2024-09-18 11:44:06.045000,416.1567902038714,997
2024-09-18 11:44:06.078000,416.1801007699463,102
2024-09-18 11:44:06.097000,416.1789274275519,98
2024-09-18 11:44:06.100000,416.19347914807815,100
2024-09-18 11:44:06.103000,416.1692279028008,104
2024-09-18 11:44:06.122000,416.1675206061855,100
2024-09-18 11:44:06.195000,416.1656028397676,95
2024-09-18 11:44:06.236000,416.1825455058904,1004
2024-09-18 11:44:06.272000,416.1990193917451,12
2024-09-18 11:44:06.325000,416.1834177140472,995
2024-09-18 11:44:06.468000,416.1788410117772,7
2024-09-18 11:44:06.477000,416.1777511877412,15
2024-09-18 11:44:06.492000,416.197342641381,996
2024-09-18 11:44:06.670000,416.19836993098994,1001
2024-09-18 11:44:06.688000,416.1615599686578,1001
2024-09-18 11:44:06.725000,416.1971739316531,96
2024-09-18 11:44:06.860000,416.201526264132,1002
2024-09-18 11:44:06.871000,416.20591538574905,1004
2024-09-18 11:44:07.042000,416.12284810498505,7
2024-09-18 11:44:07.068000,416.1806707810716,999
2024-09-18 11:44:07.115000,416.12936632083216,102
2024-09-18 11:44:07.122000,416.14178697784416,999
2024-09-18 11:44:07.145000,416.1205270309018,15
2024-09-18 11:44:07.160000,416.1403038372768,1001
2024-09-18 11:44:07.174000,416.1442370757356,100
2024-09-18 11:44:07.218000,416.1750857120886,10
2024-09-18 11:44:07.267000,416.1233239852586,1000
2024-09-18 11:44:07.280000,416.1762116120617,104
2024-09-18 11:44:07.283000,416.14586432739264,104
2024-09-18 11:44:07.285000,416.17763660505057,997
2024-09-18 11:44:07.368000,416.1612731593464,13
2024-09-18 11:44:07.474000,416.1343043053888,1005
2024-09-18 11:44:07.496000,416.15337496673067,997
2024-09-18 11:44:07.506000,416.1308127257693,1003
2024-09-18 11:44:07.546000,416.1568864633781,999
2024-09-18 11:44:07.561000,416.1437450096648,98
2024-09-18 11:44:07.579000,416.1455384950309,100
2024-09-18 11:44:07.601000,416.170848718075,999
2024-09-18 11:44:07.625000,416.149445090224,997
2024-09-18 11:44:07.653000,416.1789610346286,8
2024-09-18 11:44:07.704000,416.16827195395706,1004
2024-09-18 11:44:07.743000,416.1502360231994,105
2024-09-18 11:44:07.788000,416.1280882213721,100
2024-09-18 11:44:07.807000,416.1492887863984,103
2024-09-18 11:44:07.822000,416.193962286396,6
2024-09-18 11:44:07.863000,416.1401479016422,996
2024-09-18 11:44:07.864000,416.154477759518,105
2024-09-18 11:44:09.036000,416.0852326996628,1004
2024-09-18 11:44:09.152000,416.11398140621066,96
2024-09-18 11:44:09.231000,416.1123685647245,996
2024-09-18 11:44:09.250000,416.0970958647047,100
2024-09-18 11:44:09.261000,416.1007492928449,101
2024-09-18 11:44:09.270000,416.0827608776084,14
2024-09-18 11:44:09.311000,416.0970973359881,997
2024-09-18 11:44:09.320000,416.0886153766724,12
2024-09-18 11:44:09.346000,416.1291410521888,5
2024-09-18 11:44:09.352000,416.1172348858144,996
2024-09-18 11:44:09.367000,416.11180151451015,98
2024-09-18 11:44:09.395000,416.10175840518434,1000
2024-09-18 11:44:09.406000,416.1173283133954,1005
2024-09-18 11:44:09.499000,416.0934380059524,95
2024-09-18 11:44:09.500000,416.0846869234508,1004
2024-09-18 11:44:09.509000,416.10502644548217,104
2024-09-18 11:44:09.563000,416.08736237487136,9
2024-09-18 11:44:09.584000,416.11693948622775,12
2024-09-18 11:44:09.599000,416.1068476648495,95
2024-09-18 11:44:09.641000,416.12147213535405,12
2024-09-18 11:44:09.702000,416.0645946734984,96
2024-09-18 11:44:09.702000,416.0957231799696,1004
2024-09-18 11:44:09.729000,416.1021708611257,7
2024-09-18 11:44:09.791000,416.1271263510124,104
2024-09-18 11:44:09.827000,416.1095274066703,7
2024-09-18 11:44:09.844000,416.09575121033225,1003
2024-09-18 11:44:09.899000,416.1059605072056,101
2024-09-18 11:44:10.121000,416.1357008816229,11
2024-09-18 11:44:10.127000,416.1248046329925,13
2024-09-18 11:44:10.223000,416.1284423494151,7
2024-09-18 11:44:10.251000,416.1299432890974,1005
2024-09-18 11:44:10.699000,416.1347327942152,5
2024-09-18 11:44:10.890000,416.1448011189827,105
2024-09-18 11:44:11.009000,416.09406012554274,1000
2024-09-18 11:44:11.026000,416.143702433839,5
2024-09-18 11:44:11.080000,416.1434489210472,995
2024-09-18 11:44:11.102000,416.15469011622463,100
2024-09-18 11:44:11.127000,416.1321980822676,15
2024-09-18 11:44:11.184000,416.09083108082143,98
2024-09-18 11:44:11.218000,416.0945949001048,100
2024-09-18 11:44:11.224000,416.1306149817046,103
2024-09-18 11:44:11.230000,416.1050111431233,105
2024-09-18 11:44:11.241000,416.1568445011362,99
2024-09-18 11:44:11.253000,416.1107824731943,103
2024-09-18 11:44:11.263000,416.1375471157119,999
2024-09-18 11:44:11.278000,416.1537672460929,14
2024-09-18 11:44:11.462000,416.1138417839517,10
2024-09-18 11:44:11.508000,416.1319239069062,101
2024-09-18 11:44:11.512000,416.17189892693017,1003
2024-09-18 11:44:11.548000,416.1277621985103,1004
2024-09-18 11:44:11.599000,416.1204900729096,9
2024-09-18 11:44:11.624000,416.1505529715298,95
2024-09-18 11:44:11.626000,416.1437753590188,1001
2024-09-18 11:44:11.630000,416.1251416028796,95
2024-09-18 11:44:11.669000,416.1032754488479,998
2024-09-18 11:44:11.670000,416.1087643285673,998
2024-09-18 11:44:11.688000,416.1694388417058,1004
2024-09-18 11:44:11.717000,416.1355556099773,102
2024-09-18 11:44:11.799000,416.11809493794016,97
2024-09-18 11:44:11.879000,416.1480518872305,995
2024-09-18 11:44:11.922000,416.1084697556996,1004
2024-09-18 11:44:11.962000,416.127751373641,101
2024-09-18 11:44:12.009000,416.1806214347891,105
2024-09-18 11:44:12.012000,416.1680763984906,5
2024-09-18 11:44:12.074000,416.1576992094797,1003
2024-09-18 11:44:12.137000,416.1621109996877,98
2024-09-18 11:44:12.281000,416.1650758006692,8
2024-09-18 11:44:12.561000,416.1829448381056,11
2024-09-18 11:44:12.608000,416.17047376959454,102
2024-09-18 11:44:12.902000,416.1841172801721,97
2024-09-18 11:44:13.042000,416.1751151828026,996
2024-09-18 11:44:13.098000,416.2237372924922,15
2024-09-18 11:44:13.122000,416.1583465189032,97
2024-09-18 11:44:13.127000,416.1277499096547,1002
2024-09-18 11:44:13.135000,416.1417233560437,997
2024-09-18 11:44:13.194000,416.1832218657432,13
2024-09-18 11:44:13.223000,416.1283895128748,15
2024-09-18 11:44:13.254000,416.1154551541112,1001
2024-09-18 11:44:13.275000,416.123244237991,102
2024-09-18 11:44:13.297000,416.2066713541468,15
2024-09-18 11:44:13.368000,416.2269401163506,1003
2024-09-18 11:44:13.438000,416.2167989416644,104
2024-09-18 11:44:13.465000,416.11118026718026,996
2024-09-18 11:44:13.468000,416.2429387060051,10
2024-09-18 11:44:13.471000,416.1267020895119,105
2024-09-18 11:44:13.496000,416.17233245734224,15
2024-09-18 11:44:13.521000,416.1753806182696,996
2024-09-18 11:44:13.531000,416.1508847395641,1000
2024-09-18 11:44:13.534000,416.1442252935078,9
2024-09-18 11:44:13.544000,416.1815630005992,102
2024-09-18 11:44:13.600000,416.098188826458,14
2024-09-18 11:44:13.664000,416.2273212133684,999
2024-09-18 11:44:13.764000,416.12524619674826,102
2024-09-18 11:44:13.850000,416.2453011627705,1003
2024-09-18 11:44:13.857000,416.15762185950615,997
2024-09-18 11:44:13.901000,416.1604627607084,104
2024-09-18 11:44:13.927000,416.12690735532806,11
2024-09-18 11:44:13.999000,416.1658330015496,98
2024-09-18 11:44:14.022000,416.2904876462933,98
2024-09-18 11:44:14.056000,416.2370281295704,99
2024-09-18 11:44:14.094000,416.2669017171975,7
2024-09-18 11:44:14.173000,416.2507445207659,997
2024-09-18 11:44:14.188000,416.3140126217294,105
2024-09-18 11:44:14.239000,416.2346031147792,1005
2024-09-18 11:44:14.322000,416.2509581854809,13
2024-09-18 11:44:14.338000,416.2515493167964,1001
2024-09-18 11:44:14.452000,416.2453472382173,995
2024-09-18 11:44:14.467000,416.2473199664439,1005
2024-09-18 11:44:14.549000,416.2549168733457,97
2024-09-18 11:44:14.595000,416.2574864679312,5
2024-09-18 11:44:14.647000,416.2376960524501,998
2024-09-18 11:44:14.691000,416.26832068184666,10
2024-09-18 11:44:14.885000,416.2901750612708,103
2024-09-18 11:44:14.898000,416.2540994355241,10
2024-09-18 11:44:14.980000,416.2958392121466,95
2024-09-18 11:44:15.011000,416.3120201841224,995
2024-09-18 11:44:15.065000,416.3251614985332,105
2024-09-18 11:44:15.078000,416.33914293441705,95
2024-09-18 11:44:15.091000,416.3283593317794,5
2024-09-18 11:44:15.091000,416.3244379678528,97
2024-09-18 11:44:15.196000,416.3198629938579,997
2024-09-18 11:44:15.293000,416.333046630749,14
2024-09-18 11:44:15.646000,416.3420146465252,1004
2024-09-18 11:44:16.104000,416.3214543088991,996
2024-09-18 11:44:16.135000,416.318996850672,10
2024-09-18 11:44:16.159000,416.3328992234156,9
2024-09-18 11:44:16.231000,416.2500504787315,11
2024-09-18 11:44:16.272000,416.33492107460575,10
2024-09-18 11:44:16.305000,416.3412493801283,1005
2024-09-18 11:44:16.332000,416.2634787197037,96
2024-09-18 11:44:16.342000,416.3056513100218,12
2024-09-18 11:44:16.443000,416.2504102465227,12
2024-09-18 11:44:16.483000,416.3427302207229,104
2024-09-18 11:44:16.507000,416.2584092373924,95
2024-09-18 11:44:16.520000,416.2452191944473,1000
2024-09-18 11:44:16.562000,416.2882967172559,5
2024-09-18 11:44:16.563000,416.2659243414624,1005
2024-09-18 11:44:16.597000,416.327131626901,99
2024-09-18 11:44:16.617000,416.2619980536618,98
2024-09-18 11:44:16.667000,416.2912548454513,97
2024-09-18 11:44:16.678000,416.2629878442049,13
2024-09-18 11:44:16.716000,416.3058558475712,102
2024-09-18 11:44:16.825000,416.317682014641,9
2024-09-18 11:44:16.903000,416.3458817085386,12
2024-09-18 11:44:16.988000,416.3064625763381,101
2024-09-18 11:44:17.049000,416.2305565262532,8
2024-09-18 11:44:17.063000,416.2084145829265,104
2024-09-18 11:44:17.082000,416.2270300139943,1004
2024-09-18 11:44:17.132000,416.2392662688952,1002
2024-09-18 11:44:17.205000,416.2171691898175,1000
2024-09-18 11:44:17.231000,416.2305710421148,99
2024-09-18 11:44:17.912000,416.234146310718,99
2024-09-18 11:44:19.194000,416.18703029530536,1002
2024-09-18 11:44:19.371000,416.20120510830407,96
2024-09-18 11:44:19.444000,416.1885728644736,103
2024-09-18 11:44:19.613000,416.1947727106418,1004
2024-09-18 11:44:20.001000,416.13057576144746,5
2024-09-18 11:44:20.028000,416.2063749319087,997
2024-09-18 11:44:20.242000,416.1649898289996,102
2024-09-18 11:44:20.278000,416.1296612490892,100
2024-09-18 11:44:20.321000,416.2003843570537,1004
2024-09-18 11:44:20.322000,416.1560245733567,14
2024-09-18 11:44:20.431000,416.1644719339225,96
2024-09-18 11:44:20.455000,416.1459821836803,8
2024-09-18 11:44:20.505000,416.14153179205306,99
2024-09-18 11:44:20.682000,416.1850722538704,101
2024-09-18 11:44:20.823000,416.1575882828128,1005
2024-09-18 11:44:20.840000,416.179669532105,101
2024-09-18 11:44:20.878000,416.1624032625695,15
2024-09-18 11:44:20.950000,416.1524643026741,998
2024-09-18 11:44:20.980000,416.16668274911126,97
2024-09-18 11:44:21.101000,416.1484665814149,5
2024-09-18 11:44:21.197000,416.1598399680837,997
2024-09-18 11:44:21.252000,416.13137457735047,1005
2024-09-18 11:44:21.275000,416.1822482827647,8
2024-09-18 11:44:21.420000,416.1743245225536,8
2024-09-18 11:44:21.514000,416.1902441753826,10
2024-09-18 11:44:21.699000,416.1609210588564,1003
2024-09-18 11:44:21.723000,416.18973883854864,15
2024-09-18 11:44:21.733000,416.1642157446818,103
2024-09-18 11:44:21.742000,416.1298197857951,100
2024-09-18 11:44:21.882000,416.17151291114914,7
2024-09-18 11:44:21.944000,416.1536785597908,15
2024-09-18 11:44:21.957000,416.18964765613566,10
2024-09-18 11:44:22.004000,416.1442930239987,999
2024-09-18 11:44:22.009000,416.0989234856927,1002
2024-09-18 11:44:22.037000,416.1248961951849,13
2024-09-18 11:44:22.068000,416.094777417506,1001
2024-09-18 11:44:22.110000,416.154093444267,101
2024-09-18 11:44:22.125000,416.147684462854,1000
2024-09-18 11:44:22.190000,416.1460531758058,95
2024-09-18 11:44:22.262000,416.1556327116931,999
2024-09-18 11:44:22.282000,416.07112107362974,98
2024-09-18 11:44:22.287000,416.0807483728101,1001
2024-09-18 11:44:22.411000,416.1370997628829,105
2024-09-18 11:44:22.438000,416.14281019736734,998
2024-09-18 11:44:22.524000,416.1186299784296,105
2024-09-18 11:44:22.572000,416.1304128092355,1004
2024-09-18 11:44:22.578000,416.099710730962,10
2024-09-18 11:44:22.579000,416.1359676677755,13
2024-09-18 11:44:22.613000,416.0747666012231,15
2024-09-18 11:44:22.621000,416.0805230621512,97
2024-09-18 11:44:22.679000,416.0984460954156,99
2024-09-18 11:44:22.710000,416.1494961104664,101
2024-09-18 11:44:22.740000,416.1018501689036,96
2024-09-18 11:44:22.833000,416.0845528467668,15
2024-09-18 11:44:22.843000,416.08989622860986,6
2024-09-18 11:44:22.915000,416.1383200951155,10
2024-09-18 11:44:22.928000,416.07270339999,14
2024-09-18 11:44:23.027000,416.1647129714744,996
2024-09-18 11:44:23.046000,416.1611403091521,98
2024-09-18 11:44:23.094000,416.1588276657472,998
2024-09-18 11:44:23.149000,416.145813064634,98
2024-09-18 11:44:23.223000,416.2055251404975,1001
2024-09-18 11:44:23.239000,416.1497952753348,12
2024-09-18 11:44:23.481000,416.17559955754905,11
2024-09-18 11:44:23.510000,416.1605099675613,12
2024-09-18 11:44:23.828000,416.20705449843024,1001
2024-09-18 11:44:23.873000,416.1824871428108,6
2024-09-18 11:44:23.971000,416.1683145707669,100
2024-09-18 11:44:23.993000,416.17201016587234,12
2024-09-18 11:44:24.030000,416.2119785483966,97
2024-09-18 11:44:24.072000,416.2229752740759,6
2024-09-18 11:44:24.079000,416.2153687632491,95
2024-09-18 11:44:24.158000,416.26519860371474,104
2024-09-18 11:44:24.173000,416.2291140624833,103
2024-09-18 11:44:24.246000,416.2167885515623,1003
2024-09-18 11:44:24.278000,416.2048355684284,1000
2024-09-18 11:44:24.305000,416.23741950008974,1003
2024-09-18 11:44:24.322000,416.2175279184304,1001
2024-09-18 11:44:24.344000,416.2442031781226,6
2024-09-18 11:44:24.399000,416.2252839621964,10
2024-09-18 11:44:24.404000,416.2404859392857,13
2024-09-18 11:44:24.407000,416.2102121882302,14
2024-09-18 11:44:24.420000,416.2531901755148,99
2024-09-18 11:44:24.430000,416.2098069086706,996
2024-09-18 11:44:24.458000,416.2510730389346,6
2024-09-18 11:44:24.458000,416.2263861973103,1003
2024-09-18 11:44:24.507000,416.2229808819192,15
2024-09-18 11:44:24.525000,416.2368481517012,1005
2024-09-18 11:44:24.555000,416.24101501010193,11
2024-09-18 11:44:24.598000,416.2073194985567,98
2024-09-18 11:44:24.687000,416.21255669592273,11
2024-09-18 11:44:24.753000,416.22163717095816,997
2024-09-18 11:44:24.946000,416.2078607307618,104
2024-09-18 11:44:24.967000,416.228864033509,104
2024-09-18 11:44:24.990000,416.21020162265313,1001
2024-09-18 11:44:24.998000,416.2745921359628,995
2024-09-18 11:44:25.208000,416.2344078808408,1001
2024-09-18 11:44:25.222000,416.2207390744927,11
2024-09-18 11:44:25.229000,416.2320154903493,11
2024-09-18 11:44:25.301000,416.21093760573535,101
2024-09-18 11:44:25.424000,416.2411490687142,1003
2024-09-18 11:44:25.471000,416.2157105114295,97
2024-09-18 11:44:25.720000,416.2351956330615,9
2024-09-18 11:44:25.921000,416.2507789131406,105
2024-09-18 11:44:25.984000,416.2408222965939,1005
2024-09-18 11:44:26.029000,416.3020156966922,98
2024-09-18 11:44:26.133000,416.3625115607712,12
2024-09-18 11:44:26.273000,416.2537393220909,9
2024-09-18 11:44:26.341000,416.2902532215921,1004
2024-09-18 11:44:26.359000,416.30520982407313,997
2024-09-18 11:44:26.360000,416.3502436336325,8
2024-09-18 11:44:26.430000,416.3340780832583,14
2024-09-18 11:44:26.456000,416.3448477447406,11
2024-09-18 11:44:26.497000,416.3369112009519,5
2024-09-18 11:44:26.504000,416.3648558480832,96
2024-09-18 11:44:26.529000,416.27086994879534,101
2024-09-18 11:44:26.580000,416.2990078039688,996
2024-09-18 11:44:26.775000,416.3309454952197,998
2024-09-18 11:44:26.815000,416.2315000115222,8
2024-09-18 11:44:26.838000,416.2964208389719,98
2024-09-18 11:44:26.881000,416.342285436548,1005
2024-09-18 11:44:26.901000,416.2928447491252,103
2024-09-18 11:44:26.910000,416.299286596413,997
2024-09-18 11:44:26.953000,416.3389076962928,97
2024-09-18 11:44:27.035000,416.3325442699452,10
2024-09-18 11:44:27.104000,416.3242728428637,101
2024-09-18 11:44:27.137000,416.3010365997623,1001
2024-09-18 11:44:27.137000,416.3250074695883,101
2024-09-18 11:44:27.197000,416.303631140394,8
2024-09-18 11:44:27.240000,416.34937795492897,1003
2024-09-18 11:44:27.242000,416.2876881172995,1004
2024-09-18 11:44:27.386000,416.32298375197246,14
2024-09-18 11:44:27.391000,416.32339328027246,101
2024-09-18 11:44:27.394000,416.36627605435774,9
2024-09-18 11:44:27.450000,416.3104856367756,102
2024-09-18 11:44:27.484000,416.3224722182874,1001
2024-09-18 11:44:27.513000,416.3200604403495,99
2024-09-18 11:44:27.559000,416.34908974266347,95
2024-09-18 11:44:27.560000,416.3466490509408,1002
2024-09-18 11:44:27.581000,416.33425515218624,999
2024-09-18 11:44:27.601000,416.3697347301396,97
2024-09-18 11:44:27.602000,416.3259662503924,98
2024-09-18 11:44:27.764000,416.3462157021012,11
2024-09-18 11:44:27.934000,416.3484268237167,1003
2024-09-18 11:44:28,416.2427668513071,102
2024-09-18 11:44:28.113000,416.2522375777683,99
2024-09-18 11:44:28.196000,416.2637481581468,103
2024-09-18 11:44:28.209000,416.2263998188778,97
2024-09-18 11:44:28.303000,416.2378283549703,1000
2024-09-18 11:44:28.358000,416.2409705540972,97
2024-09-18 11:44:28.572000,416.2187216818416,103
2024-09-18 11:44:28.812000,416.2495625391983,99
2024-09-18 11:44:28.853000,416.2655303054104,997
2024-09-18 11:44:28.853000,416.2438812379485,996
2024-09-18 11:44:28.949000,416.2486239467771,105
2024-09-18 11:44:28.986000,416.2658662919716,102
2024-09-18 11:44:29,416.2887794672913,1002
2024-09-18 11:44:29.037000,416.2957577343769,1005
2024-09-18 11:44:29.101000,416.2077330329208,998
2024-09-18 11:44:29.167000,416.2781316993653,7
2024-09-18 11:44:29.200000,416.2352038921914,97
2024-09-18 11:44:29.208000,416.2518380650691,96
2024-09-18 11:44:29.236000,416.2139911024132,6
2024-09-18 11:44:29.254000,416.2228146148239,98
2024-09-18 11:44:29.314000,416.3017154850728,97
2024-09-18 11:44:29.412000,416.3017752850411,1005
2024-09-18 11:44:29.421000,416.30726842177546,10
2024-09-18 11:44:29.422000,416.3013220509784,1000
2024-09-18 11:44:29.451000,416.3213159778353,6
2024-09-18 11:44:29.499000,416.30474020193753,6
2024-09-18 11:44:29.538000,416.188463955019,1005
2024-09-18 11:44:29.602000,416.2485450783288,1003
2024-09-18 11:44:29.608000,416.3200758159253,104
2024-09-18 11:44:29.609000,416.2884666392682,1003
2024-09-18 11:44:29.672000,416.26597074172366,1004
2024-09-18 11:44:29.727000,416.2302594252657,15
2024-09-18 11:44:29.740000,416.2955713912501,15
2024-09-18 11:44:29.780000,416.238983856432,101
2024-09-18 11:44:29.809000,416.3110485401113,14
2024-09-18 11:44:29.921000,416.2738705524578,103
2024-09-18 11:44:29.941000,416.304160395646,101
2024-09-18 11:44:30.008000,416.1588543553834,101
2024-09-18 11:44:30.035000,416.1797940672445,14
2024-09-18 11:44:30.069000,416.1422012847637,9
2024-09-18 11:44:30.170000,416.1332319957988,105
2024-09-18 11:44:30.222000,416.1333335890852,97
2024-09-18 11:44:30.241000,416.1463516262178,10
2024-09-18 11:44:30.267000,416.16904796859217,11
2024-09-18 11:44:30.354000,416.1863454613064,9
2024-09-18 11:44:30.361000,416.17833409841535,13
2024-09-18 11:44:30.457000,416.1736442558874,14
2024-09-18 11:44:30.505000,416.1527986269524,105
2024-09-18 11:44:30.534000,416.1648001208105,104
2024-09-18 11:44:30.723000,416.165998048446,103
2024-09-18 11:44:30.743000,416.1693287874759,1003
2024-09-18 11:44:31.025000,416.1723004683466,104
2024-09-18 11:44:31.070000,415.9852593938973,1005
2024-09-18 11:44:31.079000,416.0279635373604,14
2024-09-18 11:44:31.089000,416.088491629747,11
2024-09-18 11:44:31.093000,416.1765192081287,1005
2024-09-18 11:44:31.193000,415.9805054758721,15
2024-09-18 11:44:31.214000,416.13957416105376,14
2024-09-18 11:44:31.290000,416.04697948750055,1004
2024-09-18 11:44:31.344000,416.0001315049659,100
2024-09-18 11:44:31.368000,416.1628989852408,1002
2024-09-18 11:44:31.424000,416.1635559012236,102
2024-09-18 11:44:31.440000,416.0714223217964,9
2024-09-18 11:44:31.483000,416.1910120704549,1003
2024-09-18 11:44:31.494000,416.0758219472401,102
2024-09-18 11:44:31.638000,416.1126957587492,100
2024-09-18 11:44:31.641000,416.0492945250655,100
2024-09-18 11:44:31.678000,416.07300549850976,103
2024-09-18 11:44:31.689000,416.03901161081615,997
2024-09-18 11:44:31.697000,416.0420130637733,8
2024-09-18 11:44:31.713000,416.0242772884684,6
2024-09-18 11:44:31.744000,416.02919755000886,104
2024-09-18 11:44:31.775000,416.1340975154711,1004
2024-09-18 11:44:31.785000,416.0282546220075,104
2024-09-18 11:44:31.798000,416.1845760234132,7
2024-09-18 11:44:31.854000,416.03484215609575,101
2024-09-18 11:44:31.904000,415.9971821492597,5
2024-09-18 11:44:31.963000,415.9956196922805,1004
2024-09-18 11:44:31.999000,416.0484643595311,99
2024-09-18 11:44:32.069000,416.01342952148826,1002
2024-09-18 11:44:32.077000,416.0124124736515,6
2024-09-18 11:44:32.163000,416.0132997126167,104
2024-09-18 11:44:32.177000,416.02791921480406,95
2024-09-18 11:44:32.180000,416.0474127613053,7
2024-09-18 11:44:32.250000,416.0561855899554,104
2024-09-18 11:44:32.273000,415.9860540602583,12
2024-09-18 11:44:32.273000,416.0255076671109,11
2024-09-18 11:44:32.281000,416.114419341731,10
2024-09-18 11:44:32.440000,415.9945466241596,995
2024-09-18 11:44:32.583000,416.12471015590216,10
2024-09-18 11:44:32.631000,416.0112864706464,1001
2024-09-18 11:44:32.813000,416.0228543529134,1005
2024-09-18 11:44:32.836000,415.9906396509389,100
2024-09-18 11:44:32.859000,416.0293337208754,99
2024-09-18 11:44:32.882000,416.0183945315463,98
2024-09-18 11:44:32.906000,416.031732867581,7
2024-09-18 11:44:32.914000,416.0250946245047,998
2024-09-18 11:44:32.922000,416.0929092406364,96
2024-09-18 11:44:32.991000,416.02188572943817,995
2024-09-18 11:44:33.006000,416.1599540223547,996
2024-09-18 11:44:33.034000,416.1125335178225,105
2024-09-18 11:44:33.195000,416.1411919922292,997
2024-09-18 11:44:33.199000,416.0982921642944,105
2024-09-18 11:44:33.244000,416.1106629656204,996
2024-09-18 11:44:33.251000,416.12603565287554,7
2024-09-18 11:44:33.366000,416.1191622250008,1002
2024-09-18 11:44:33.408000,416.12308719335687,1001
2024-09-18 11:44:33.415000,416.1286908639897,104
2024-09-18 11:44:33.433000,416.1248998745539,7
2024-09-18 11:44:33.441000,416.10792834435847,998
2024-09-18 11:44:33.447000,416.139934624429,102
2024-09-18 11:44:33.507000,416.1044774233017,96
2024-09-18 11:44:33.552000,416.1177474690928,97
2024-09-18 11:44:33.580000,416.1260038248482,1002
2024-09-18 11:44:33.587000,416.1169441437175,7
2024-09-18 11:44:33.597000,416.11782980784113,10
2024-09-18 11:44:33.599000,416.1144411718779,1004
2024-09-18 11:44:33.661000,416.143109190333,5
2024-09-18 11:44:33.667000,416.1263311536081,102
2024-09-18 11:44:33.754000,416.12389691925785,104
2024-09-18 11:44:33.810000,416.1304275572859,14
2024-09-18 11:44:33.833000,416.13659019857937,13
2024-09-18 11:44:33.884000,416.1384640902728,12
2024-09-18 11:44:33.888000,416.11768734668414,99
2024-09-18 11:44:33.901000,416.0800751045935,99
2024-09-18 11:44:33.954000,416.1256670831192,15
2024-09-18 11:44:33.979000,416.1333746921204,998
2024-09-18 11:44:34.019000,416.1556927243386,996
2024-09-18 11:44:34.041000,416.1064793817776,1004
2024-09-18 11:44:34.074000,416.1261638129484,102
2024-09-18 11:44:34.118000,416.1260234397871,998
2024-09-18 11:44:34.174000,416.1308142241405,1000
2024-09-18 11:44:34.178000,416.14374404706535,96
2024-09-18 11:44:34.189000,416.1072950876656,5
2024-09-18 11:44:34.248000,416.15569651706807,996
2024-09-18 11:44:34.271000,416.1225438825342,14
2024-09-18 11:44:34.279000,416.14359671111686,997
2024-09-18 11:44:34.306000,416.12315564745376,9
2024-09-18 11:44:34.410000,416.1211257748103,102
2024-09-18 11:44:34.506000,416.1444422494637,99
2024-09-18 11:44:34.563000,416.1340718114617,100
2024-09-18 11:44:34.663000,416.1397490162825,97
2024-09-18 11:44:34.754000,416.0987327094558,7
2024-09-18 11:44:34.768000,416.1381338205565,14
2024-09-18 11:44:34.846000,416.1408887329559,95
2024-09-18 11:44:34.876000,416.09614246329727,995
2024-09-18 11:44:34.884000,416.1222604218251,105
2024-09-18 11:44:34.886000,416.1543302385807,104
2024-09-18 11:44:34.894000,416.1444417050335,104
2024-09-18 11:44:34.941000,416.14157977534,6
2024-09-18 11:44:35.108000,416.1085192938171,105
2024-09-18 11:44:35.205000,416.0389765119031,1004
2024-09-18 11:44:35.215000,416.1185498879135,1004
2024-09-18 11:44:35.241000,416.0291740724864,1002
2024-09-18 11:44:35.308000,416.09532562746847,1004
2024-09-18 11:44:35.350000,416.0402545513534,101
2024-09-18 11:44:35.357000,416.0443676390266,1001
2024-09-18 11:44:35.414000,416.1010169609248,102
2024-09-18 11:44:35.417000,416.04868888515256,1003
2024-09-18 11:44:35.422000,416.04432755623816,15
2024-09-18 11:44:35.437000,416.1021998037352,15
2024-09-18 11:44:35.449000,416.0389611902468,5
2024-09-18 11:44:35.485000,416.1073927005511,997
2024-09-18 11:44:35.486000,416.03864547264686,103
2024-09-18 11:44:35.584000,416.1103332636768,1000
2024-09-18 11:44:35.634000,416.0455239224801,12
2024-09-18 11:44:35.687000,416.0680781697437,1002
2024-09-18 11:44:35.689000,416.13719771168417,999
2024-09-18 11:44:35.766000,416.10859836811926,99
2024-09-18 11:44:35.855000,416.0422417897651,5
2024-09-18 11:44:35.901000,416.0345016742564,6
2024-09-18 11:44:35.922000,416.03475495347527,15
2024-09-18 11:44:35.929000,416.11004557004026,10
2024-09-18 11:44:35.970000,416.0797929265696,1000
2024-09-18 11:44:35.970000,416.1156139529267,995
2024-09-18 11:44:35.981000,416.11121471945495,100
2024-09-18 11:44:36.030000,416.05840420396055,12
2024-09-18 11:44:36.059000,416.1020303660774,11
2024-09-18 11:44:36.116000,416.07823353068096,1003
2024-09-18 11:44:36.301000,416.069680413066,9
2024-09-18 11:44:36.335000,416.08003573645374,998
2024-09-18 11:44:36.379000,416.0872248903612,97
2024-09-18 11:44:36.390000,416.0602141782289,1005
2024-09-18 11:44:36.409000,416.07087269103175,95
2024-09-18 11:44:36.425000,416.06818815733874,1001
2024-09-18 11:44:36.457000,416.05964896387405,1004
2024-09-18 11:44:36.493000,416.0758922049197,13
2024-09-18 11:44:36.616000,416.07249661594506,12
2024-09-18 11:44:36.711000,416.0671228595827,13
2024-09-18 11:44:36.726000,416.0585163050699,14
2024-09-18 11:44:36.984000,416.060427523209,1005
2024-09-18 11:44:37.016000,416.0845752349916,10
2024-09-18 11:44:37.085000,416.1181115229314,997
2024-09-18 11:44:37.113000,416.1062955304682,7
2024-09-18 11:44:37.308000,416.1169652054616,1005
2024-09-18 11:44:37.614000,416.085270704854,995
2024-09-18 11:44:37.620000,416.1099921585527,10
2024-09-18 11:44:37.643000,416.134294082158,101
2024-09-18 11:44:37.645000,416.0882030058051,98
2024-09-18 11:44:37.663000,416.114208657746,103
2024-09-18 11:44:37.777000,416.096725118092,8
2024-09-18 11:44:37.855000,416.0771129933156,13
2024-09-18 11:44:38.010000,416.07762071899793,100
2024-09-18 11:44:38.067000,416.1043421423744,7
2024-09-18 11:44:38.105000,416.0876352078384,11
2024-09-18 11:44:38.493000,416.0881610621029,10
2024-09-18 11:44:38.642000,416.0917796608639,10
2024-09-18 11:44:38.644000,416.0850405149272,7
2024-09-18 11:44:38.933000,416.11824670776326,104
2024-09-18 11:44:39.049000,416.17468063308735,104
2024-09-18 11:44:39.125000,416.1348773044325,96
2024-09-18 11:44:39.196000,416.1588454926979,105
2024-09-18 11:44:39.296000,416.1289528259104,99
2024-09-18 11:44:39.335000,416.1723841925053,5
2024-09-18 11:44:39.338000,416.1615666008913,1004
2024-09-18 11:44:39.388000,416.1143355495391,102
2024-09-18 11:44:39.516000,416.16007078662136,996
2024-09-18 11:44:39.524000,416.1282408545112,5
2024-09-18 11:44:39.559000,416.1519324564427,102
2024-09-18 11:44:39.607000,416.1259296572516,11
2024-09-18 11:44:39.724000,416.1499120216717,1005
2024-09-18 11:44:39.749000,416.1395854958181,13
2024-09-18 11:44:39.824000,416.122697483286,95
2024-09-18 11:44:39.837000,416.1387079282436,996
2024-09-18 11:44:39.860000,416.158600797855,11
2024-09-18 11:44:40.081000,416.1662867258376,14
2024-09-18 11:44:40.237000,416.1779327072814,105
2024-09-18 11:44:40.333000,416.18035631102936,5
2024-09-18 11:44:40.344000,416.1913646369724,102
2024-09-18 11:44:40.352000,416.1850440991186,1000
2024-09-18 11:44:40.357000,416.1811858967904,1003
2024-09-18 11:44:40.413000,416.18157816376527,1004
2024-09-18 11:44:40.422000,416.162861484209,12
2024-09-18 11:44:40.566000,416.2000512313023,15
2024-09-18 11:44:40.609000,416.1734572673437,1002
2024-09-18 11:44:40.617000,416.1807060870832,999
2024-09-18 11:44:40.641000,416.1958915909566,998
2024-09-18 11:44:40.693000,416.1674276300909,10
2024-09-18 11:44:40.736000,416.17424635608455,102
2024-09-18 11:44:40.805000,416.1771356851237,13
2024-09-18 11:44:40.881000,416.1654600513981,1002
2024-09-18 11:44:40.906000,416.1946915468281,96
2024-09-18 11:44:40.978000,416.15538381661554,1005
2024-09-18 11:44:41.028000,416.21900125666497,102
2024-09-18 11:44:41.097000,416.1980687785523,104
2024-09-18 11:44:41.124000,416.2031890092832,5
2024-09-18 11:44:41.205000,416.1624965151166,99
2024-09-18 11:44:41.236000,416.2144866869219,1004
2024-09-18 11:44:41.289000,416.21840461015006,997
2024-09-18 11:44:41.300000,416.2166744413501,1003
2024-09-18 11:44:41.314000,416.2033872055098,999
2024-09-18 11:44:41.318000,416.1503239845357,11
2024-09-18 11:44:41.324000,416.1666251306821,102
2024-09-18 11:44:41.344000,416.2243590237503,102
2024-09-18 11:44:41.344000,416.2015014655965,7
2024-09-18 11:44:41.525000,416.1757476151509,102
2024-09-18 11:44:41.563000,416.17569911488965,104
2024-09-18 11:44:41.597000,416.2290802785027,7
2024-09-18 11:44:41.631000,416.2065983423466,1002
2024-09-18 11:44:41.649000,416.2052451413583,1000
2024-09-18 11:44:41.660000,416.2005336669724,98
2024-09-18 11:44:41.692000,416.20378390944177,105
2024-09-18 11:44:41.718000,416.1953218020336,101
2024-09-18 11:44:41.813000,416.1512580039529,5
2024-09-18 11:44:41.821000,416.1888920404746,15
2024-09-18 11:44:41.850000,416.1845577743552,1002
2024-09-18 11:44:41.919000,416.1847805890089,10
2024-09-18 11:44:41.962000,416.20382777435407,1000
2024-09-18 11:44:41.964000,416.17120683650046,12
2024-09-18 11:44:41.996000,416.18216375294656,998
2024-09-18 11:44:41.998000,416.19271185481495,102
2024-09-18 11:44:42.015000,416.214507880829,104
2024-09-18 11:44:42.030000,416.1729518444854,12
2024-09-18 11:44:42.044000,416.2416063745304,8
2024-09-18 11:44:42.082000,416.2585910979233,103
2024-09-18 11:44:42.266000,416.2705412096926,996
2024-09-18 11:44:42.311000,416.2202875273398,1001
2024-09-18 11:44:42.315000,416.2582322237652,996
2024-09-18 11:44:42.372000,416.2435431114206,1001
2024-09-18 11:44:42.426000,416.1382149659951,1002
2024-09-18 11:44:42.431000,416.25478069734777,12
2024-09-18 11:44:42.503000,416.1573371399928,8
2024-09-18 11:44:42.572000,416.216983075453,99
2024-09-18 11:44:42.581000,416.2697568814197,5
2024-09-18 11:44:42.586000,416.1453515408656,7
2024-09-18 11:44:42.606000,416.2667802989123,14
2024-09-18 11:44:42.616000,416.237478659722,97
2024-09-18 11:44:42.622000,416.2050320092459,1001
2024-09-18 11:44:42.712000,416.1927075030881,6
2024-09-18 11:44:42.737000,416.1536867853747,1001
2024-09-18 11:44:42.757000,416.2763691526297,97
2024-09-18 11:44:42.785000,416.251303735826,13
2024-09-18 11:44:42.888000,416.2640612507994,97
2024-09-18 11:44:42.902000,416.2333022819151,15
2024-09-18 11:44:42.917000,416.235050699447,13
2024-09-18 11:44:43.118000,416.20959904453787,10
2024-09-18 11:44:43.225000,416.2247916375663,12
2024-09-18 11:44:43.276000,416.2403823435685,105
2024-09-18 11:44:43.352000,416.1909837727328,1004
2024-09-18 11:44:43.382000,416.1832003865607,1003
2024-09-18 11:44:43.399000,416.1966298616658,102
2024-09-18 11:44:43.608000,416.251800866674,97
2024-09-18 11:44:43.697000,416.1953551394093,1004
2024-09-18 11:44:43.820000,416.22612179910936,98
2024-09-18 11:44:43.842000,416.18235461316567,997
2024-09-18 11:44:43.922000,416.2398901163979,1001
2024-09-18 11:44:43.960000,416.1709064568978,996
2024-09-18 11:44:43.964000,416.2071661219661,13
2024-09-18 11:44:43.991000,416.2104258804155,1004
2024-09-18 11:44:44.021000,416.1702660416376,10
2024-09-18 11:44:44.063000,416.1711708121799,97
2024-09-18 11:44:44.154000,416.1606939522417,1005
2024-09-18 11:44:44.456000,416.1532475395797,1004
2024-09-18 11:44:44.579000,416.1764781420248,99
2024-09-18 11:44:44.674000,416.16887735087306,15
2024-09-18 11:44:44.716000,416.17033961761217,997
2024-09-18 11:44:44.824000,416.1593091010851,999
2024-09-18 11:44:44.868000,416.1561823745493,7
2024-09-18 11:44:45.069000,416.1528400460111,999
2024-09-18 11:44:45.108000,416.1586825018268,95
2024-09-18 11:44:45.119000,416.2094390331872,99
2024-09-18 11:44:45.210000,416.1865276523988,101
2024-09-18 11:44:45.271000,416.1342890981695,14
2024-09-18 11:44:45.278000,416.16760351706296,13
2024-09-18 11:44:45.321000,416.15472158632775,997
2024-09-18 11:44:45.341000,416.1603577348414,1000
2024-09-18 11:44:45.372000,416.1604750385366,1001
2024-09-18 11:44:45.455000,416.15481127497634,1004
2024-09-18 11:44:45.541000,416.150454186893,999
2024-09-18 11:44:45.581000,416.1657761555884,11
2024-09-18 11:44:45.625000,416.1729098705505,997
2024-09-18 11:44:45.663000,416.16468657047113,102
2024-09-18 11:44:45.739000,416.1859821365357,8
2024-09-18 11:44:45.766000,416.177017030389,1001
2024-09-18 11:44:45.778000,416.1386396223552,100
2024-09-18 11:44:45.796000,416.194074237932,99
2024-09-18 11:44:45.809000,416.1628126486082,101
2024-09-18 11:44:45.875000,416.2222411267734,9
2024-09-18 11:44:45.990000,416.17583696768367,1005
2024-09-18 11:44:46.048000,416.1930740540707,995
2024-09-18 11:44:46.188000,416.2008563216594,1004
2024-09-18 11:44:46.605000,416.1906618278552,100
2024-09-18 11:44:47.418000,416.2410519196732,8
2024-09-18 11:44:47.498000,416.2003279386914,97
2024-09-18 11:44:47.564000,416.2470580095455,103
2024-09-18 11:44:47.732000,416.2374300857849,1004
2024-09-18 11:44:47.971000,416.20289604526175,9
2024-09-18 11:44:48.134000,416.2419164999582,97
2024-09-18 11:44:48.262000,416.24391035740143,995
2024-09-18 11:44:48.373000,416.2461985449885,1002
2024-09-18 11:44:48.471000,416.2843472556519,7
2024-09-18 11:44:48.615000,416.2341761440985,104
2024-09-18 11:44:48.777000,416.23853165147307,9
2024-09-18 11:44:48.979000,416.2706483352738,12
2024-09-18 11:44:49.013000,416.3241511023063,5
2024-09-18 11:44:49.020000,416.272064199642,11
2024-09-18 11:44:49.085000,416.3199685358903,1005
2024-09-18 11:44:49.108000,416.3180726654427,102
2024-09-18 11:44:49.166000,416.27075104375314,995
2024-09-18 11:44:49.192000,416.2939678137893,13
2024-09-18 11:44:49.256000,416.2891625533898,96
2024-09-18 11:44:49.276000,416.2306665417705,101
2024-09-18 11:44:49.295000,416.2861891779317,998
2024-09-18 11:44:49.297000,416.32046816681566,103
2024-09-18 11:44:49.306000,416.3237076225747,95
2024-09-18 11:44:49.330000,416.3243434559898,999
2024-09-18 11:44:49.358000,416.3227370495244,1005
2024-09-18 11:44:49.399000,416.238396257349,1001
2024-09-18 11:44:49.413000,416.31047409530873,13
2024-09-18 11:44:49.416000,416.2773713509018,105
2024-09-18 11:44:49.434000,416.3479221765959,8
2024-09-18 11:44:49.503000,416.32865291377067,103
2024-09-18 11:44:49.583000,416.3049737126042,1001
2024-09-18 11:44:49.602000,416.3184832475721,1002
2024-09-18 11:44:49.649000,416.3308967814745,97
2024-09-18 11:44:49.832000,416.30746256520223,12
2024-09-18 11:44:49.908000,416.31239569711954,999
2024-09-18 11:44:50.034000,416.25595492416136,9
2024-09-18 11:44:50.180000,416.2506039673463,7
2024-09-18 11:44:50.233000,416.2672237160833,101
2024-09-18 11:44:50.547000,416.2161013153072,5
2024-09-18 11:44:50.704000,416.2317070740923,12
2024-09-18 11:44:50.820000,416.2372585161516,995
2024-09-18 11:44:51.002000,416.34339305556784,105
2024-09-18 11:44:51.003000,416.26913330172766,101
2024-09-18 11:44:51.012000,416.2562314684376,13
2024-09-18 11:44:51.116000,416.33070342874544,104
2024-09-18 11:44:51.124000,416.334546741623,10
2024-09-18 11:44:51.175000,416.29339300481627,7
2024-09-18 11:44:51.177000,416.27757746794265,99
2024-09-18 11:44:51.189000,416.2652979272487,97
2024-09-18 11:44:51.367000,416.274934397044,9
2024-09-18 11:44:51.397000,416.246747086261,1005
2024-09-18 11:44:51.402000,416.2490028104782,15
2024-09-18 11:44:51.407000,416.2700144383781,997
2024-09-18 11:44:51.421000,416.27451218753606,1005
2024-09-18 11:44:51.480000,416.2743650910559,995
2024-09-18 11:44:51.496000,416.2572462641608,96
2024-09-18 11:44:51.496000,416.2491575941335,10
2024-09-18 11:44:51.517000,416.2510258688425,1000
2024-09-18 11:44:51.542000,416.3190484246048,997
2024-09-18 11:44:51.579000,416.2861775541227,996
2024-09-18 11:44:51.736000,416.2748377390157,1005
2024-09-18 11:44:51.773000,416.29422593522895,1003
2024-09-18 11:44:51.833000,416.2762770314659,997
2024-09-18 11:44:51.833000,416.2492267873755,1005
2024-09-18 11:44:51.898000,416.2735684612287,1004
2024-09-18 11:44:51.916000,416.27400657501016,1004
2024-09-18 11:44:51.928000,416.2587574608197,997
2024-09-18 11:44:51.982000,416.25840411812015,997
2024-09-18 11:44:51.997000,416.2946144623351,15
2024-09-18 11:44:52.089000,416.3624090698819,999
2024-09-18 11:44:52.199000,416.3343491172823,999
2024-09-18 11:44:52.255000,416.34449683155776,105
2024-09-18 11:44:52.312000,416.3448712535082,1002
2024-09-18 11:44:52.448000,416.3156536415559,7
2024-09-18 11:44:52.480000,416.3044813744727,995
2024-09-18 11:44:52.486000,416.3392792907165,8
2024-09-18 11:44:52.577000,416.30050777301824,98
2024-09-18 11:44:52.813000,416.3285062898594,8
2024-09-18 11:44:52.917000,416.363820429503,998
2024-09-18 11:44:52.925000,416.33479107346784,95
2024-09-18 11:44:53.026000,416.378312619736,96
2024-09-18 11:44:53.222000,416.3995717043866,96
2024-09-18 11:44:53.289000,416.3868263855904,99
2024-09-18 11:44:53.289000,416.4106393239737,105
2024-09-18 11:44:53.331000,416.3785245578711,97
2024-09-18 11:44:53.404000,416.3992886548081,8
2024-09-18 11:44:53.457000,416.360174981471,10
2024-09-18 11:44:53.463000,416.38410812866806,6
2024-09-18 11:44:53.497000,416.37565378221245,101
2024-09-18 11:44:53.527000,416.3769451751018,97
2024-09-18 11:44:53.640000,416.3597134135894,103
2024-09-18 11:44:53.687000,416.3951210048788,1005
2024-09-18 11:44:53.767000,416.3618243756986,998
2024-09-18 11:44:53.883000,416.36708153795735,10
2024-09-18 11:44:53.998000,416.4082993157981,105
2024-09-18 11:44:54.047000,416.4378029443501,7
2024-09-18 11:44:54.057000,416.4338476005849,998
2024-09-18 11:44:54.103000,416.3999469458821,98
2024-09-18 11:44:54.195000,416.43418964295,104
2024-09-18 11:44:54.266000,416.4459875960383,1003
2024-09-18 11:44:54.316000,416.4333437656794,1000
2024-09-18 11:44:54.474000,416.43680525786704,104
2024-09-18 11:44:54.487000,416.42122209712346,105
2024-09-18 11:44:54.562000,416.4573026395736,15
2024-09-18 11:44:54.563000,416.4496988114947,8
2024-09-18 11:44:54.610000,416.45747795317686,1002
2024-09-18 11:44:54.671000,416.4352875970569,995
2024-09-18 11:44:54.790000,416.3769728129863,15
2024-09-18 11:44:54.854000,416.4222349970152,10
2024-09-18 11:44:54.865000,416.44674664055697,5
2024-09-18 11:44:54.975000,416.432632288208,5
2024-09-18 11:44:55.029000,416.43159156733327,997
2024-09-18 11:44:55.129000,416.5022799998227,98
2024-09-18 11:44:55.142000,416.4149229276857,1005
2024-09-18 11:44:55.178000,416.45013615768266,11
2024-09-18 11:44:55.277000,416.4496716709405,15
2024-09-18 11:44:55.287000,416.49339936439446,102
2024-09-18 11:44:55.345000,416.4698953895533,6
2024-09-18 11:44:55.389000,416.4479679699144,101
2024-09-18 11:44:55.391000,416.4342591319113,95
2024-09-18 11:44:55.610000,416.42026677556055,1001
2024-09-18 11:44:55.675000,416.43954291583947,7
2024-09-18 11:44:55.677000,416.42081247086224,1000
2024-09-18 11:44:55.704000,416.4298793242137,13
2024-09-18 11:44:55.816000,416.4137082061204,101
2024-09-18 11:44:55.829000,416.45708378965946,105
2024-09-18 11:44:55.969000,416.42071578160414,103
2024-09-18 11:44:55.983000,416.4995783173844,11
2024-09-18 11:44:55.992000,416.4472217836911,97
2024-09-18 11:44:56.532000,416.4901885711299,5
2024-09-18 11:44:56.841000,416.48673645049695,7
2024-09-18 11:44:56.953000,416.4808315629131,95
2024-09-18 11:44:58.067000,416.4793601541217,1000
2024-09-18 11:44:58.312000,416.4842012147716,10
2024-09-18 11:44:58.379000,416.463661164539,11
2024-09-18 11:44:58.511000,416.4867477959355,99
2024-09-18 11:44:59.004000,416.4917706184286,98
2024-09-18 11:44:59.033000,416.4675125899308,1003
2024-09-18 11:44:59.069000,416.4860861626897,9
2024-09-18 11:44:59.084000,416.4581634680949,997
2024-09-18 11:44:59.159000,416.4646628090744,98
2024-09-18 11:44:59.171000,416.451594389505,995
2024-09-18 11:44:59.238000,416.4540410299888,999
2024-09-18 11:44:59.275000,416.4769549165693,98
2024-09-18 11:44:59.277000,416.4796624316761,105
2024-09-18 11:44:59.401000,416.4676829877199,14
2024-09-18 11:44:59.426000,416.46174896839983,997
2024-09-18 11:44:59.442000,416.4758852569565,9
2024-09-18 11:44:59.504000,416.4591809070262,15
2024-09-18 11:44:59.526000,416.47131743624215,14
2024-09-18 11:44:59.558000,416.43580921949166,102
2024-09-18 11:44:59.587000,416.4447118218188,996
2024-09-18 11:44:59.598000,416.4433810046821,1000
2024-09-18 11:44:59.625000,416.44649339062846,10
2024-09-18 11:44:59.650000,416.4879568675112,996
2024-09-18 11:44:59.771000,416.4908110431993,98
2024-09-18 11:44:59.797000,416.4770648319679,13
2024-09-18 11:44:59.798000,416.45434213357055,995
2024-09-18 11:44:59.853000,416.4557204721641,999
2024-09-18 11:44:59.907000,416.4951112133255,101
2024-09-18 11:44:59.910000,416.4698212236789,100
2024-09-18 11:44:59.916000,416.47360001317713,999
2024-09-18 11:44:59.940000,416.49837426478047,103
2024-09-18 11:44:59.946000,416.4805035524359,103
2024-09-18 11:44:59.994000,416.4611211120523,997
