Timestamp,Price,Size
2024-09-20 15:49:00.175000,428.5955452906063,1003
2024-09-20 15:49:00.244000,428.5779855243256,101
2024-09-20 15:49:00.593000,428.567757077553,995
2024-09-20 15:49:00.648000,428.581709070269,1001
2024-09-20 15:49:00.705000,428.5686293780865,997
2024-09-20 15:49:00.774000,428.5766413533444,8
2024-09-20 15:49:01.187000,428.60010910069,995
2024-09-20 15:49:01.237000,428.65509407721,12
2024-09-20 15:49:01.356000,428.6193769335787,1001
2024-09-20 15:49:01.510000,428.6618753856497,105
2024-09-20 15:49:01.699000,428.6000104758235,5
2024-09-20 15:49:01.815000,428.6114761175732,99
2024-09-20 15:49:01.854000,428.6232337236372,96
2024-09-20 15:49:01.885000,428.6314895735563,98
2024-09-20 15:49:01.963000,428.6702101359397,1002
2024-09-20 15:49:01.964000,428.6589381849216,98
2024-09-20 15:49:02.025000,428.67742382862906,995
2024-09-20 15:49:02.027000,428.6663101607831,13
2024-09-20 15:49:02.099000,428.650828525628,11
2024-09-20 15:49:02.127000,428.6637367770655,101
2024-09-20 15:49:02.136000,428.647956183618,99
2024-09-20 15:49:02.139000,428.66304913344334,995
2024-09-20 15:49:02.140000,428.6616844280046,105
2024-09-20 15:49:02.152000,428.6868080718028,11
2024-09-20 15:49:02.214000,428.6407291709783,96
2024-09-20 15:49:02.235000,428.6785445887392,15
2024-09-20 15:49:02.258000,428.6640748762322,999
2024-09-20 15:49:02.280000,428.6882161652291,105
2024-09-20 15:49:02.404000,428.6521632876383,9
2024-09-20 15:49:02.409000,428.68900425274666,96
2024-09-20 15:49:02.505000,428.6500526068429,95
2024-09-20 15:49:02.535000,428.6624609434037,95
2024-09-20 15:49:02.660000,428.6818783450133,995
2024-09-20 15:49:02.681000,428.6950559116982,13
2024-09-20 15:49:02.698000,428.64405349754617,996
2024-09-20 15:49:02.732000,428.682228237281,999
2024-09-20 15:49:02.769000,428.6505803965878,1005
2024-09-20 15:49:02.809000,428.6771429952497,1001
2024-09-20 15:49:02.859000,428.6719988412499,7
2024-09-20 15:49:02.918000,428.6761633846329,15
2024-09-20 15:49:03.004000,428.6941160738989,997
2024-09-20 15:49:03.076000,428.67166926275394,1002
2024-09-20 15:49:03.125000,428.7212921867427,102
2024-09-20 15:49:03.167000,428.765531049168,996
2024-09-20 15:49:03.224000,428.7181685609632,95
2024-09-20 15:49:03.235000,428.7191363324579,95
2024-09-20 15:49:03.296000,428.7338268932918,11
2024-09-20 15:49:03.345000,428.7159609004915,1004
2024-09-20 15:49:03.349000,428.6578998007967,11
2024-09-20 15:49:03.394000,424.53982601000575,1004
2024-09-20 15:49:03.555000,428.7550838922941,10
2024-09-20 15:49:03.568000,428.74881420057375,1005
2024-09-20 15:49:03.583000,428.74804271312377,14
2024-09-20 15:49:03.676000,428.73458811063983,1002
2024-09-20 15:49:03.789000,428.7170240788161,1000
2024-09-20 15:49:03.800000,428.75467504375325,12
2024-09-20 15:49:03.811000,428.7465003990578,9
2024-09-20 15:49:03.867000,428.7668410182978,98
2024-09-20 15:49:03.927000,428.76125725129407,996
2024-09-20 15:49:03.976000,428.7155477864112,8
2024-09-20 15:49:04.002000,428.7696179948284,15
2024-09-20 15:49:04.021000,428.7183905084029,12
2024-09-20 15:49:04.027000,428.7912902365617,11
2024-09-20 15:49:04.044000,428.8028257428814,105
2024-09-20 15:49:04.188000,428.7662313140121,998
2024-09-20 15:49:04.383000,428.7719287144022,999
2024-09-20 15:49:04.465000,428.783490596198,97
2024-09-20 15:49:04.694000,428.7949413995434,1004
2024-09-20 15:49:04.695000,428.7959542975189,102
2024-09-20 15:49:04.733000,428.794749417106,96
2024-09-20 15:49:04.769000,428.7972361264869,10
2024-09-20 15:49:04.779000,428.7818377890586,1000
2024-09-20 15:49:04.862000,428.7077809213335,9
2024-09-20 15:49:04.865000,428.7530554208355,15
2024-09-20 15:49:04.871000,428.79971462341473,105
2024-09-20 15:49:04.921000,428.81181749365857,1002
2024-09-20 15:49:04.941000,428.7879237223236,105
2024-09-20 15:49:05.072000,428.7821159146217,8
2024-09-20 15:49:05.080000,428.7158138268969,7
2024-09-20 15:49:05.161000,428.69219294932657,1002
2024-09-20 15:49:05.196000,428.7229210409082,100
2024-09-20 15:49:05.268000,428.71188039553607,101
2024-09-20 15:49:05.357000,428.7192494702568,104
2024-09-20 15:49:05.396000,428.7300023004185,996
2024-09-20 15:49:05.476000,428.7429171581359,9
2024-09-20 15:49:05.502000,428.8032213411927,999
2024-09-20 15:49:05.518000,428.737668611261,996
2024-09-20 15:49:05.577000,428.8076204997218,995
2024-09-20 15:49:05.699000,428.7040884596456,996
2024-09-20 15:49:05.706000,428.8347059666973,1005
2024-09-20 15:49:05.730000,428.693047427176,14
2024-09-20 15:49:05.766000,428.7111346094283,995
2024-09-20 15:49:05.840000,428.7824305673416,101
2024-09-20 15:49:05.928000,428.6959127569501,6
2024-09-20 15:49:05.939000,428.7383319027834,997
2024-09-20 15:49:05.977000,428.71576604641496,11
2024-09-20 15:49:06.087000,428.809618342604,98
2024-09-20 15:49:06.090000,428.8120845340712,995
2024-09-20 15:49:06.140000,428.7917151153573,13
2024-09-20 15:49:06.331000,428.7743227313781,11
2024-09-20 15:49:06.500000,428.7960260090103,8
2024-09-20 15:49:06.688000,428.8199910830529,8
2024-09-20 15:49:07.050000,428.84137485280473,99
2024-09-20 15:49:07.071000,428.7833796041718,1000
2024-09-20 15:49:07.078000,428.8057919846908,98
2024-09-20 15:49:07.088000,428.7859457313074,96
2024-09-20 15:49:07.108000,428.8261127213746,15
2024-09-20 15:49:07.116000,428.8460289030072,101
2024-09-20 15:49:07.352000,428.8283360235408,998
2024-09-20 15:49:07.519000,428.7861563710098,11
2024-09-20 15:49:07.529000,428.8349695927745,10
2024-09-20 15:49:07.619000,428.79794867436686,998
2024-09-20 15:49:07.675000,428.8432800200722,1000
2024-09-20 15:49:07.740000,428.8542590433832,1003
2024-09-20 15:49:07.838000,428.832986187261,14
2024-09-20 15:49:07.852000,428.81781086926986,104
2024-09-20 15:49:07.861000,428.77367474441706,6
2024-09-20 15:49:07.974000,428.7720677709993,8
2024-09-20 15:49:07.981000,428.8407492070726,101
2024-09-20 15:49:08.026000,428.8853907610834,104
2024-09-20 15:49:08.066000,428.8870183504789,1001
2024-09-20 15:49:08.111000,428.8593879471848,1000
2024-09-20 15:49:08.197000,428.88467769277,103
2024-09-20 15:49:08.221000,428.90501571440205,6
2024-09-20 15:49:08.403000,428.8900169041599,95
2024-09-20 15:49:08.415000,428.8580902834616,9
2024-09-20 15:49:08.435000,428.9096751325804,11
2024-09-20 15:49:08.476000,428.8515271804148,97
2024-09-20 15:49:08.484000,428.8805569302127,95
2024-09-20 15:49:08.540000,428.9101750644276,1002
2024-09-20 15:49:08.542000,428.871219864308,12
2024-09-20 15:49:08.554000,428.8902954095519,13
2024-09-20 15:49:08.559000,428.8799622218033,15
2024-09-20 15:49:08.569000,428.878962875115,14
2024-09-20 15:49:08.724000,428.90886357291095,7
2024-09-20 15:49:08.750000,428.8731528119857,1002
2024-09-20 15:49:08.794000,428.8577533614891,5
2024-09-20 15:49:08.862000,428.8994440579634,1002
2024-09-20 15:49:08.869000,428.8790911932993,1001
2024-09-20 15:49:08.885000,428.8749518299278,5
2024-09-20 15:49:08.928000,428.8918485637878,996
2024-09-20 15:49:09.129000,428.8814479724709,5
2024-09-20 15:49:09.185000,428.8088046916981,5
2024-09-20 15:49:09.280000,428.89271159416666,15
2024-09-20 15:49:09.393000,428.816754228356,14
2024-09-20 15:49:09.397000,428.82263754914624,5
2024-09-20 15:49:09.456000,428.8663360699501,1002
2024-09-20 15:49:09.456000,428.8168651979578,6
2024-09-20 15:49:09.491000,428.8059347605832,9
2024-09-20 15:49:09.527000,428.8778651094563,102
2024-09-20 15:49:09.559000,428.8187483183887,8
2024-09-20 15:49:09.653000,428.89769834243134,9
2024-09-20 15:49:09.756000,428.8840414825824,96
2024-09-20 15:49:09.888000,428.89523359983855,105
2024-09-20 15:49:09.902000,428.8318270537523,104
2024-09-20 15:49:09.924000,428.8786132879909,8
2024-09-20 15:49:09.965000,428.7998873839242,1005
2024-09-20 15:49:10.175000,428.72960614441047,99
2024-09-20 15:49:10.358000,428.7835952621076,1001
2024-09-20 15:49:10.378000,428.7634080564247,7
2024-09-20 15:49:10.472000,428.79850474024494,96
2024-09-20 15:49:10.618000,428.7309002013132,995
2024-09-20 15:49:10.635000,428.7667675459346,998
2024-09-20 15:49:10.652000,428.80041386153925,95
2024-09-20 15:49:10.657000,428.7907698348348,8
2024-09-20 15:49:10.691000,428.7296568676722,1003
2024-09-20 15:49:10.798000,428.7634482123789,96
2024-09-20 15:49:10.827000,428.7443943001357,996
2024-09-20 15:49:10.890000,428.7243401445024,15
2024-09-20 15:49:10.904000,428.7281255056384,997
2024-09-20 15:49:11.489000,428.71909005946014,5
2024-09-20 15:49:11.551000,428.701877503904,5
2024-09-20 15:49:11.576000,428.6997879910684,96
2024-09-20 15:49:11.686000,428.711104370638,6
2024-09-20 15:49:11.700000,428.7180635094426,1003
2024-09-20 15:49:11.720000,428.7299400278039,1000
2024-09-20 15:49:11.996000,428.7463687733893,101
2024-09-20 15:49:12.005000,428.7761611078447,1005
2024-09-20 15:49:12.073000,428.756208517496,13
2024-09-20 15:49:12.450000,428.7733601224315,105
2024-09-20 15:49:12.586000,428.7658549639344,104
2024-09-20 15:49:12.614000,428.7779858280985,97
2024-09-20 15:49:12.638000,428.79507822650953,102
2024-09-20 15:49:14.027000,428.8090731529856,1001
2024-09-20 15:49:14.152000,428.8015323577604,5
2024-09-20 15:49:14.193000,428.81988917132617,998
2024-09-20 15:49:14.252000,428.7590340871623,97
2024-09-20 15:49:14.305000,428.73863855846633,995
2024-09-20 15:49:14.310000,428.8026806790565,7
2024-09-20 15:49:14.405000,428.8049260634973,999
2024-09-20 15:49:14.427000,428.7977588845152,999
2024-09-20 15:49:14.460000,428.80976385311607,98
2024-09-20 15:49:14.491000,428.8089900957773,101
2024-09-20 15:49:14.507000,428.80428485597855,995
2024-09-20 15:49:14.524000,428.7889672109984,101
2024-09-20 15:49:14.594000,428.8201138315242,99
2024-09-20 15:49:14.642000,428.7524618310051,96
2024-09-20 15:49:14.654000,428.7582482770409,5
2024-09-20 15:49:14.720000,428.73832556323686,997
2024-09-20 15:49:14.728000,428.7495762018561,101
2024-09-20 15:49:14.759000,428.8043203401256,6
2024-09-20 15:49:14.775000,428.8356626967727,1004
2024-09-20 15:49:14.785000,428.8008816189042,1001
2024-09-20 15:49:14.798000,428.7873930426426,999
2024-09-20 15:49:14.822000,428.7356663034217,998
2024-09-20 15:49:14.866000,428.8137586329839,14
2024-09-20 15:49:14.977000,428.78512706294,105
2024-09-20 15:49:15.021000,428.69615053894336,9
2024-09-20 15:49:15.051000,428.69947818372094,998
2024-09-20 15:49:15.107000,428.7090891173213,104
2024-09-20 15:49:15.109000,428.7321196934283,1001
2024-09-20 15:49:15.136000,428.7297008652032,1001
2024-09-20 15:49:15.154000,428.7424175806385,97
2024-09-20 15:49:15.219000,428.7295373858653,105
2024-09-20 15:49:15.223000,428.7252746929149,104
2024-09-20 15:49:15.286000,428.7223070633996,1000
2024-09-20 15:49:15.317000,428.77743794392046,99
2024-09-20 15:49:15.369000,428.7513647477569,15
2024-09-20 15:49:15.391000,428.722991164349,10
2024-09-20 15:49:15.416000,428.724089902216,995
2024-09-20 15:49:15.419000,428.7248928817165,999
2024-09-20 15:49:15.436000,428.7319766345808,1000
2024-09-20 15:49:15.450000,428.76058927215513,996
2024-09-20 15:49:15.487000,428.7199756360383,8
2024-09-20 15:49:15.488000,428.7489563757197,997
2024-09-20 15:49:15.514000,428.758054000241,5
2024-09-20 15:49:15.537000,428.725554429682,12
2024-09-20 15:49:15.548000,428.720121471487,1005
2024-09-20 15:49:15.579000,428.70504922008456,996
2024-09-20 15:49:15.654000,428.76897396464994,1003
2024-09-20 15:49:15.704000,428.76387057785934,1004
2024-09-20 15:49:15.713000,428.7509765873916,5
2024-09-20 15:49:15.739000,428.77805253045017,9
2024-09-20 15:49:15.799000,428.73484995483415,1003
2024-09-20 15:49:15.856000,428.7451102669688,997
2024-09-20 15:49:15.946000,428.7118171620319,996
2024-09-20 15:49:16.222000,428.8107998349906,997
2024-09-20 15:49:16.234000,428.812816566278,101
2024-09-20 15:49:16.368000,428.8124852302111,97
2024-09-20 15:49:16.425000,428.8283707716053,104
2024-09-20 15:49:16.434000,428.8004519061892,10
2024-09-20 15:49:17.003000,428.8756134402405,97
2024-09-20 15:49:17.046000,428.8054692058277,95
2024-09-20 15:49:17.091000,428.8017556321251,995
2024-09-20 15:49:17.098000,428.823105929196,9
2024-09-20 15:49:17.098000,428.83936078917816,15
2024-09-20 15:49:17.104000,428.8103003439693,1004
2024-09-20 15:49:17.111000,428.83800489643954,999
2024-09-20 15:49:17.130000,428.8598865381896,103
2024-09-20 15:49:17.160000,428.8171829742488,6
2024-09-20 15:49:17.172000,428.83074175249936,102
2024-09-20 15:49:17.270000,428.819619736856,5
2024-09-20 15:49:17.279000,428.82420366549263,103
2024-09-20 15:49:17.290000,428.8386291857163,997
2024-09-20 15:49:17.290000,428.8410359006435,9
2024-09-20 15:49:17.305000,428.833820270748,96
2024-09-20 15:49:17.382000,428.8232621836708,1005
2024-09-20 15:49:17.407000,428.819520340624,96
2024-09-20 15:49:17.553000,428.8424907629035,1001
2024-09-20 15:49:17.570000,428.8286384350772,997
2024-09-20 15:49:17.631000,428.8418466650211,96
2024-09-20 15:49:17.707000,428.8749506727525,1001
2024-09-20 15:49:17.754000,428.83025161575534,15
2024-09-20 15:49:17.828000,428.859085559914,105
2024-09-20 15:49:17.887000,428.83569403279216,999
2024-09-20 15:49:17.906000,428.8534806277344,104
2024-09-20 15:49:17.948000,428.8442474707657,14
2024-09-20 15:49:18.045000,428.7386142684282,9
2024-09-20 15:49:18.088000,428.8396615226709,999
2024-09-20 15:49:18.128000,428.8005836489058,1000
2024-09-20 15:49:18.151000,428.7663108265634,98
2024-09-20 15:49:18.186000,428.7171504438014,1001
2024-09-20 15:49:18.214000,428.7104635436585,1003
2024-09-20 15:49:18.215000,428.7611841147215,1005
2024-09-20 15:49:18.233000,428.74145174142086,1002
2024-09-20 15:49:18.258000,428.819661906391,99
2024-09-20 15:49:18.318000,428.7860724091464,1002
2024-09-20 15:49:18.324000,428.69226395858414,1003
2024-09-20 15:49:18.349000,428.7666772159429,996
2024-09-20 15:49:18.354000,428.8280842913636,1001
2024-09-20 15:49:18.365000,428.8277083100917,13
2024-09-20 15:49:18.377000,428.7886232497949,99
2024-09-20 15:49:18.381000,428.8135797858978,101
2024-09-20 15:49:18.403000,428.7812490106223,96
2024-09-20 15:49:18.412000,428.8153057627987,998
2024-09-20 15:49:18.468000,428.8498004310605,5
2024-09-20 15:49:18.579000,428.8290334439583,1000
2024-09-20 15:49:18.581000,428.81471051273695,15
2024-09-20 15:49:18.602000,428.8392234753876,14
2024-09-20 15:49:18.671000,428.831358429193,996
2024-09-20 15:49:18.683000,428.8231273316165,995
2024-09-20 15:49:18.695000,428.81817288382496,102
2024-09-20 15:49:18.700000,428.7404525628132,95
2024-09-20 15:49:18.773000,428.7117390669137,96
2024-09-20 15:49:18.839000,428.7747550253409,95
2024-09-20 15:49:18.995000,428.743920350854,95
2024-09-20 15:49:18.997000,428.83045042054255,1003
2024-09-20 15:49:19.093000,428.6435032205881,100
2024-09-20 15:49:19.103000,428.68009111450016,98
2024-09-20 15:49:19.127000,428.6537846071234,99
2024-09-20 15:49:19.196000,428.6585257662143,1004
2024-09-20 15:49:19.212000,428.66870174875646,999
2024-09-20 15:49:19.250000,428.6399488566697,997
2024-09-20 15:49:19.264000,428.62547014094304,995
2024-09-20 15:49:19.295000,428.6507480497536,7
2024-09-20 15:49:19.366000,428.6596243475735,7
2024-09-20 15:49:19.383000,428.6506870719549,99
2024-09-20 15:49:19.398000,428.67115604075633,1002
2024-09-20 15:49:19.408000,428.6544946325786,97
2024-09-20 15:49:19.433000,428.6425532583616,103
2024-09-20 15:49:19.587000,428.6717218970375,13
2024-09-20 15:49:19.656000,428.6598580948629,101
2024-09-20 15:49:19.662000,428.64986066995607,5
2024-09-20 15:49:19.693000,428.6826331464455,995
2024-09-20 15:49:19.715000,428.6683626171443,104
2024-09-20 15:49:19.722000,428.684813628716,99
2024-09-20 15:49:19.750000,428.6842701835611,999
2024-09-20 15:49:19.752000,428.6857868599444,103
2024-09-20 15:49:19.788000,428.675903659534,12
2024-09-20 15:49:19.844000,428.6815559032935,14
2024-09-20 15:49:19.846000,428.6778616604885,1002
2024-09-20 15:49:19.856000,428.6757372741887,7
2024-09-20 15:49:19.920000,428.669999690952,1002
2024-09-20 15:49:19.974000,428.63745420861966,999
2024-09-20 15:49:19.994000,428.6434451395662,103
2024-09-20 15:49:20.133000,428.6201832778468,12
2024-09-20 15:49:20.209000,428.62068671454574,95
2024-09-20 15:49:20.269000,428.6059458751749,14
2024-09-20 15:49:21.039000,428.5694245289626,1002
2024-09-20 15:49:21.154000,428.5948854993495,1003
2024-09-20 15:49:21.182000,428.5802462123541,95
2024-09-20 15:49:21.189000,428.5837423445686,995
2024-09-20 15:49:21.195000,428.6171501215479,12
2024-09-20 15:49:21.305000,428.5889230715947,13
2024-09-20 15:49:21.453000,428.5983310273373,101
2024-09-20 15:49:21.490000,428.57291600415584,105
2024-09-20 15:49:21.504000,428.5636390668527,997
2024-09-20 15:49:21.647000,428.6073219172306,14
2024-09-20 15:49:21.664000,428.6190036161968,8
2024-09-20 15:49:21.733000,428.5901267925198,1000
2024-09-20 15:49:21.742000,428.5940869402252,999
2024-09-20 15:49:21.988000,428.6215075230215,995
2024-09-20 15:49:22.082000,428.63926873766593,105
2024-09-20 15:49:22.110000,428.63983744538064,999
2024-09-20 15:49:22.219000,428.6209097809928,99
2024-09-20 15:49:22.245000,428.62004405512295,8
2024-09-20 15:49:22.273000,428.6187284674801,6
2024-09-20 15:49:22.291000,428.6188995539064,101
2024-09-20 15:49:22.298000,428.6049047027369,14
2024-09-20 15:49:22.364000,428.63582216095176,95
2024-09-20 15:49:22.464000,428.6202120825331,8
2024-09-20 15:49:22.656000,428.6233061815504,13
2024-09-20 15:49:22.754000,428.5940004373576,14
2024-09-20 15:49:22.893000,428.6368004543142,1005
2024-09-20 15:49:22.989000,428.626581521689,1004
2024-09-20 15:49:23.142000,428.654081559229,1000
2024-09-20 15:49:23.164000,428.6217869402648,7
2024-09-20 15:49:23.240000,428.66010127097314,1003
2024-09-20 15:49:23.267000,428.63478627015775,996
2024-09-20 15:49:23.328000,428.6235296062201,996
2024-09-20 15:49:23.420000,428.6274675576291,102
2024-09-20 15:49:23.541000,428.64962898160127,103
2024-09-20 15:49:23.544000,428.6294234010079,14
2024-09-20 15:49:23.600000,428.6432767591522,1004
2024-09-20 15:49:23.647000,428.6748639359334,998
2024-09-20 15:49:23.661000,428.66357286749576,5
2024-09-20 15:49:23.687000,428.657950297707,103
2024-09-20 15:49:23.734000,428.6598423218439,8
2024-09-20 15:49:23.747000,428.69035804904166,998
2024-09-20 15:49:23.751000,428.6586223592615,15
2024-09-20 15:49:23.778000,428.6211383411376,12
2024-09-20 15:49:23.797000,428.6382485431296,9
2024-09-20 15:49:23.842000,428.6538175165088,104
2024-09-20 15:49:23.942000,428.6465222859141,10
2024-09-20 15:49:23.947000,428.63836991190544,6
2024-09-20 15:49:23.962000,428.6463602205348,99
2024-09-20 15:49:24.021000,428.661490127332,10
2024-09-20 15:49:24.076000,428.6281177317416,1000
2024-09-20 15:49:24.168000,428.66177749220793,15
2024-09-20 15:49:24.198000,428.6459689324377,102
2024-09-20 15:49:24.278000,428.650166292898,9
2024-09-20 15:49:24.308000,428.63816857582896,100
2024-09-20 15:49:24.361000,424.588273705425,997
2024-09-20 15:49:24.395000,428.6488111069488,14
2024-09-20 15:49:24.425000,428.6328954498246,1004
2024-09-20 15:49:24.433000,428.6386819620623,104
2024-09-20 15:49:24.526000,428.64651841153113,104
2024-09-20 15:49:24.544000,428.6542276898476,1005
2024-09-20 15:49:24.552000,428.647329572703,6
2024-09-20 15:49:24.627000,428.64021359418473,99
2024-09-20 15:49:24.904000,428.6351704085475,1000
2024-09-20 15:49:24.948000,428.6419612275296,10
2024-09-20 15:49:25.047000,428.5954664362908,1000
2024-09-20 15:49:25.119000,428.614196725272,1002
2024-09-20 15:49:25.269000,428.59762030904096,104
2024-09-20 15:49:25.280000,428.61181380835137,9
2024-09-20 15:49:25.283000,428.61205866237657,13
2024-09-20 15:49:25.291000,428.6116796452605,96
2024-09-20 15:49:25.316000,428.6269862982469,9
2024-09-20 15:49:25.395000,428.60838945424985,101
2024-09-20 15:49:25.440000,428.61108255094194,97
2024-09-20 15:49:25.509000,428.6139942641112,98
2024-09-20 15:49:25.581000,428.6111704008208,98
2024-09-20 15:49:25.585000,428.61029685363695,100
2024-09-20 15:49:25.597000,428.5840350156692,1001
2024-09-20 15:49:25.823000,428.607099695559,1003
2024-09-20 15:49:25.896000,428.6181486336218,1002
2024-09-20 15:49:25.949000,428.61245690053255,13
2024-09-20 15:49:25.990000,428.5848325636388,999
2024-09-20 15:49:26.273000,428.6530764658247,995
2024-09-20 15:49:26.349000,428.6421705538592,997
2024-09-20 15:49:26.358000,428.63081194830426,101
2024-09-20 15:49:26.553000,428.6247940983967,1000
2024-09-20 15:49:26.674000,428.6365976863061,99
2024-09-20 15:49:26.705000,424.4948567780709,99
2024-09-20 15:49:26.785000,428.61313430327937,8
2024-09-20 15:49:26.821000,428.6237463576322,102
2024-09-20 15:49:27.290000,428.6451529671703,995
2024-09-20 15:49:27.301000,428.6456735633957,102
2024-09-20 15:49:27.350000,428.66956411205103,1003
2024-09-20 15:49:27.356000,428.66342794536274,100
2024-09-20 15:49:27.512000,428.6774405644538,101
2024-09-20 15:49:27.723000,428.64071987412416,99
2024-09-20 15:49:27.748000,428.64999142567706,104
2024-09-20 15:49:27.820000,428.65234197027854,99
2024-09-20 15:49:27.936000,428.6376182999933,999
2024-09-20 15:49:28.250000,428.61920616154737,7
2024-09-20 15:49:28.388000,428.6366104721075,95
2024-09-20 15:49:28.421000,428.6368837737278,1000
2024-09-20 15:49:28.580000,424.5353003957037,1005
2024-09-20 15:49:28.718000,428.61971801416894,99
2024-09-20 15:49:29.023000,428.5692318763378,100
2024-09-20 15:49:29.061000,428.56429078168446,104
2024-09-20 15:49:29.267000,428.5510751817795,6
2024-09-20 15:49:29.831000,428.5725760595168,10
2024-09-20 15:49:29.847000,428.59377211656346,99
2024-09-20 15:49:29.878000,428.5336135329112,1005
2024-09-20 15:49:30.026000,428.56367236521066,1002
2024-09-20 15:49:30.142000,428.5540633344215,8
2024-09-20 15:49:30.332000,428.564362630529,12
2024-09-20 15:49:30.449000,428.520250818492,6
2024-09-20 15:49:30.450000,428.5170557666787,998
2024-09-20 15:49:30.507000,428.5306782283547,999
2024-09-20 15:49:30.584000,428.5441562861421,11
2024-09-20 15:49:30.629000,428.5522417115759,13
2024-09-20 15:49:30.630000,428.5067233949828,103
2024-09-20 15:49:30.655000,428.53648130262826,96
2024-09-20 15:49:30.732000,428.4952950886948,9
2024-09-20 15:49:30.753000,428.52471662111446,8
2024-09-20 15:49:30.902000,428.5572372610378,1000
2024-09-20 15:49:30.911000,428.5325644109691,103
2024-09-20 15:49:30.932000,428.5606629229964,98
2024-09-20 15:49:30.966000,428.5255301758288,1002
2024-09-20 15:49:31.294000,428.46061370577206,96
2024-09-20 15:49:31.746000,428.47617541912047,101
2024-09-20 15:49:31.764000,428.4596628871796,1001
2024-09-20 15:49:31.860000,428.45953684608446,95
2024-09-20 15:49:31.999000,428.4791042228943,102
2024-09-20 15:49:32.036000,428.48863844621775,6
2024-09-20 15:49:32.080000,428.49647340252994,105
2024-09-20 15:49:32.100000,428.455177001367,97
2024-09-20 15:49:32.179000,428.4962898880643,1003
2024-09-20 15:49:32.299000,428.4997284830544,7
2024-09-20 15:49:32.484000,428.468326872769,99
2024-09-20 15:49:32.530000,428.4867905297223,95
2024-09-20 15:49:32.691000,428.4865436125189,995
2024-09-20 15:49:32.787000,428.47895938912416,99
2024-09-20 15:49:32.835000,428.47036181017177,5
2024-09-20 15:49:33.005000,428.391539085051,104
2024-09-20 15:49:33.074000,428.3742470866664,97
2024-09-20 15:49:33.086000,428.4945930200002,97
2024-09-20 15:49:33.108000,428.479807583676,7
2024-09-20 15:49:33.129000,428.3960131098386,15
2024-09-20 15:49:33.188000,428.4535578556919,96
2024-09-20 15:49:33.199000,428.3953858457685,98
2024-09-20 15:49:33.235000,428.3819169012205,14
2024-09-20 15:49:33.397000,428.4285282051075,1001
2024-09-20 15:49:33.413000,428.37630018293055,8
2024-09-20 15:49:33.425000,428.47395872894975,97
2024-09-20 15:49:33.440000,428.4088310473445,1004
2024-09-20 15:49:33.546000,428.4943508902293,998
2024-09-20 15:49:33.556000,428.4170308280309,6
2024-09-20 15:49:33.609000,428.3878250800802,14
2024-09-20 15:49:33.648000,424.66480478877423,96
2024-09-20 15:49:33.722000,428.38757357071455,1004
2024-09-20 15:49:33.741000,428.4710485489678,8
2024-09-20 15:49:33.753000,428.40446134418863,103
2024-09-20 15:49:33.774000,428.45498113526014,105
2024-09-20 15:49:33.781000,428.39333955709895,14
2024-09-20 15:49:33.849000,428.4058162256822,997
2024-09-20 15:49:33.935000,428.4217952889069,997
2024-09-20 15:49:33.947000,428.4490119631556,998
2024-09-20 15:49:33.960000,428.412653063225,1000
2024-09-20 15:49:33.975000,428.4041486563422,13
2024-09-20 15:49:34.029000,428.3852026279081,97
2024-09-20 15:49:34.293000,428.3962032106202,1005
2024-09-20 15:49:34.301000,428.3850254840204,1005
2024-09-20 15:49:34.546000,428.3901841052842,12
2024-09-20 15:49:34.557000,428.3569309381368,1002
2024-09-20 15:49:34.563000,428.3684990346399,1004
2024-09-20 15:49:34.681000,428.35985001054775,99
2024-09-20 15:49:34.930000,428.3795834925552,103
2024-09-20 15:49:35.065000,428.3812213176228,95
2024-09-20 15:49:35.088000,428.3711820153163,14
2024-09-20 15:49:35.263000,424.7740609817398,14
2024-09-20 15:49:35.389000,428.3724106204907,997
2024-09-20 15:49:35.761000,428.3685843219411,1003
2024-09-20 15:49:35.925000,428.377843437866,105
2024-09-20 15:49:35.986000,428.3786646722817,999
2024-09-20 15:49:36.005000,428.36841614800863,103
2024-09-20 15:49:36.060000,428.32994536233343,1001
2024-09-20 15:49:36.158000,428.3378755923907,9
2024-09-20 15:49:36.286000,428.3784963104762,999
2024-09-20 15:49:36.302000,428.3627563103995,12
2024-09-20 15:49:36.388000,428.37313833261663,1005
2024-09-20 15:49:36.493000,428.3823839105253,13
2024-09-20 15:49:36.566000,428.347771255776,102
2024-09-20 15:49:36.568000,428.3518058160087,97
2024-09-20 15:49:36.575000,428.344992636128,13
2024-09-20 15:49:36.590000,428.33511187678977,13
2024-09-20 15:49:36.595000,428.3740194161609,101
2024-09-20 15:49:36.595000,428.34482615628974,1000
2024-09-20 15:49:36.598000,428.356537922717,11
2024-09-20 15:49:36.603000,428.3581694867596,15
2024-09-20 15:49:36.649000,428.3640929198695,8
2024-09-20 15:49:36.708000,428.3548460983783,9
2024-09-20 15:49:36.718000,428.382813525848,95
2024-09-20 15:49:36.740000,428.3678057591339,996
2024-09-20 15:49:36.766000,428.3686035510354,102
2024-09-20 15:49:36.791000,428.3835472291872,103
2024-09-20 15:49:36.849000,428.3581403868975,96
2024-09-20 15:49:36.861000,428.3674748866629,103
2024-09-20 15:49:36.896000,428.3820924952668,1005
2024-09-20 15:49:36.992000,428.37034602649095,15
2024-09-20 15:49:37.073000,428.4078596070666,98
2024-09-20 15:49:37.431000,428.3881856262707,99
2024-09-20 15:49:37.622000,428.4070374700243,104
2024-09-20 15:49:37.644000,428.426760456626,998
2024-09-20 15:49:37.801000,428.3837578292872,14
2024-09-20 15:49:37.810000,428.4364817500031,11
2024-09-20 15:49:38.052000,428.4156717058771,103
2024-09-20 15:49:38.165000,428.4469749482803,999
2024-09-20 15:49:38.342000,428.4697015486585,96
2024-09-20 15:49:38.362000,428.4489935171897,7
2024-09-20 15:49:38.403000,428.4427699453224,14
2024-09-20 15:49:38.449000,428.4510105270518,995
2024-09-20 15:49:38.705000,428.461659641482,13
2024-09-20 15:49:38.706000,428.44808190972407,8
2024-09-20 15:49:38.980000,428.4110406021063,96
2024-09-20 15:49:39,428.3878016290885,11
2024-09-20 15:49:39.066000,428.4566997151388,101
2024-09-20 15:49:39.083000,428.37314808281326,998
2024-09-20 15:49:39.088000,428.4464733954205,995
2024-09-20 15:49:39.220000,428.4567011138619,9
2024-09-20 15:49:39.319000,428.3923908278605,9
2024-09-20 15:49:39.350000,428.4092782221463,996
2024-09-20 15:49:39.592000,428.41872696778177,6
2024-09-20 15:49:39.670000,428.41334595783616,99
2024-09-20 15:49:39.928000,428.4428184431045,103
2024-09-20 15:49:39.954000,428.39638289851456,995
2024-09-20 15:49:39.965000,428.4109461389862,999
2024-09-20 15:49:40.328000,428.3855045452194,97
2024-09-20 15:49:40.339000,428.36786031996303,1005
2024-09-20 15:49:40.389000,424.9389070536432,99
2024-09-20 15:49:41.050000,428.47983085218567,102
2024-09-20 15:49:41.124000,428.4144674283133,104
2024-09-20 15:49:41.128000,428.376634392599,999
2024-09-20 15:49:41.146000,428.3926793811207,8
2024-09-20 15:49:41.168000,428.3645763871559,996
2024-09-20 15:49:41.185000,428.38123482886897,6
2024-09-20 15:49:41.193000,428.435643832454,98
2024-09-20 15:49:41.208000,428.3743061465163,14
2024-09-20 15:49:41.211000,428.35600473868135,97
2024-09-20 15:49:41.288000,428.4702472925002,95
2024-09-20 15:49:41.332000,428.4423872218992,999
2024-09-20 15:49:41.364000,428.3933489245003,999
2024-09-20 15:49:41.378000,428.4724777724748,105
2024-09-20 15:49:41.386000,428.5065912647279,103
2024-09-20 15:49:41.422000,428.435894076554,97
2024-09-20 15:49:41.462000,428.3831116147979,14
2024-09-20 15:49:41.470000,428.4380110791207,999
2024-09-20 15:49:41.631000,428.37431234842927,105
2024-09-20 15:49:41.650000,428.4364328264922,101
2024-09-20 15:49:41.704000,428.4321980789138,104
2024-09-20 15:49:41.735000,428.4510941255108,996
2024-09-20 15:49:41.756000,428.4728981469658,102
2024-09-20 15:49:41.818000,428.4480536632435,95
2024-09-20 15:49:41.860000,428.36170218991725,104
2024-09-20 15:49:41.921000,428.5056995721689,9
2024-09-20 15:49:41.922000,428.4679031449163,103
2024-09-20 15:49:42.017000,428.4833564618676,13
2024-09-20 15:49:42.038000,428.5051676642266,104
2024-09-20 15:49:42.153000,428.5046186230412,5
2024-09-20 15:49:42.230000,428.5096200332608,1000
2024-09-20 15:49:42.298000,425.12712755042713,7
2024-09-20 15:49:42.356000,428.4750981963165,1004
2024-09-20 15:49:42.379000,428.4647831164669,95
2024-09-20 15:49:42.425000,428.50097034318327,13
2024-09-20 15:49:42.425000,428.5085540845452,100
2024-09-20 15:49:42.451000,428.45770106170943,15
2024-09-20 15:49:42.454000,428.4530111435789,100
2024-09-20 15:49:42.459000,428.4641685688756,999
2024-09-20 15:49:42.500000,428.48846452910703,7
2024-09-20 15:49:42.559000,428.4569126898037,996
2024-09-20 15:49:42.580000,428.4778462480637,102
2024-09-20 15:49:42.588000,428.49302484894673,9
2024-09-20 15:49:42.615000,428.45199275668784,14
2024-09-20 15:49:42.640000,428.44626197535536,11
2024-09-20 15:49:42.715000,428.4944105433056,8
2024-09-20 15:49:42.744000,428.4612102914149,102
2024-09-20 15:49:42.844000,428.4881849904765,1004
2024-09-20 15:49:42.884000,428.46004742768565,14
2024-09-20 15:49:42.896000,428.4790803302457,10
2024-09-20 15:49:42.915000,428.5188600657876,999
2024-09-20 15:49:43.010000,428.41227143773233,1005
2024-09-20 15:49:43.030000,428.44231603703867,998
2024-09-20 15:49:43.072000,428.4599463126538,996
2024-09-20 15:49:43.118000,428.4418616519943,10
2024-09-20 15:49:43.121000,428.4382713596781,5
2024-09-20 15:49:43.187000,428.3936353616464,12
2024-09-20 15:49:43.223000,428.4334049067319,95
2024-09-20 15:49:43.285000,428.40519827502607,15
2024-09-20 15:49:43.327000,428.3944221262881,97
2024-09-20 15:49:43.345000,428.407551878476,7
2024-09-20 15:49:43.359000,428.401391685978,15
2024-09-20 15:49:43.394000,428.4709342443733,95
2024-09-20 15:49:43.434000,428.4489047974894,5
2024-09-20 15:49:43.705000,428.4865318188141,99
2024-09-20 15:49:43.707000,428.3926487459664,1003
2024-09-20 15:49:43.710000,428.4473661949168,7
2024-09-20 15:49:43.726000,428.4503236179193,14
2024-09-20 15:49:43.739000,428.4404264595806,100
2024-09-20 15:49:43.794000,428.4191700619588,1003
2024-09-20 15:49:43.813000,428.4515918143465,1005
2024-09-20 15:49:43.818000,428.4166193110048,11
2024-09-20 15:49:43.845000,428.4240270195471,13
2024-09-20 15:49:43.880000,428.4714439172119,1002
2024-09-20 15:49:43.888000,428.3994868190854,997
2024-09-20 15:49:43.934000,428.3995795187795,99
2024-09-20 15:49:43.977000,428.4176898409655,999
2024-09-20 15:49:44.033000,428.4232361045566,11
2024-09-20 15:49:44.422000,428.4428590963653,995
2024-09-20 15:49:44.682000,428.4244219237244,998
2024-09-20 15:49:44.725000,428.4307218816778,99
2024-09-20 15:49:44.841000,428.4289408759739,12
2024-09-20 15:49:44.883000,428.4377535342437,1005
2024-09-20 15:49:44.960000,428.4564834293975,12
2024-09-20 15:49:44.993000,428.4451085332741,998
2024-09-20 15:49:45.096000,428.473695469329,1005
2024-09-20 15:49:45.466000,428.4727840711315,9
2024-09-20 15:49:45.579000,428.49890555627104,1000
2024-09-20 15:49:45.766000,428.4729215836807,7
2024-09-20 15:49:46.014000,428.48181622018143,100
2024-09-20 15:49:46.019000,428.4588973988578,100
2024-09-20 15:49:46.031000,428.4807517213033,104
2024-09-20 15:49:46.040000,428.4932931308753,103
2024-09-20 15:49:46.199000,428.4674291257571,7
2024-09-20 15:49:46.302000,428.4761274374666,5
2024-09-20 15:49:46.472000,428.4690455255517,97
2024-09-20 15:49:46.481000,428.4885635709232,1002
2024-09-20 15:49:46.495000,428.4707256250221,103
2024-09-20 15:49:46.514000,428.46704056451904,11
2024-09-20 15:49:46.522000,428.49533111179096,97
2024-09-20 15:49:46.535000,428.4518032104002,1004
2024-09-20 15:49:46.582000,428.4731136860466,6
2024-09-20 15:49:46.582000,428.4862869291312,7
2024-09-20 15:49:46.627000,428.4792731763785,12
2024-09-20 15:49:46.729000,428.4935436059237,5
2024-09-20 15:49:46.733000,428.4457482507804,9
2024-09-20 15:49:46.780000,428.4809373873756,101
2024-09-20 15:49:46.815000,428.4658777149264,10
2024-09-20 15:49:46.824000,428.4841814610637,97
2024-09-20 15:49:46.866000,428.4666538260091,9
2024-09-20 15:49:46.891000,428.46945236458856,995
2024-09-20 15:49:46.958000,428.4677719372237,97
2024-09-20 15:49:46.988000,428.46836417908906,105
2024-09-20 15:49:47.148000,428.37872649386543,1004
2024-09-20 15:49:47.185000,428.3965226475693,999
2024-09-20 15:49:47.207000,428.4578626568767,103
2024-09-20 15:49:47.286000,428.4428423909032,13
2024-09-20 15:49:47.322000,428.45542021308313,1005
2024-09-20 15:49:47.428000,428.415658842236,97
2024-09-20 15:49:47.435000,428.46752471101735,997
2024-09-20 15:49:47.453000,428.43855126285234,997
2024-09-20 15:49:47.479000,428.46817749732537,12
2024-09-20 15:49:47.534000,428.39978760675,1000
2024-09-20 15:49:47.560000,428.4379930641747,10
2024-09-20 15:49:47.567000,428.36864496607336,9
2024-09-20 15:49:47.670000,428.3875776478521,97
2024-09-20 15:49:47.726000,428.38364282243793,9
2024-09-20 15:49:47.868000,428.3737652758165,98
2024-09-20 15:49:48.070000,428.3849623297375,998
2024-09-20 15:49:48.125000,428.425400513256,996
2024-09-20 15:49:48.129000,428.43935776418056,15
2024-09-20 15:49:48.136000,428.4226667346538,95
2024-09-20 15:49:48.149000,428.42564879815495,99
2024-09-20 15:49:48.161000,428.4348694807065,1004
2024-09-20 15:49:48.188000,428.3877296071121,998
2024-09-20 15:49:48.244000,428.4007023033208,1003
2024-09-20 15:49:48.252000,428.4000318952824,14
2024-09-20 15:49:48.282000,428.4020125389139,9
2024-09-20 15:49:48.304000,428.4180088193689,15
2024-09-20 15:49:48.305000,428.4243776992766,102
2024-09-20 15:49:48.310000,428.39567416774463,1002
2024-09-20 15:49:48.330000,428.39892644818855,100
2024-09-20 15:49:48.347000,428.38731363904463,1005
2024-09-20 15:49:48.353000,428.3898915928998,998
2024-09-20 15:49:48.492000,428.4183553140535,103
2024-09-20 15:49:48.507000,428.430644040202,95
2024-09-20 15:49:48.597000,428.4311092185129,1000
2024-09-20 15:49:48.602000,428.4185118267596,102
2024-09-20 15:49:48.653000,428.4209688578544,13
2024-09-20 15:49:48.657000,428.4080342784361,5
2024-09-20 15:49:48.677000,428.40547801935486,7
2024-09-20 15:49:48.680000,428.4090826234581,9
2024-09-20 15:49:48.736000,428.38993259430384,1002
2024-09-20 15:49:48.901000,428.3941294871146,13
2024-09-20 15:49:48.927000,428.43733436595153,1002
2024-09-20 15:49:49.083000,428.35211211722594,103
2024-09-20 15:49:49.172000,428.429986388369,995
2024-09-20 15:49:49.339000,428.3883029077998,14
2024-09-20 15:49:49.442000,428.4144059261359,7
2024-09-20 15:49:49.647000,428.3673832833399,104
2024-09-20 15:49:49.658000,428.430462262222,98
2024-09-20 15:49:49.716000,428.3888862979972,996
2024-09-20 15:49:49.768000,428.36519130105006,99
2024-09-20 15:49:49.895000,428.4270605922197,97
2024-09-20 15:49:49.930000,428.4080137864931,96
2024-09-20 15:49:50.025000,428.3825003658263,10
2024-09-20 15:49:50.168000,428.3890404097183,996
2024-09-20 15:49:50.198000,428.3754386354829,1005
2024-09-20 15:49:50.320000,428.3818322561319,5
2024-09-20 15:49:50.345000,428.4034067269768,997
2024-09-20 15:49:50.383000,428.35268468950136,99
2024-09-20 15:49:50.395000,428.3714827787287,1001
2024-09-20 15:49:50.465000,428.3584406578476,1004
2024-09-20 15:49:50.535000,428.338865236137,8
2024-09-20 15:49:50.535000,428.3656001972578,11
2024-09-20 15:49:50.564000,428.3624204644771,11
2024-09-20 15:49:50.674000,428.3594191368524,102
2024-09-20 15:49:50.709000,428.3431263434022,1005
2024-09-20 15:49:50.722000,428.3761965634687,14
2024-09-20 15:49:50.727000,428.3856303172577,105
2024-09-20 15:49:50.769000,428.3726810237026,998
2024-09-20 15:49:50.796000,428.3938573698077,104
2024-09-20 15:49:50.828000,428.3708630568862,995
2024-09-20 15:49:50.946000,428.4065238583331,997
2024-09-20 15:49:50.974000,428.4161066895594,96
2024-09-20 15:49:50.977000,428.4028953348335,5
2024-09-20 15:49:51.133000,428.3700742857013,997
2024-09-20 15:49:51.136000,428.38860054705134,10
2024-09-20 15:49:51.139000,428.3755828810214,1004
2024-09-20 15:49:51.248000,428.37118975697547,101
2024-09-20 15:49:51.305000,428.3740758877877,997
2024-09-20 15:49:51.307000,428.30818745610986,12
2024-09-20 15:49:51.392000,428.3244841206482,101
2024-09-20 15:49:51.402000,428.3009859601595,1003
2024-09-20 15:49:51.414000,428.3603728015976,101
2024-09-20 15:49:51.426000,428.3840491031767,1001
2024-09-20 15:49:51.488000,428.3569952396483,1005
2024-09-20 15:49:51.645000,428.377330456457,103
2024-09-20 15:49:51.653000,428.3374352945602,100
2024-09-20 15:49:51.656000,428.3402810928054,1001
2024-09-20 15:49:51.665000,428.3788285301637,9
2024-09-20 15:49:51.747000,428.3773670561621,97
2024-09-20 15:49:51.802000,428.373788779105,998
2024-09-20 15:49:51.811000,428.3501742388226,104
2024-09-20 15:49:51.874000,428.3090742663407,998
2024-09-20 15:49:51.886000,428.3639489243533,996
2024-09-20 15:49:51.922000,428.3847937232416,999
2024-09-20 15:49:52.008000,428.22743887866216,6
2024-09-20 15:49:52.011000,428.2171478605831,13
2024-09-20 15:49:52.037000,428.2957397005068,101
2024-09-20 15:49:52.042000,428.2455364199256,10
2024-09-20 15:49:52.065000,428.2128381342928,12
2024-09-20 15:49:52.117000,428.2789446948407,996
2024-09-20 15:49:52.138000,428.2934152355716,10
2024-09-20 15:49:52.173000,428.2657249157848,1003
2024-09-20 15:49:52.310000,428.28481514849375,105
2024-09-20 15:49:52.393000,428.2697124419119,14
2024-09-20 15:49:52.398000,428.2722706316573,103
2024-09-20 15:49:52.409000,428.3037485088779,101
2024-09-20 15:49:52.451000,428.2506234457685,1000
2024-09-20 15:49:52.458000,428.2720436358166,104
2024-09-20 15:49:52.505000,428.2790468732758,96
2024-09-20 15:49:52.539000,428.2590993200541,9
2024-09-20 15:49:52.603000,428.2277715605661,6
2024-09-20 15:49:52.616000,428.21632383849646,7
2024-09-20 15:49:52.706000,428.2956476674551,999
2024-09-20 15:49:52.780000,428.2073533791437,999
2024-09-20 15:49:52.872000,428.2662570168367,1004
2024-09-20 15:49:52.883000,428.28462647223984,100
2024-09-20 15:49:53.009000,428.1879636659745,9
2024-09-20 15:49:53.045000,428.2293228544911,995
2024-09-20 15:49:53.047000,428.2388106903227,7
2024-09-20 15:49:53.083000,428.2048929602147,10
2024-09-20 15:49:53.216000,428.2310417403081,997
2024-09-20 15:49:53.238000,428.2012862415141,99
2024-09-20 15:49:53.277000,428.2304524939898,8
2024-09-20 15:49:53.282000,428.1947073864081,6
2024-09-20 15:49:53.427000,428.20461342860114,995
2024-09-20 15:49:53.501000,428.1951686199932,1004
2024-09-20 15:49:53.796000,428.1903647915526,8
2024-09-20 15:49:53.797000,428.21858971745047,95
2024-09-20 15:49:53.831000,428.23975890922895,98
2024-09-20 15:49:53.883000,428.2421378324743,1005
2024-09-20 15:49:53.929000,428.25708263758463,99
2024-09-20 15:49:53.932000,428.2131796376903,10
2024-09-20 15:49:53.956000,428.2377884843234,97
2024-09-20 15:49:54.002000,428.1357644737493,99
2024-09-20 15:49:54.051000,428.18092522280017,9
2024-09-20 15:49:54.060000,428.1497495404688,1003
2024-09-20 15:49:54.067000,428.1122230623411,105
2024-09-20 15:49:54.089000,428.13006104925495,95
2024-09-20 15:49:54.096000,428.11195254896376,101
2024-09-20 15:49:54.097000,428.1237154468741,102
2024-09-20 15:49:54.284000,428.1729455249888,11
2024-09-20 15:49:54.329000,428.1480737709055,1004
2024-09-20 15:49:54.451000,428.1581299652914,101
2024-09-20 15:49:54.479000,428.13297139295776,100
2024-09-20 15:49:54.535000,428.1170505783627,12
2024-09-20 15:49:54.549000,428.1192270922014,98
2024-09-20 15:49:54.550000,428.1772717680444,101
2024-09-20 15:49:54.555000,428.1315047133413,103
2024-09-20 15:49:54.659000,428.1078795865975,99
2024-09-20 15:49:54.734000,428.10402071189696,14
2024-09-20 15:49:54.747000,428.1345361923325,1002
2024-09-20 15:49:54.749000,428.1146492303661,1002
2024-09-20 15:49:54.752000,428.1106927342704,105
2024-09-20 15:49:54.756000,428.1766430814773,95
2024-09-20 15:49:54.781000,428.1929132701314,102
2024-09-20 15:49:54.875000,428.1001674060721,97
2024-09-20 15:49:54.968000,428.1125441099978,998
2024-09-20 15:49:55.058000,428.141343154557,9
2024-09-20 15:49:55.095000,428.1258297148639,10
2024-09-20 15:49:55.197000,428.1429782678633,11
2024-09-20 15:49:55.289000,428.1242715268922,1003
2024-09-20 15:49:55.308000,428.1324592432535,13
2024-09-20 15:49:55.348000,428.1397084288047,1003
2024-09-20 15:49:55.517000,428.1337939759864,5
2024-09-20 15:49:55.604000,428.1267641808312,97
2024-09-20 15:49:55.678000,428.127627061232,98
2024-09-20 15:49:55.842000,428.1197291223989,99
2024-09-20 15:49:55.855000,428.1511568705647,6
2024-09-20 15:49:55.874000,428.1332857496078,996
2024-09-20 15:49:55.964000,428.1225464758044,998
2024-09-20 15:49:56.008000,428.1184276431952,7
2024-09-20 15:49:56.344000,428.1246252634044,101
2024-09-20 15:49:56.364000,428.1304738171909,999
2024-09-20 15:49:56.577000,428.1091008189808,99
2024-09-20 15:49:57.332000,428.1249683329677,98
2024-09-20 15:49:57.456000,428.1108837066017,105
2024-09-20 15:49:57.561000,428.12946435700127,5
2024-09-20 15:49:57.698000,428.1209161271179,1001
2024-09-20 15:49:57.730000,428.0977422012718,1000
2024-09-20 15:49:57.925000,428.1226647639881,96
2024-09-20 15:49:57.990000,428.1037436127576,996
2024-09-20 15:49:58.043000,428.07984815099314,10
2024-09-20 15:49:58.083000,425.3513908588588,96
2024-09-20 15:49:58.107000,428.10601853701866,15
2024-09-20 15:49:58.211000,428.11139174002847,104
2024-09-20 15:49:58.434000,428.1197005884617,14
2024-09-20 15:49:58.906000,428.1049631877029,14
2024-09-20 15:49:58.922000,428.1061721047346,95
2024-09-20 15:49:58.978000,428.1087292406585,99
2024-09-20 15:49:59.052000,428.1319191360199,98
2024-09-20 15:49:59.073000,428.0387457697112,1001
2024-09-20 15:49:59.201000,428.1439869431655,100
2024-09-20 15:49:59.287000,428.12198603634255,9
2024-09-20 15:49:59.295000,428.0406472884697,15
2024-09-20 15:49:59.296000,428.1195404312838,95
2024-09-20 15:49:59.308000,428.1235648823256,96
2024-09-20 15:49:59.361000,428.1362699268894,105
2024-09-20 15:49:59.464000,428.03605122080063,103
2024-09-20 15:49:59.509000,428.0297576556202,998
2024-09-20 15:49:59.561000,428.1319191254361,7
2024-09-20 15:49:59.756000,428.1182136996047,996
2024-09-20 15:49:59.832000,428.083064452107,8
2024-09-20 15:49:59.848000,428.1489276514084,105
2024-09-20 15:49:59.852000,428.1058381879348,1005
2024-09-20 15:49:59.880000,428.06128671724247,103
2024-09-20 15:49:59.927000,428.1299268724048,97
2024-09-20 15:49:59.936000,428.1198778464215,1003
