Timestamp,Price,Size
2024-09-16 14:28:00.093000,415.32724926077896,1001
2024-09-16 14:28:00.153000,415.289894530818,96
2024-09-16 14:28:00.229000,415.34349744395934,8
2024-09-16 14:28:00.314000,415.329995808214,15
2024-09-16 14:28:00.339000,415.2851898536375,996
2024-09-16 14:28:00.370000,415.3424546340429,995
2024-09-16 14:28:00.516000,415.33051419426033,1003
2024-09-16 14:28:00.766000,415.293471662909,995
2024-09-16 14:28:00.825000,415.3411882850742,104
2024-09-16 14:28:00.979000,415.3326134196978,997
2024-09-16 14:28:01.060000,415.3281078951226,98
2024-09-16 14:28:01.848000,415.3400959444572,5
2024-09-16 14:28:01.950000,415.3369831077667,10
2024-09-16 14:28:01.955000,415.3370122510947,101
2024-09-16 14:28:01.994000,415.34130503213737,12
2024-09-16 14:28:02.100000,415.3150076148252,1001
2024-09-16 14:28:02.149000,415.33129272160767,5
2024-09-16 14:28:02.210000,415.3497394556625,13
2024-09-16 14:28:02.231000,415.3190989502183,1003
2024-09-16 14:28:02.233000,415.3318856923447,999
2024-09-16 14:28:02.289000,415.3592500641077,1003
2024-09-16 14:28:02.352000,415.31305749195536,96
2024-09-16 14:28:02.635000,415.3425774941612,1002
2024-09-16 14:28:02.845000,415.352927397464,999
2024-09-16 14:28:02.902000,415.3302947508941,1005
2024-09-16 14:28:02.972000,415.3156049368668,11
2024-09-16 14:28:03.039000,415.38163950517054,101
2024-09-16 14:28:03.065000,415.3612990017144,1000
2024-09-16 14:28:03.095000,415.3545510890036,5
2024-09-16 14:28:03.115000,415.2955880704013,101
2024-09-16 14:28:03.134000,415.2890462735924,6
2024-09-16 14:28:03.251000,415.3054617214357,9
2024-09-16 14:28:03.303000,415.3777021825442,1000
2024-09-16 14:28:03.316000,415.31231785639335,12
2024-09-16 14:28:03.335000,415.3181221006888,105
2024-09-16 14:28:03.349000,415.320997217728,15
2024-09-16 14:28:03.374000,415.3582347837428,1004
2024-09-16 14:28:03.462000,415.3574836819487,1001
2024-09-16 14:28:03.471000,415.3516009238425,996
2024-09-16 14:28:03.617000,415.3663263341718,13
2024-09-16 14:28:03.635000,415.3517096188292,8
2024-09-16 14:28:03.688000,415.3714532253141,102
2024-09-16 14:28:03.698000,415.3004149618676,10
2024-09-16 14:28:03.728000,415.3388600200714,1004
2024-09-16 14:28:03.730000,415.3262644506895,99
2024-09-16 14:28:03.750000,415.3003728874759,95
2024-09-16 14:28:03.750000,415.3806012014057,7
2024-09-16 14:28:03.778000,415.3286105015204,97
2024-09-16 14:28:03.901000,415.3074242181246,104
2024-09-16 14:28:03.924000,415.3865981599255,999
2024-09-16 14:28:03.929000,415.3838869169944,99
2024-09-16 14:28:03.950000,415.3931091846241,13
2024-09-16 14:28:04.093000,415.3509658904079,105
2024-09-16 14:28:04.106000,415.3802622111807,10
2024-09-16 14:28:04.153000,415.38104984664784,15
2024-09-16 14:28:04.304000,415.3540279817235,104
2024-09-16 14:28:04.422000,415.36283317528296,97
2024-09-16 14:28:04.503000,415.3748577373136,1003
2024-09-16 14:28:04.559000,415.3497323690991,6
2024-09-16 14:28:04.609000,415.3451884485154,96
2024-09-16 14:28:05.005000,415.3719650170443,1005
2024-09-16 14:28:05.031000,415.3571138254136,98
2024-09-16 14:28:05.165000,415.39284755194126,103
2024-09-16 14:28:05.226000,415.3677190795613,11
2024-09-16 14:28:05.299000,415.3766449739699,101
2024-09-16 14:28:05.334000,415.4015391677611,7
2024-09-16 14:28:05.350000,415.35889198688346,996
2024-09-16 14:28:05.410000,415.40386125772346,996
2024-09-16 14:28:05.413000,415.3585919576661,11
2024-09-16 14:28:05.482000,415.358308125992,14
2024-09-16 14:28:05.624000,415.36755391245646,11
2024-09-16 14:28:05.780000,415.3724381187441,1005
2024-09-16 14:28:05.789000,415.40204106080455,103
2024-09-16 14:28:05.800000,415.3959888204697,12
2024-09-16 14:28:05.881000,415.3721219073779,101
2024-09-16 14:28:05.910000,415.3670341587623,97
2024-09-16 14:28:05.925000,415.39891174519335,1003
2024-09-16 14:28:05.961000,415.3755909857031,15
2024-09-16 14:28:05.995000,415.4062584112369,95
2024-09-16 14:28:05.996000,415.3530975705246,102
2024-09-16 14:28:06.027000,415.36652173011856,8
2024-09-16 14:28:06.069000,415.3629422337589,95
2024-09-16 14:28:06.073000,415.3773459858914,103
2024-09-16 14:28:06.224000,415.35607204104207,14
2024-09-16 14:28:06.323000,415.36160357334734,102
2024-09-16 14:28:06.494000,415.3560290544103,9
2024-09-16 14:28:06.524000,415.361432851214,102
2024-09-16 14:28:06.870000,415.34247358437335,1000
2024-09-16 14:28:06.954000,415.3616702954678,1005
2024-09-16 14:28:07.548000,415.3977629397437,97
2024-09-16 14:28:07.715000,415.3830013815467,1005
2024-09-16 14:28:08.512000,415.403638488389,997
2024-09-16 14:28:08.958000,415.4105757296989,96
2024-09-16 14:28:09.047000,415.344473833154,97
2024-09-16 14:28:09.092000,415.2951661255885,12
2024-09-16 14:28:09.152000,415.41976828344406,9
2024-09-16 14:28:09.192000,415.3513731970031,8
2024-09-16 14:28:09.254000,415.4097713660522,9
2024-09-16 14:28:09.284000,415.3522187373088,101
2024-09-16 14:28:09.312000,415.3211939723116,1004
2024-09-16 14:28:09.319000,415.4015710123122,14
2024-09-16 14:28:09.354000,415.3383804189211,1004
2024-09-16 14:28:09.358000,415.3108176028743,997
2024-09-16 14:28:09.368000,415.3039328423221,7
2024-09-16 14:28:09.572000,415.3970341471704,104
2024-09-16 14:28:09.651000,415.3206800779083,1003
2024-09-16 14:28:09.668000,415.3062664648991,1005
2024-09-16 14:28:09.801000,415.40818923092513,98
2024-09-16 14:28:09.826000,415.4128778084288,1003
2024-09-16 14:28:09.920000,415.3639649081613,102
2024-09-16 14:28:09.980000,415.377715100872,14
2024-09-16 14:28:10.005000,415.2402642873787,95
2024-09-16 14:28:10.009000,415.275009948567,1003
2024-09-16 14:28:10.047000,415.287004567781,1003
2024-09-16 14:28:10.180000,415.27501564437546,95
2024-09-16 14:28:10.222000,415.261460684708,14
2024-09-16 14:28:10.292000,415.2923413131875,96
2024-09-16 14:28:10.293000,415.2397148675822,13
2024-09-16 14:28:10.346000,415.3032303294232,1002
2024-09-16 14:28:10.373000,415.24638048080186,1002
2024-09-16 14:28:10.382000,415.2463846502542,999
2024-09-16 14:28:10.407000,415.2714177396374,998
2024-09-16 14:28:10.441000,415.291368150944,12
2024-09-16 14:28:10.480000,415.258758004424,996
2024-09-16 14:28:10.498000,415.2892298591653,1002
2024-09-16 14:28:10.507000,415.2954538864589,102
2024-09-16 14:28:10.560000,415.2683119731992,101
2024-09-16 14:28:10.560000,415.2577210873007,996
2024-09-16 14:28:10.635000,415.28954208699,101
2024-09-16 14:28:10.637000,415.2476572260405,9
2024-09-16 14:28:10.687000,415.27180653405657,14
2024-09-16 14:28:10.732000,415.2939397104671,13
2024-09-16 14:28:10.766000,415.2250802370284,105
2024-09-16 14:28:10.788000,415.2753198071673,13
2024-09-16 14:28:10.817000,415.29293993757295,14
2024-09-16 14:28:10.820000,415.31442330205965,103
2024-09-16 14:28:10.926000,415.23002302139065,1000
2024-09-16 14:28:10.935000,415.2815058216279,999
2024-09-16 14:28:11.048000,415.2826017938212,6
2024-09-16 14:28:11.064000,415.2718497936936,1002
2024-09-16 14:28:11.074000,415.2209891017236,999
2024-09-16 14:28:11.078000,415.28707417025305,95
2024-09-16 14:28:11.102000,415.29195213124535,12
2024-09-16 14:28:11.150000,415.1994637598247,996
2024-09-16 14:28:11.193000,415.25366666027656,12
2024-09-16 14:28:11.217000,415.2181453143117,1004
2024-09-16 14:28:11.229000,415.21986622420576,999
2024-09-16 14:28:11.239000,415.2638226084811,102
2024-09-16 14:28:11.333000,415.2206748666722,105
2024-09-16 14:28:11.418000,415.28121575583,12
2024-09-16 14:28:11.425000,415.2265579620539,15
2024-09-16 14:28:11.431000,415.2121695384875,996
2024-09-16 14:28:11.540000,415.2063724021488,1003
2024-09-16 14:28:11.636000,415.2609964730871,100
2024-09-16 14:28:11.714000,415.2724364404046,997
2024-09-16 14:28:11.769000,415.2877523228106,99
2024-09-16 14:28:11.793000,415.2093544386318,1003
2024-09-16 14:28:11.813000,415.24074246868327,102
2024-09-16 14:28:11.836000,415.216700755722,999
2024-09-16 14:28:11.862000,415.235668863144,999
2024-09-16 14:28:12.037000,415.2351348754723,97
2024-09-16 14:28:12.091000,415.2495419373392,103
2024-09-16 14:28:12.216000,415.2272758860756,97
2024-09-16 14:28:12.217000,415.2212892471682,1002
2024-09-16 14:28:12.235000,415.2218442288839,11
2024-09-16 14:28:12.291000,415.2256346133952,105
2024-09-16 14:28:12.301000,415.21204898629526,1004
2024-09-16 14:28:12.303000,415.24601940428505,95
2024-09-16 14:28:12.304000,415.2050136004576,99
2024-09-16 14:28:12.544000,415.2320810052835,100
2024-09-16 14:28:12.544000,415.2379970721817,1005
2024-09-16 14:28:12.574000,415.2409258578192,95
2024-09-16 14:28:12.674000,415.239250757016,14
2024-09-16 14:28:12.759000,415.24737531289713,1005
2024-09-16 14:28:12.963000,415.2459645376102,13
2024-09-16 14:28:13.142000,415.2468560259569,12
2024-09-16 14:28:13.316000,415.2245557639308,10
2024-09-16 14:28:14.111000,415.23369572969824,98
2024-09-16 14:28:14.319000,415.2601616757573,1000
2024-09-16 14:28:14.375000,415.22186869597766,96
2024-09-16 14:28:14.387000,415.2729455040973,5
2024-09-16 14:28:14.419000,415.2849473259488,99
2024-09-16 14:28:14.693000,415.2632545923754,100
2024-09-16 14:28:14.709000,415.237667017011,103
2024-09-16 14:28:14.769000,415.2298356878774,998
2024-09-16 14:28:14.905000,415.2660722317977,1001
2024-09-16 14:28:15.001000,415.2539806408149,1000
2024-09-16 14:28:15.038000,415.2419800634685,104
2024-09-16 14:28:15.150000,415.2094184871215,12
2024-09-16 14:28:15.217000,415.20945561463145,100
2024-09-16 14:28:15.279000,415.23200329602736,13
2024-09-16 14:28:15.314000,415.2235946714881,13
2024-09-16 14:28:15.341000,415.2297152217861,102
2024-09-16 14:28:15.483000,415.2328212221204,100
2024-09-16 14:28:15.484000,415.2200895266583,102
2024-09-16 14:28:15.542000,415.239217040377,1005
2024-09-16 14:28:15.590000,415.2032009336762,1002
2024-09-16 14:28:15.601000,415.22194024225325,996
2024-09-16 14:28:15.650000,415.240544111326,1002
2024-09-16 14:28:15.670000,415.22616067690177,9
2024-09-16 14:28:15.677000,415.2588760462434,105
2024-09-16 14:28:15.722000,415.255727740564,101
2024-09-16 14:28:15.729000,415.2281214288798,95
2024-09-16 14:28:15.823000,415.2235574342057,997
2024-09-16 14:28:15.906000,415.2171062565533,104
2024-09-16 14:28:15.910000,415.21647197213,104
2024-09-16 14:28:15.957000,415.2038950693996,96
2024-09-16 14:28:16.028000,415.2334422553435,100
2024-09-16 14:28:16.090000,415.26355795246985,5
2024-09-16 14:28:16.410000,415.1992710882529,998
2024-09-16 14:28:16.468000,415.2582031238548,104
2024-09-16 14:28:16.555000,415.2271057705994,5
2024-09-16 14:28:16.621000,415.21621663030015,1005
2024-09-16 14:28:16.660000,415.2078084923027,11
2024-09-16 14:28:16.785000,415.2407865975188,8
2024-09-16 14:28:16.875000,415.2300364457953,8
2024-09-16 14:28:16.908000,415.2087193338183,999
2024-09-16 14:28:17.166000,415.23288679910144,96
2024-09-16 14:28:17.545000,415.2158245298133,995
2024-09-16 14:28:17.663000,415.195432009065,11
2024-09-16 14:28:17.671000,415.1747992113512,1004
2024-09-16 14:28:17.826000,415.1774784204586,14
2024-09-16 14:28:17.852000,415.2459698852416,13
2024-09-16 14:28:18.411000,415.2221878465503,5
2024-09-16 14:28:18.477000,415.2133843379869,105
2024-09-16 14:28:18.494000,415.2101222772348,97
2024-09-16 14:28:18.666000,415.2079216782416,98
2024-09-16 14:28:18.927000,415.21342553478297,1004
2024-09-16 14:28:19.058000,415.3177996506031,996
2024-09-16 14:28:19.060000,415.3320102425933,100
2024-09-16 14:28:19.201000,415.32233023208585,1001
2024-09-16 14:28:19.310000,415.32423268743946,12
2024-09-16 14:28:19.323000,415.3292829135121,996
2024-09-16 14:28:19.325000,415.35402277480455,996
2024-09-16 14:28:19.494000,415.3232627452412,13
2024-09-16 14:28:19.520000,415.3379103851784,7
2024-09-16 14:28:19.699000,415.3608338332875,6
2024-09-16 14:28:19.726000,415.3246580966821,996
2024-09-16 14:28:19.757000,415.3324632887284,9
2024-09-16 14:28:19.794000,415.316717883482,12
2024-09-16 14:28:19.801000,415.2742097825049,997
2024-09-16 14:28:19.804000,415.24426251047976,999
2024-09-16 14:28:19.806000,415.2187505989496,15
2024-09-16 14:28:19.909000,415.36465550956393,12
2024-09-16 14:28:19.936000,415.24720772449234,997
2024-09-16 14:28:19.943000,415.3265819335329,1001
2024-09-16 14:28:20.130000,415.3293536969441,6
2024-09-16 14:28:20.226000,415.300760969268,98
2024-09-16 14:28:20.297000,415.29120499057314,100
2024-09-16 14:28:20.302000,415.3006273012,12
2024-09-16 14:28:20.408000,415.27998714773446,995
2024-09-16 14:28:20.669000,415.3035894293301,12
2024-09-16 14:28:20.723000,415.2795880659605,1002
2024-09-16 14:28:20.767000,415.3089851516869,995
2024-09-16 14:28:20.803000,415.28909617569406,100
2024-09-16 14:28:20.929000,415.3156612695983,95
2024-09-16 14:28:21.074000,415.3501874599767,12
2024-09-16 14:28:21.098000,415.2913456973947,996
2024-09-16 14:28:21.112000,415.3965308670777,6
2024-09-16 14:28:21.116000,415.3713916569297,100
2024-09-16 14:28:21.203000,415.3743825681917,8
2024-09-16 14:28:21.272000,415.3435323466704,12
2024-09-16 14:28:21.301000,415.36015152878105,1005
2024-09-16 14:28:21.301000,415.3139430758696,1005
2024-09-16 14:28:21.315000,415.3184042674533,998
2024-09-16 14:28:21.471000,415.2971378345831,103
2024-09-16 14:28:21.513000,415.3043225080317,105
2024-09-16 14:28:21.517000,415.3211658708035,1005
2024-09-16 14:28:21.537000,415.2985183165199,1004
2024-09-16 14:28:21.563000,415.3410589412838,103
2024-09-16 14:28:21.587000,415.3234095205207,96
2024-09-16 14:28:21.615000,415.3862036329576,15
2024-09-16 14:28:21.659000,415.3016006944388,998
2024-09-16 14:28:21.680000,415.3674497724591,1005
2024-09-16 14:28:21.717000,415.2982679759075,99
2024-09-16 14:28:21.720000,415.3402321827017,7
2024-09-16 14:28:21.744000,415.33574613457824,104
2024-09-16 14:28:21.801000,415.3074104716896,100
2024-09-16 14:28:21.819000,415.3412249605527,13
2024-09-16 14:28:21.837000,415.2998807564978,98
2024-09-16 14:28:21.840000,415.3385742664775,96
2024-09-16 14:28:21.897000,415.3263979072122,96
2024-09-16 14:28:21.968000,415.3575719140591,102
2024-09-16 14:28:22.045000,415.3638542199008,7
2024-09-16 14:28:22.080000,415.3690283489158,9
2024-09-16 14:28:22.092000,415.3926232857492,105
2024-09-16 14:28:22.110000,415.35545853496205,98
2024-09-16 14:28:22.148000,415.3591474925463,1001
2024-09-16 14:28:22.220000,415.3541829803624,95
2024-09-16 14:28:22.258000,415.34966434190505,104
2024-09-16 14:28:22.306000,415.3733229991926,1004
2024-09-16 14:28:22.309000,415.3582758349439,1005
2024-09-16 14:28:22.359000,415.3792909005799,1002
2024-09-16 14:28:22.367000,415.36221382414686,95
2024-09-16 14:28:22.388000,415.35516264331153,101
2024-09-16 14:28:22.393000,415.37236082340166,15
2024-09-16 14:28:22.399000,415.3766358036088,1005
2024-09-16 14:28:22.429000,415.3551909507835,1003
2024-09-16 14:28:22.512000,415.3681290880137,96
2024-09-16 14:28:22.570000,415.3593785571016,1002
2024-09-16 14:28:22.576000,415.3727372859764,999
2024-09-16 14:28:22.652000,415.3635327516544,7
2024-09-16 14:28:22.656000,415.37246545118506,105
2024-09-16 14:28:22.688000,415.40354369744745,99
2024-09-16 14:28:22.780000,415.3953569737302,999
2024-09-16 14:28:22.783000,415.3901425893845,105
2024-09-16 14:28:22.848000,415.3698129632899,1003
2024-09-16 14:28:22.879000,415.3893197153548,1000
2024-09-16 14:28:22.955000,415.36526687104976,99
2024-09-16 14:28:23.011000,415.2892327259463,95
2024-09-16 14:28:23.034000,415.3243205767265,97
2024-09-16 14:28:23.122000,415.33641480574926,1001
2024-09-16 14:28:23.297000,415.3549299479757,14
2024-09-16 14:28:23.333000,415.34527105415566,1004
2024-09-16 14:28:23.333000,415.3005760969772,96
2024-09-16 14:28:23.339000,415.35576482003165,105
2024-09-16 14:28:23.423000,415.2950426298455,8
2024-09-16 14:28:23.490000,415.32440373498974,10
2024-09-16 14:28:23.530000,415.2850596734519,8
2024-09-16 14:28:23.670000,415.3350044565722,100
2024-09-16 14:28:23.676000,415.2804913848023,997
2024-09-16 14:28:23.692000,415.3296957188027,8
2024-09-16 14:28:23.701000,415.3371470586992,104
2024-09-16 14:28:23.716000,415.3547756504311,7
2024-09-16 14:28:23.776000,415.2880616844927,10
2024-09-16 14:28:23.787000,415.3096239188007,97
2024-09-16 14:28:23.863000,415.3400391937899,96
2024-09-16 14:28:23.929000,415.29129056916827,5
2024-09-16 14:28:23.970000,415.349322956843,6
2024-09-16 14:28:24.116000,415.3429621080522,1002
2024-09-16 14:28:24.210000,415.32679100114126,101
2024-09-16 14:28:24.263000,415.3712460894874,102
2024-09-16 14:28:24.315000,415.34128319818,12
2024-09-16 14:28:24.515000,415.40021621133866,13
2024-09-16 14:28:24.609000,415.3958780446996,13
2024-09-16 14:28:24.663000,415.31533212663714,13
2024-09-16 14:28:24.670000,415.3939201645517,13
2024-09-16 14:28:24.928000,415.3564308977445,13
2024-09-16 14:28:24.961000,415.4027194785148,99
2024-09-16 14:28:25.121000,415.4012403714675,105
2024-09-16 14:28:25.158000,415.377837387998,97
2024-09-16 14:28:25.229000,415.35055108083833,1002
2024-09-16 14:28:25.290000,415.36684293546296,1000
2024-09-16 14:28:25.315000,415.367188143298,1004
2024-09-16 14:28:25.373000,415.39246628212777,7
2024-09-16 14:28:25.433000,415.4119385888404,103
2024-09-16 14:28:25.571000,415.3785416105263,1001
2024-09-16 14:28:25.607000,415.3966611996899,11
2024-09-16 14:28:25.684000,415.3721283907311,995
2024-09-16 14:28:25.723000,415.3450883162744,12
2024-09-16 14:28:25.827000,415.3686580909778,1003
2024-09-16 14:28:25.834000,415.35497151344026,997
2024-09-16 14:28:25.839000,415.3679916828509,9
2024-09-16 14:28:25.869000,415.3656016267973,98
2024-09-16 14:28:26.058000,415.3984950708111,97
2024-09-16 14:28:26.138000,415.3692609683632,14
2024-09-16 14:28:26.139000,415.3767528422442,1000
2024-09-16 14:28:26.141000,415.40988628894553,997
2024-09-16 14:28:26.143000,415.4240386772207,105
2024-09-16 14:28:26.225000,415.3854379903356,99
2024-09-16 14:28:26.355000,415.4111542854233,102
2024-09-16 14:28:26.394000,415.37513610740143,97
2024-09-16 14:28:26.420000,415.393611731151,102
2024-09-16 14:28:26.460000,415.3738190887016,103
2024-09-16 14:28:26.647000,415.4001878766363,7
2024-09-16 14:28:26.694000,415.3672641786203,9
2024-09-16 14:28:26.771000,415.418660755652,100
2024-09-16 14:28:26.808000,415.400403122597,9
2024-09-16 14:28:26.869000,415.4231321799486,998
2024-09-16 14:28:26.876000,415.379505398792,102
2024-09-16 14:28:26.977000,415.3833913030937,10
2024-09-16 14:28:27.073000,415.4597052338331,104
2024-09-16 14:28:27.148000,415.4675124027098,1003
2024-09-16 14:28:27.277000,415.4689916861719,7
2024-09-16 14:28:27.330000,415.4602868441247,998
2024-09-16 14:28:27.477000,415.4514212322528,11
2024-09-16 14:28:27.572000,415.44760501013326,998
2024-09-16 14:28:27.586000,415.4485576809253,97
2024-09-16 14:28:27.645000,415.4661631497973,9
2024-09-16 14:28:27.791000,415.4474797095746,997
2024-09-16 14:28:27.824000,415.4678843906087,995
2024-09-16 14:28:27.841000,415.472806340301,11
2024-09-16 14:28:27.978000,415.4779475512311,101
2024-09-16 14:28:28.017000,415.3950083665145,15
2024-09-16 14:28:28.196000,415.38078423089377,996
2024-09-16 14:28:28.215000,415.4108109487121,102
2024-09-16 14:28:28.362000,415.4189847578241,1003
2024-09-16 14:28:28.388000,415.419681875899,996
2024-09-16 14:28:28.436000,415.4041273617248,102
2024-09-16 14:28:28.476000,415.4067840568686,105
2024-09-16 14:28:28.480000,415.4148683240952,1001
2024-09-16 14:28:28.624000,415.3925733645559,103
2024-09-16 14:28:28.693000,415.4209948727957,100
2024-09-16 14:28:28.730000,415.4178555846536,1005
2024-09-16 14:28:28.742000,415.410555277552,96
2024-09-16 14:28:28.744000,415.39052910680624,103
2024-09-16 14:28:28.816000,415.387762844715,99
2024-09-16 14:28:28.865000,415.4276276009815,7
2024-09-16 14:28:28.872000,415.40450256952175,999
2024-09-16 14:28:28.877000,415.4156480733203,13
2024-09-16 14:28:28.917000,415.38252679881896,11
2024-09-16 14:28:28.939000,415.4187090944908,11
2024-09-16 14:28:28.953000,415.4269387754881,996
2024-09-16 14:28:29.214000,415.3931570133559,100
2024-09-16 14:28:29.948000,415.38057026090416,997
2024-09-16 14:28:30,415.4249407204079,1005
2024-09-16 14:28:30.190000,415.3915546552597,1001
2024-09-16 14:28:30.207000,415.4175806826813,998
2024-09-16 14:28:30.365000,415.4048518050503,12
2024-09-16 14:28:30.480000,415.40700364610905,103
2024-09-16 14:28:30.576000,415.3838829590741,7
2024-09-16 14:28:30.585000,415.3947025344559,11
2024-09-16 14:28:30.594000,415.3772004154826,15
2024-09-16 14:28:30.743000,415.422535505712,9
2024-09-16 14:28:30.758000,415.4286518097664,6
2024-09-16 14:28:30.764000,415.4243841392748,6
2024-09-16 14:28:30.855000,415.38968472240265,103
2024-09-16 14:28:30.870000,415.3855391600516,11
2024-09-16 14:28:30.911000,415.415108660138,99
2024-09-16 14:28:31.056000,415.397561572338,1004
2024-09-16 14:28:31.075000,415.4004386952525,96
2024-09-16 14:28:31.153000,415.41670981461664,15
2024-09-16 14:28:31.197000,415.4090446791681,100
2024-09-16 14:28:31.229000,415.3934582610611,10
2024-09-16 14:28:31.367000,415.4135015717315,103
2024-09-16 14:28:31.401000,415.36781407545857,1005
2024-09-16 14:28:31.617000,415.4208017907324,8
2024-09-16 14:28:31.622000,415.4017237380328,15
2024-09-16 14:28:31.632000,415.3691359766273,97
2024-09-16 14:28:31.633000,415.4022302228892,96
2024-09-16 14:28:31.740000,415.3537070320342,998
2024-09-16 14:28:31.779000,415.4001481810871,6
2024-09-16 14:28:31.798000,415.4080951646564,7
2024-09-16 14:28:31.810000,415.3560946042886,12
2024-09-16 14:28:31.841000,415.3751201768109,14
2024-09-16 14:28:31.918000,415.4209233040229,10
2024-09-16 14:28:31.923000,415.4032873891013,9
2024-09-16 14:28:31.925000,415.34359644618223,1005
2024-09-16 14:28:31.969000,415.3699073157047,101
2024-09-16 14:28:31.971000,415.3855339292437,105
2024-09-16 14:28:32.031000,415.4376557757774,1004
2024-09-16 14:28:32.040000,415.36717000166175,995
2024-09-16 14:28:32.051000,415.3693136989562,100
2024-09-16 14:28:32.153000,415.3696218768011,1001
2024-09-16 14:28:32.195000,415.3665899139879,13
2024-09-16 14:28:32.198000,415.37739475626375,13
2024-09-16 14:28:32.245000,415.3755158887861,7
2024-09-16 14:28:32.325000,415.367677858116,97
2024-09-16 14:28:32.398000,415.4114572120321,98
2024-09-16 14:28:32.449000,415.3636626320068,6
2024-09-16 14:28:32.461000,415.423110094332,1005
2024-09-16 14:28:32.500000,415.35203979174514,99
2024-09-16 14:28:32.516000,415.4012900750269,6
2024-09-16 14:28:32.564000,415.4084072481571,999
2024-09-16 14:28:32.667000,415.3591775542405,5
2024-09-16 14:28:32.723000,415.3460874782783,100
2024-09-16 14:28:32.761000,415.3732007054828,104
2024-09-16 14:28:32.778000,415.35062979265166,1001
2024-09-16 14:28:32.784000,415.4084998048654,100
2024-09-16 14:28:32.840000,415.3852248613293,15
2024-09-16 14:28:32.852000,415.40331113554464,1000
2024-09-16 14:28:32.852000,415.3499396538098,105
2024-09-16 14:28:32.878000,415.3833849165956,96
2024-09-16 14:28:32.910000,415.44060633191856,13
2024-09-16 14:28:32.946000,415.3679209006254,1001
2024-09-16 14:28:32.954000,415.35610315997593,12
2024-09-16 14:28:33.076000,415.345654580686,7
2024-09-16 14:28:33.097000,415.3497448571521,1004
2024-09-16 14:28:33.119000,415.3475724533533,11
2024-09-16 14:28:33.128000,415.4195835485928,8
2024-09-16 14:28:33.160000,415.4248765934326,14
2024-09-16 14:28:33.164000,415.3383076754915,1004
2024-09-16 14:28:33.237000,415.40492572877537,1002
2024-09-16 14:28:33.287000,415.363231416252,995
2024-09-16 14:28:33.334000,415.3473520080227,13
2024-09-16 14:28:33.406000,415.34827843500005,1005
2024-09-16 14:28:33.439000,415.3579481172997,1005
2024-09-16 14:28:33.551000,415.3741781374167,102
2024-09-16 14:28:33.584000,415.43566361028985,1001
2024-09-16 14:28:33.629000,415.38804251395726,104
2024-09-16 14:28:33.771000,415.43530608324727,104
2024-09-16 14:28:33.811000,415.38633587895634,1001
2024-09-16 14:28:33.845000,415.3781937316688,7
2024-09-16 14:28:33.874000,415.3635662851456,997
2024-09-16 14:28:33.885000,415.3938988882592,9
2024-09-16 14:28:33.890000,415.3673015650732,10
2024-09-16 14:28:34.070000,415.3708739711824,10
2024-09-16 14:28:34.077000,415.3696809413436,1002
2024-09-16 14:28:34.087000,415.3457343449791,96
2024-09-16 14:28:34.103000,415.3531513533087,14
2024-09-16 14:28:34.166000,415.3477817616098,14
2024-09-16 14:28:34.309000,415.3637647425776,97
2024-09-16 14:28:34.616000,415.3677347026559,104
2024-09-16 14:28:34.635000,415.3452093177069,103
2024-09-16 14:28:34.751000,415.3822562981926,97
2024-09-16 14:28:34.854000,415.35426003462976,96
2024-09-16 14:28:34.866000,415.3546441396469,102
2024-09-16 14:28:34.933000,415.3786847882578,12
2024-09-16 14:28:34.957000,415.3593918551685,8
2024-09-16 14:28:35.033000,415.4674058688341,8
2024-09-16 14:28:35.043000,415.3847912997375,7
2024-09-16 14:28:35.146000,415.456521698196,99
2024-09-16 14:28:35.262000,415.4407537183518,105
2024-09-16 14:28:35.278000,415.4785500893484,1000
2024-09-16 14:28:35.298000,415.4629327636548,995
2024-09-16 14:28:35.324000,415.4772203325878,104
2024-09-16 14:28:35.325000,415.3777133215,11
2024-09-16 14:28:35.423000,415.470003758334,999
2024-09-16 14:28:35.425000,415.3780300585292,13
2024-09-16 14:28:35.519000,415.3886850335615,98
2024-09-16 14:28:35.541000,415.46260993777565,999
2024-09-16 14:28:35.557000,415.4626023320407,5
2024-09-16 14:28:35.621000,415.4010909681027,101
2024-09-16 14:28:35.779000,415.47745282779226,105
2024-09-16 14:28:35.830000,415.3640191644084,101
2024-09-16 14:28:35.848000,415.4231657686085,104
2024-09-16 14:28:36.059000,415.4513983764837,8
2024-09-16 14:28:36.071000,415.4102624208476,6
2024-09-16 14:28:36.072000,415.4491966469078,1005
2024-09-16 14:28:36.083000,415.46757841701583,12
2024-09-16 14:28:36.092000,415.46065870830085,996
2024-09-16 14:28:36.135000,415.4698830175169,7
2024-09-16 14:28:36.161000,415.4552882225227,10
2024-09-16 14:28:36.206000,415.4347893683023,1004
2024-09-16 14:28:36.217000,415.4212721445358,1003
2024-09-16 14:28:36.239000,415.45610714525424,999
2024-09-16 14:28:36.249000,415.4344336104601,95
2024-09-16 14:28:36.283000,415.4553180175013,95
2024-09-16 14:28:36.285000,415.41362295211246,10
2024-09-16 14:28:36.331000,415.45050504555047,7
2024-09-16 14:28:36.346000,415.4410872855498,10
2024-09-16 14:28:36.373000,415.4513404626664,6
2024-09-16 14:28:36.393000,415.4202782819227,15
2024-09-16 14:28:36.438000,415.4213296129656,102
2024-09-16 14:28:36.475000,415.4261577635956,101
2024-09-16 14:28:36.481000,415.4294078079775,996
2024-09-16 14:28:36.589000,415.4444180588806,9
2024-09-16 14:28:36.652000,415.4517616268301,14
2024-09-16 14:28:36.669000,415.4505934461847,9
2024-09-16 14:28:36.688000,415.4280822235662,1002
2024-09-16 14:28:36.767000,415.4263197782387,14
2024-09-16 14:28:36.837000,415.4320337825247,9
2024-09-16 14:28:36.888000,415.44132794139273,1000
2024-09-16 14:28:36.947000,415.443599889353,8
2024-09-16 14:28:36.983000,415.4648639929571,99
2024-09-16 14:28:36.997000,415.42045295255633,95
2024-09-16 14:28:37.008000,415.4509446101673,1000
2024-09-16 14:28:37.027000,415.49950800429446,103
2024-09-16 14:28:37.029000,415.4455931680606,13
2024-09-16 14:28:37.040000,415.4395480915244,14
2024-09-16 14:28:37.064000,415.5043695804122,6
2024-09-16 14:28:37.095000,415.50472101834345,5
2024-09-16 14:28:37.154000,415.4307624463614,15
2024-09-16 14:28:37.166000,415.43743585026647,6
2024-09-16 14:28:37.243000,415.509642426353,1002
2024-09-16 14:28:37.300000,415.5159937433385,101
2024-09-16 14:28:37.368000,415.48891091596096,97
2024-09-16 14:28:37.378000,415.4817014462911,95
2024-09-16 14:28:37.399000,415.5065243877414,12
2024-09-16 14:28:37.417000,415.4498808245637,1002
2024-09-16 14:28:37.442000,415.494030762051,14
2024-09-16 14:28:37.520000,415.4357643092913,10
2024-09-16 14:28:37.604000,415.4610457152144,1005
2024-09-16 14:28:37.646000,415.5184530039365,996
2024-09-16 14:28:37.689000,415.47311765466486,11
2024-09-16 14:28:37.714000,415.49872319206935,1003
2024-09-16 14:28:37.771000,415.4905010830389,999
2024-09-16 14:28:37.782000,415.4698893054359,1005
2024-09-16 14:28:37.797000,415.4151286601537,1002
2024-09-16 14:28:37.908000,415.4768595617304,15
2024-09-16 14:28:37.924000,415.47714809916096,99
2024-09-16 14:28:37.927000,415.4780769411181,11
2024-09-16 14:28:37.936000,415.50460315490506,14
2024-09-16 14:28:38.143000,415.3790151890015,98
2024-09-16 14:28:38.197000,415.4085993515016,996
2024-09-16 14:28:38.201000,415.3698023284687,1004
2024-09-16 14:28:38.219000,415.43919277974726,12
2024-09-16 14:28:38.240000,415.4237555927422,96
2024-09-16 14:28:38.294000,415.3615797314425,1004
2024-09-16 14:28:38.324000,415.3792280854004,9
2024-09-16 14:28:38.345000,415.3738900530141,7
2024-09-16 14:28:38.395000,415.41509826145466,1005
2024-09-16 14:28:38.398000,415.45873828204367,9
2024-09-16 14:28:38.412000,415.3747319187819,15
2024-09-16 14:28:38.429000,415.3939420240556,1000
2024-09-16 14:28:38.449000,415.396165454133,97
2024-09-16 14:28:38.453000,415.44084277188006,1004
2024-09-16 14:28:38.478000,415.3868598101558,101
2024-09-16 14:28:38.504000,415.363263660938,10
2024-09-16 14:28:38.567000,415.416234504058,10
2024-09-16 14:28:38.624000,415.426282498434,102
2024-09-16 14:28:38.634000,415.4276584576656,9
2024-09-16 14:28:38.651000,415.3563342605276,14
2024-09-16 14:28:38.817000,415.36796681121314,5
2024-09-16 14:28:38.818000,415.404130243017,100
2024-09-16 14:28:38.871000,415.3648550476685,105
2024-09-16 14:28:38.909000,415.4449872799011,996
2024-09-16 14:28:38.928000,415.3590228391945,6
2024-09-16 14:28:38.934000,415.40670824489047,998
2024-09-16 14:28:38.964000,415.37646866809376,10
2024-09-16 14:28:39.079000,415.3981418448354,96
2024-09-16 14:28:39.299000,415.4269606377074,1002
2024-09-16 14:28:39.354000,415.4175327631661,1003
2024-09-16 14:28:39.423000,415.409340809892,1003
2024-09-16 14:28:39.434000,415.4075754078834,97
2024-09-16 14:28:39.670000,415.4253359070753,1000
2024-09-16 14:28:39.682000,415.37783608377015,1002
2024-09-16 14:28:39.730000,415.4008192850133,997
2024-09-16 14:28:39.763000,415.4403927831827,95
2024-09-16 14:28:39.763000,415.4214728684483,1000
2024-09-16 14:28:39.783000,415.4281127633544,96
2024-09-16 14:28:39.933000,415.37883501926217,96
2024-09-16 14:28:39.950000,415.40239280651696,101
2024-09-16 14:28:40.020000,415.4087199531568,103
2024-09-16 14:28:40.114000,415.4155312210117,8
2024-09-16 14:28:40.354000,415.40805405002016,995
2024-09-16 14:28:40.908000,415.42073286884704,104
2024-09-16 14:28:41.044000,415.4126984828669,998
2024-09-16 14:28:41.123000,415.42456058167886,1003
2024-09-16 14:28:41.201000,415.4171543277123,998
2024-09-16 14:28:41.213000,415.4344138772118,11
2024-09-16 14:28:41.402000,415.440347031698,997
2024-09-16 14:28:41.419000,415.417636982329,6
2024-09-16 14:28:41.479000,415.4266356250823,996
2024-09-16 14:28:41.592000,415.4193105431655,1003
2024-09-16 14:28:41.594000,415.4446880536336,9
2024-09-16 14:28:41.655000,415.42210079199407,12
2024-09-16 14:28:41.667000,415.4289135239482,13
2024-09-16 14:28:41.679000,415.4160621691662,96
2024-09-16 14:28:41.701000,415.4272441060945,100
2024-09-16 14:28:41.724000,415.4371717144952,1003
2024-09-16 14:28:41.735000,415.4282594148747,98
2024-09-16 14:28:41.848000,415.40930230835465,105
2024-09-16 14:28:41.908000,415.4126111399359,9
2024-09-16 14:28:41.940000,415.40886642423845,1004
2024-09-16 14:28:41.969000,415.404980167405,11
2024-09-16 14:28:42.105000,415.41126070576416,1003
2024-09-16 14:28:42.326000,415.343336277244,1000
2024-09-16 14:28:42.365000,415.4268830466105,999
2024-09-16 14:28:42.431000,415.3198059061023,102
2024-09-16 14:28:42.656000,415.3187397855755,101
2024-09-16 14:28:42.709000,415.3486789082726,997
2024-09-16 14:28:42.716000,415.4087382981125,997
2024-09-16 14:28:42.728000,415.3154154907596,105
2024-09-16 14:28:42.742000,415.4308957391442,997
2024-09-16 14:28:42.773000,415.3919598732722,103
2024-09-16 14:28:42.832000,415.3458635414511,102
2024-09-16 14:28:42.847000,415.3671047346383,105
2024-09-16 14:28:42.972000,415.4291984731593,101
2024-09-16 14:28:43.009000,415.17219321108087,995
2024-09-16 14:28:43.176000,415.2655507734413,995
2024-09-16 14:28:43.209000,415.1608946839488,97
2024-09-16 14:28:43.260000,415.1622968452763,104
2024-09-16 14:28:43.264000,415.1570688365045,1002
2024-09-16 14:28:43.351000,415.2591284337972,105
2024-09-16 14:28:43.364000,415.273772681927,97
2024-09-16 14:28:43.367000,415.24928042855583,1001
2024-09-16 14:28:43.375000,415.1932680698556,10
2024-09-16 14:28:43.387000,415.1948553226204,103
2024-09-16 14:28:43.415000,415.1739763502668,100
2024-09-16 14:28:43.422000,415.1638474362596,998
2024-09-16 14:28:43.457000,415.2778351564165,11
2024-09-16 14:28:43.494000,415.171912268034,15
2024-09-16 14:28:43.505000,415.23893584579855,98
2024-09-16 14:28:43.507000,415.17018241225054,999
2024-09-16 14:28:43.514000,415.17002067657927,12
2024-09-16 14:28:43.558000,415.1962019917753,97
2024-09-16 14:28:43.560000,415.1901153319882,1004
2024-09-16 14:28:43.828000,415.24075014458623,1005
2024-09-16 14:28:43.902000,415.27475834279176,1002
2024-09-16 14:28:43.919000,415.2677654623637,1003
2024-09-16 14:28:43.983000,415.2715839616366,105
2024-09-16 14:28:43.985000,415.18874766817504,102
2024-09-16 14:28:44.010000,415.1824821006682,1000
2024-09-16 14:28:44.030000,415.1633778438318,15
2024-09-16 14:28:44.162000,415.1864761425229,5
2024-09-16 14:28:44.177000,415.1907308810464,999
2024-09-16 14:28:44.226000,415.1599068804313,998
2024-09-16 14:28:44.261000,415.0924939676595,1000
2024-09-16 14:28:44.287000,415.08283288697226,99
2024-09-16 14:28:44.299000,415.0918715103897,1001
2024-09-16 14:28:44.325000,415.0888865058734,1002
2024-09-16 14:28:44.337000,415.1780118892319,1005
2024-09-16 14:28:44.371000,415.1226030719637,10
2024-09-16 14:28:44.407000,415.09798747634,12
2024-09-16 14:28:44.477000,415.194983140197,6
2024-09-16 14:28:44.529000,415.1363840806203,1000
2024-09-16 14:28:44.542000,415.2026173387559,14
2024-09-16 14:28:44.604000,415.0740166487528,13
2024-09-16 14:28:44.658000,415.0857399303525,999
2024-09-16 14:28:44.711000,415.1796388337491,104
2024-09-16 14:28:44.717000,415.1617706555333,10
2024-09-16 14:28:44.740000,415.12696560885377,1004
2024-09-16 14:28:44.768000,415.0869960349097,999
2024-09-16 14:28:44.834000,415.076732678136,105
2024-09-16 14:28:44.858000,415.0908965023992,101
2024-09-16 14:28:44.894000,415.11029637347406,5
2024-09-16 14:28:44.974000,415.160484010979,8
2024-09-16 14:28:44.989000,415.1559630128995,99
2024-09-16 14:28:45.196000,415.09335771716735,6
2024-09-16 14:28:45.309000,415.0746603851947,12
2024-09-16 14:28:45.322000,415.07118862050606,1004
2024-09-16 14:28:45.324000,415.0725036371106,95
2024-09-16 14:28:45.606000,415.06971013984895,99
2024-09-16 14:28:45.671000,415.0421270850512,1005
2024-09-16 14:28:45.965000,415.04418634571255,12
2024-09-16 14:28:46.111000,415.0657753652199,12
2024-09-16 14:28:46.118000,415.0651051409649,96
2024-09-16 14:28:46.209000,415.0978622938875,999
2024-09-16 14:28:46.211000,415.0665401015624,7
2024-09-16 14:28:46.300000,415.0675133358032,100
2024-09-16 14:28:46.308000,415.07565937762206,13
2024-09-16 14:28:46.335000,415.0506280098578,13
2024-09-16 14:28:46.419000,415.0796391750904,5
2024-09-16 14:28:46.436000,415.06354156202696,6
2024-09-16 14:28:46.478000,415.0534299293895,5
2024-09-16 14:28:46.494000,415.0909140227608,5
2024-09-16 14:28:46.495000,415.09365609672886,1001
2024-09-16 14:28:46.609000,415.0989109137212,101
2024-09-16 14:28:46.618000,415.0648703198288,5
2024-09-16 14:28:46.670000,415.0481540921151,102
2024-09-16 14:28:46.671000,415.07688858335,96
2024-09-16 14:28:46.770000,415.0593306922724,95
2024-09-16 14:28:46.785000,415.0793369064491,102
2024-09-16 14:28:46.786000,415.1003610114663,99
2024-09-16 14:28:46.792000,415.0720686002455,8
2024-09-16 14:28:46.796000,415.0583743787338,11
2024-09-16 14:28:46.923000,415.1159418020745,996
2024-09-16 14:28:46.968000,415.04608107615286,14
2024-09-16 14:28:46.984000,415.0784160240125,1001
2024-09-16 14:28:46.986000,415.0843092572394,101
2024-09-16 14:28:46.996000,415.0684881761573,997
2024-09-16 14:28:47.029000,415.0619976814189,8
2024-09-16 14:28:47.100000,415.1014691013376,97
2024-09-16 14:28:47.166000,415.0641298764295,96
2024-09-16 14:28:47.169000,415.0785428413443,99
2024-09-16 14:28:47.212000,415.07550032924166,101
2024-09-16 14:28:47.226000,415.04686689689385,103
2024-09-16 14:28:47.269000,415.0629265173955,105
2024-09-16 14:28:47.275000,415.08954539377,102
2024-09-16 14:28:47.330000,415.0663974533444,995
2024-09-16 14:28:47.341000,415.07561331777066,100
2024-09-16 14:28:47.385000,415.08642261004906,995
2024-09-16 14:28:47.423000,415.0947935477997,100
2024-09-16 14:28:47.432000,415.0780323706404,5
2024-09-16 14:28:47.463000,415.0893970120245,10
2024-09-16 14:28:47.488000,415.0632822463088,12
2024-09-16 14:28:47.582000,415.06840295279926,6
2024-09-16 14:28:47.593000,415.07018275268894,98
2024-09-16 14:28:47.653000,415.1032315264924,101
2024-09-16 14:28:47.668000,415.08733713514494,102
2024-09-16 14:28:47.684000,415.063731656592,998
2024-09-16 14:28:47.835000,415.0490857659992,12
2024-09-16 14:28:47.841000,415.0744833967907,1002
2024-09-16 14:28:47.848000,415.0465232225128,15
2024-09-16 14:28:47.857000,415.0824387370411,8
2024-09-16 14:28:47.907000,415.10190990210447,1001
2024-09-16 14:28:47.908000,415.0655889404578,999
2024-09-16 14:28:47.987000,415.0670164136134,104
2024-09-16 14:28:48.054000,415.0352726865527,14
2024-09-16 14:28:48.062000,415.0238423692098,1001
2024-09-16 14:28:48.094000,415.0033198127731,96
2024-09-16 14:28:48.121000,415.0300731669925,101
2024-09-16 14:28:48.124000,415.0307316929327,102
2024-09-16 14:28:48.133000,415.0078791909564,1002
2024-09-16 14:28:48.203000,415.0137497197978,13
2024-09-16 14:28:48.323000,415.0143023675965,998
2024-09-16 14:28:48.333000,415.0465044902336,1000
2024-09-16 14:28:48.366000,415.0186014378239,1005
2024-09-16 14:28:48.435000,415.0140099971616,5
2024-09-16 14:28:48.440000,415.0407711359874,101
2024-09-16 14:28:48.567000,415.0246762977181,1001
2024-09-16 14:28:48.628000,415.0520986738887,103
2024-09-16 14:28:48.806000,415.0184198734705,8
2024-09-16 14:28:48.808000,415.0134449217732,1003
2024-09-16 14:28:48.809000,415.048155371074,96
2024-09-16 14:28:48.832000,415.0368564289602,98
2024-09-16 14:28:48.836000,414.9983758963619,1003
2024-09-16 14:28:48.920000,415.0203920883665,97
2024-09-16 14:28:48.929000,415.0012348922436,105
2024-09-16 14:28:48.989000,414.99150069465,9
2024-09-16 14:28:49.011000,415.10583615649375,12
2024-09-16 14:28:49.044000,415.0876642094934,6
2024-09-16 14:28:49.108000,415.09235146371145,7
2024-09-16 14:28:49.148000,415.10104145880496,12
2024-09-16 14:28:49.149000,415.1088553271246,11
2024-09-16 14:28:49.211000,415.0972245907509,1001
2024-09-16 14:28:49.214000,415.0729859130016,103
2024-09-16 14:28:49.350000,415.0819612217102,998
2024-09-16 14:28:49.420000,415.1364676671124,99
2024-09-16 14:28:49.458000,415.12295883705326,10
2024-09-16 14:28:49.483000,415.1367357766397,1001
2024-09-16 14:28:49.494000,415.11220989252354,1002
2024-09-16 14:28:49.497000,415.1170232780115,1002
2024-09-16 14:28:49.499000,415.1335417218924,8
2024-09-16 14:28:49.548000,415.0331895665259,1004
2024-09-16 14:28:49.598000,415.1409057439552,1003
2024-09-16 14:28:49.633000,415.1503308162208,11
2024-09-16 14:28:49.683000,415.12199939553415,999
2024-09-16 14:28:49.722000,415.14093263706553,95
2024-09-16 14:28:49.757000,415.13400637360337,1002
2024-09-16 14:28:49.771000,415.1375495168081,997
2024-09-16 14:28:49.783000,415.0860052950698,13
2024-09-16 14:28:49.798000,415.0678894033801,1005
2024-09-16 14:28:49.844000,415.1090121127799,11
2024-09-16 14:28:49.852000,415.03800878731886,103
2024-09-16 14:28:49.852000,415.06626989447886,14
2024-09-16 14:28:49.897000,415.0923669104691,1000
2024-09-16 14:28:49.948000,415.087016692,10
2024-09-16 14:28:49.991000,415.0948805690891,103
2024-09-16 14:28:49.997000,415.0734344498042,7
2024-09-16 14:28:50.043000,415.17308475291065,101
2024-09-16 14:28:50.045000,415.1469792011445,103
2024-09-16 14:28:50.264000,415.1735473312828,997
2024-09-16 14:28:50.331000,415.1483850043031,105
2024-09-16 14:28:50.379000,415.1584012629958,96
2024-09-16 14:28:50.443000,415.1749682194215,995
2024-09-16 14:28:50.530000,415.18948227543245,997
2024-09-16 14:28:50.590000,415.1686809023849,105
2024-09-16 14:28:50.607000,415.1715719888044,97
2024-09-16 14:28:50.648000,415.1473165719343,11
2024-09-16 14:28:50.675000,415.1621101935747,1004
2024-09-16 14:28:50.711000,415.1693645942914,996
2024-09-16 14:28:50.958000,415.1774869192384,997
2024-09-16 14:28:50.989000,415.18372066030565,996
2024-09-16 14:28:51.030000,415.1813644199311,13
2024-09-16 14:28:51.048000,415.1992283077046,7
2024-09-16 14:28:51.078000,415.1726520323064,997
2024-09-16 14:28:51.088000,415.2065968194475,995
2024-09-16 14:28:51.119000,415.1872541522185,15
2024-09-16 14:28:51.126000,415.144441274878,102
2024-09-16 14:28:51.174000,415.1424679818412,1005
2024-09-16 14:28:51.250000,415.1967143965979,95
2024-09-16 14:28:51.259000,415.20471323130863,97
2024-09-16 14:28:51.264000,415.2071509518676,95
2024-09-16 14:28:51.304000,415.18388835739046,8
2024-09-16 14:28:51.315000,415.206266369844,104
2024-09-16 14:28:51.378000,415.1886576166922,105
2024-09-16 14:28:51.413000,415.1289147645546,99
2024-09-16 14:28:51.454000,415.1423029076951,999
2024-09-16 14:28:51.564000,415.2130232260855,103
2024-09-16 14:28:51.594000,415.1497761218807,101
2024-09-16 14:28:51.594000,415.1997391250109,5
2024-09-16 14:28:51.776000,415.2116933376683,96
2024-09-16 14:28:51.787000,415.16206504952754,5
2024-09-16 14:28:51.800000,415.1849320141626,101
2024-09-16 14:28:51.802000,415.1829997760488,100
2024-09-16 14:28:51.880000,415.203152785423,999
2024-09-16 14:28:51.916000,415.1695900100218,102
2024-09-16 14:28:52,415.144306192941,1004
2024-09-16 14:28:52.162000,415.1854508660259,1005
2024-09-16 14:28:52.192000,415.1688514760364,1005
2024-09-16 14:28:52.271000,415.1540160462375,103
2024-09-16 14:28:52.352000,415.17763386522415,1004
2024-09-16 14:28:52.366000,415.1588263191162,102
2024-09-16 14:28:52.400000,415.1756662430665,1004
2024-09-16 14:28:52.467000,415.1515452359879,7
2024-09-16 14:28:52.507000,415.14466750931496,13
2024-09-16 14:28:52.534000,415.1671125952316,5
2024-09-16 14:28:52.551000,415.1778502884213,1001
2024-09-16 14:28:52.576000,415.1612298985175,996
2024-09-16 14:28:52.576000,415.1444572545999,102
2024-09-16 14:28:52.585000,415.19078125659627,103
2024-09-16 14:28:52.607000,415.156079650462,5
2024-09-16 14:28:52.625000,415.1583738820746,1000
2024-09-16 14:28:52.642000,415.1377233754308,95
2024-09-16 14:28:52.693000,415.19129708406086,1000
2024-09-16 14:28:52.697000,415.1657711684952,1000
2024-09-16 14:28:52.722000,415.162093733924,996
2024-09-16 14:28:52.729000,415.1499614691772,1004
2024-09-16 14:28:52.789000,415.1626853671034,7
2024-09-16 14:28:52.799000,415.18825042044745,101
2024-09-16 14:28:52.849000,415.1889283387853,102
2024-09-16 14:28:52.879000,415.1851085877322,7
2024-09-16 14:28:52.881000,415.17833516109147,99
2024-09-16 14:28:52.974000,415.16520752081976,1005
2024-09-16 14:28:52.985000,415.1560472976645,999
2024-09-16 14:28:53.070000,415.1312562103283,103
2024-09-16 14:28:53.208000,415.21039476709393,1005
2024-09-16 14:28:53.234000,415.2031946594177,5
2024-09-16 14:28:53.236000,415.1433839968937,997
2024-09-16 14:28:53.240000,415.2226831300549,100
2024-09-16 14:28:53.476000,415.1854753003863,999
2024-09-16 14:28:53.482000,415.2120221879805,8
2024-09-16 14:28:53.555000,415.1856945918221,12
2024-09-16 14:28:53.646000,415.2113472236938,13
2024-09-16 14:28:53.676000,415.1970334320688,11
2024-09-16 14:28:53.697000,415.1582892365998,102
2024-09-16 14:28:53.766000,415.2147140227731,101
2024-09-16 14:28:53.834000,415.1676362283083,8
2024-09-16 14:28:53.954000,415.235772364474,95
2024-09-16 14:28:54.103000,415.25159110585446,999
2024-09-16 14:28:54.159000,415.2662902953326,998
2024-09-16 14:28:54.176000,415.24205029973393,998
2024-09-16 14:28:54.218000,415.2862247994927,8
2024-09-16 14:28:54.230000,415.2906483813781,9
2024-09-16 14:28:54.242000,415.1992494537065,12
2024-09-16 14:28:54.263000,415.2731092326135,97
2024-09-16 14:28:54.276000,415.2424246753569,1003
2024-09-16 14:28:54.308000,415.2136600332968,997
2024-09-16 14:28:54.333000,415.19746798782455,1005
2024-09-16 14:28:54.390000,415.1984514974245,1000
2024-09-16 14:28:54.394000,415.2789709886194,997
2024-09-16 14:28:54.434000,415.2939372149875,15
2024-09-16 14:28:54.442000,415.2347158682607,14
2024-09-16 14:28:54.492000,415.24730904342806,998
2024-09-16 14:28:54.496000,415.27149522589417,8
2024-09-16 14:28:54.514000,415.280895826869,102
2024-09-16 14:28:54.683000,415.2124623192454,10
2024-09-16 14:28:54.739000,415.2678940966702,1002
2024-09-16 14:28:54.779000,415.2025554571886,5
2024-09-16 14:28:54.813000,415.28215319621233,14
2024-09-16 14:28:54.825000,415.221707460722,1001
2024-09-16 14:28:54.846000,415.2737521241469,1005
2024-09-16 14:28:54.854000,415.2962400541546,10
2024-09-16 14:28:54.872000,415.261081399004,105
2024-09-16 14:28:54.888000,415.2891246946424,998
2024-09-16 14:28:54.933000,415.2173056674161,99
2024-09-16 14:28:54.949000,415.2700314566648,999
2024-09-16 14:28:54.957000,415.20216089337856,999
2024-09-16 14:28:55.016000,415.294396540921,97
2024-09-16 14:28:55.019000,415.3032865913656,6
2024-09-16 14:28:55.107000,415.2930105807,104
2024-09-16 14:28:55.139000,415.3114197880713,1005
2024-09-16 14:28:55.189000,415.3057127582844,104
2024-09-16 14:28:55.247000,415.2987653743101,1002
2024-09-16 14:28:55.445000,415.3124009760893,12
2024-09-16 14:28:55.470000,415.29553863240096,1003
2024-09-16 14:28:55.483000,415.2983363853119,6
2024-09-16 14:28:55.547000,415.3044537243862,998
2024-09-16 14:28:55.551000,415.30516362145016,9
2024-09-16 14:28:55.571000,415.3105778972442,999
2024-09-16 14:28:55.576000,415.2901703019137,1002
2024-09-16 14:28:55.744000,415.3210997744696,98
2024-09-16 14:28:55.768000,415.3025186975685,7
2024-09-16 14:28:55.859000,415.2906508922563,15
2024-09-16 14:28:55.906000,415.2906985662548,1001
2024-09-16 14:28:55.928000,415.29538403917263,998
2024-09-16 14:28:56.018000,415.3535728639136,1002
2024-09-16 14:28:56.181000,415.2657213921472,14
2024-09-16 14:28:56.222000,415.2731161221526,104
2024-09-16 14:28:56.255000,415.3411949318308,5
2024-09-16 14:28:56.283000,415.3402656968542,8
2024-09-16 14:28:56.283000,415.3338588699588,103
2024-09-16 14:28:56.290000,415.29827926614354,5
2024-09-16 14:28:56.322000,415.2646119606488,13
2024-09-16 14:28:56.327000,415.2914756119655,97
2024-09-16 14:28:56.337000,415.2788092299026,105
2024-09-16 14:28:56.346000,415.336575322612,5
2024-09-16 14:28:56.365000,415.2946337183601,15
2024-09-16 14:28:56.387000,415.30080938517386,12
2024-09-16 14:28:56.390000,415.2678400447755,14
2024-09-16 14:28:56.440000,415.3423023460205,11
2024-09-16 14:28:56.444000,415.27468697412826,104
2024-09-16 14:28:56.601000,415.3371144790931,9
2024-09-16 14:28:56.610000,415.321772077684,6
2024-09-16 14:28:56.649000,415.34044845705705,15
2024-09-16 14:28:56.680000,415.2932538464812,7
2024-09-16 14:28:56.681000,415.26941025050377,104
2024-09-16 14:28:56.733000,415.2921512059625,103
2024-09-16 14:28:56.808000,415.343469803201,104
2024-09-16 14:28:56.816000,415.27915021613535,95
2024-09-16 14:28:56.929000,415.2561992653134,103
2024-09-16 14:28:57.141000,415.2050043695487,95
2024-09-16 14:28:57.151000,415.2236457692798,99
2024-09-16 14:28:57.173000,415.2130431902423,95
2024-09-16 14:28:57.237000,415.26667356936895,101
2024-09-16 14:28:57.386000,415.24701241352665,105
2024-09-16 14:28:57.392000,415.2619663641421,6
2024-09-16 14:28:57.484000,415.2249294208747,13
2024-09-16 14:28:57.509000,415.23498426957406,11
2024-09-16 14:28:57.532000,415.25684869548127,105
2024-09-16 14:28:57.536000,415.2099072669542,104
2024-09-16 14:28:57.589000,415.21594957279206,997
2024-09-16 14:28:57.601000,415.1952134288498,96
2024-09-16 14:28:57.627000,415.2216700670608,1003
2024-09-16 14:28:57.654000,415.2126352427648,5
2024-09-16 14:28:57.694000,415.2397660070727,1005
2024-09-16 14:28:57.714000,415.2240377787705,13
2024-09-16 14:28:57.723000,415.21338312545527,103
2024-09-16 14:28:57.860000,415.2226147233273,999
2024-09-16 14:28:57.959000,415.2219834036612,1001
2024-09-16 14:28:58.063000,415.2169178441866,99
2024-09-16 14:28:58.129000,415.1987280736007,1003
2024-09-16 14:28:58.568000,415.224023096515,13
2024-09-16 14:28:58.627000,415.2091368061107,103
2024-09-16 14:28:58.729000,415.2224632737168,99
2024-09-16 14:28:59.026000,415.1802399761437,15
2024-09-16 14:28:59.132000,415.2083841901053,1003
2024-09-16 14:28:59.174000,415.2149564958219,99
2024-09-16 14:28:59.335000,415.2069216126159,102
2024-09-16 14:28:59.408000,415.2104003821259,1002
2024-09-16 14:28:59.441000,415.2109939311033,102
2024-09-16 14:28:59.478000,415.2173783787954,997
2024-09-16 14:28:59.485000,415.1993684142729,11
2024-09-16 14:28:59.507000,415.2072458725588,104
2024-09-16 14:28:59.536000,415.2236330248553,102
2024-09-16 14:28:59.710000,415.20214334958206,998
2024-09-16 14:28:59.716000,415.21525813700106,1003
2024-09-16 14:28:59.820000,415.2014781334692,998
2024-09-16 14:28:59.824000,415.179812854761,995
2024-09-16 14:28:59.835000,415.2194390573944,95
2024-09-16 14:28:59.836000,415.2102597686178,104
2024-09-16 14:28:59.943000,415.2271605576531,1000
2024-09-16 14:28:59.957000,415.2232116826488,1003
