Timestamp,Price,Size
2024-09-20 14:16:00.028000,430.71559566901135,101
2024-09-20 14:16:00.102000,430.7114443810282,98
2024-09-20 14:16:00.269000,430.7158560416885,6
2024-09-20 14:16:00.432000,430.7077270217837,14
2024-09-20 14:16:00.489000,430.6910813475797,1003
2024-09-20 14:16:00.522000,430.7194650697667,10
2024-09-20 14:16:00.621000,430.7191571309781,105
2024-09-20 14:16:00.689000,430.7201467058059,104
2024-09-20 14:16:00.943000,430.72863365914446,996
2024-09-20 14:16:00.947000,430.682541492712,997
2024-09-20 14:16:00.955000,430.7198298532812,103
2024-09-20 14:16:00.982000,430.7037102756397,9
2024-09-20 14:16:00.999000,430.7115169184258,8
2024-09-20 14:16:01.375000,430.70675152162,997
2024-09-20 14:16:01.436000,430.70417417395134,1001
2024-09-20 14:16:01.572000,430.6986147494272,10
2024-09-20 14:16:02.268000,430.7193934490743,100
2024-09-20 14:16:02.344000,430.702900856957,98
2024-09-20 14:16:02.374000,430.7082153313354,1001
2024-09-20 14:16:03.077000,430.6700103278732,99
2024-09-20 14:16:03.085000,430.66911303645486,998
2024-09-20 14:16:03.091000,430.6669919780375,1001
2024-09-20 14:16:03.193000,430.65747501098014,6
2024-09-20 14:16:03.239000,430.6766885531308,1000
2024-09-20 14:16:03.245000,430.6430914380568,98
2024-09-20 14:16:03.263000,430.6793162642043,6
2024-09-20 14:16:03.281000,430.71125414630137,1005
2024-09-20 14:16:03.325000,430.6612460717076,998
2024-09-20 14:16:03.331000,430.70827657584215,104
2024-09-20 14:16:03.352000,430.6693552264069,95
2024-09-20 14:16:03.376000,430.64252686454967,105
2024-09-20 14:16:03.385000,430.7046948319184,13
2024-09-20 14:16:03.550000,430.7059163937232,998
2024-09-20 14:16:03.574000,430.6905367758102,5
2024-09-20 14:16:03.584000,430.6542685163191,15
2024-09-20 14:16:03.638000,430.6558777585706,996
2024-09-20 14:16:03.701000,430.6661298676253,12
2024-09-20 14:16:03.876000,430.67221526780014,1004
2024-09-20 14:16:03.902000,430.7121202098684,1000
2024-09-20 14:16:03.903000,430.6556855675568,99
2024-09-20 14:16:03.937000,430.6750953378321,103
2024-09-20 14:16:03.971000,430.6893204781535,105
2024-09-20 14:16:04.065000,430.53728490596353,1004
2024-09-20 14:16:04.080000,430.6724672961348,997
2024-09-20 14:16:04.224000,430.6764200331127,105
2024-09-20 14:16:04.242000,430.6788779131366,105
2024-09-20 14:16:04.309000,430.54496727451993,6
2024-09-20 14:16:04.340000,430.5450573853332,103
2024-09-20 14:16:04.389000,430.6553875221228,95
2024-09-20 14:16:04.484000,430.5437499068222,1003
2024-09-20 14:16:04.486000,430.5510690217109,15
2024-09-20 14:16:04.515000,430.5364983661785,10
2024-09-20 14:16:04.521000,430.5841892920514,97
2024-09-20 14:16:04.591000,430.64444195929696,8
2024-09-20 14:16:04.650000,430.6584035158341,1004
2024-09-20 14:16:04.657000,430.5555879038122,1004
2024-09-20 14:16:04.703000,430.6824262083809,1002
2024-09-20 14:16:04.726000,430.6643405323657,101
2024-09-20 14:16:04.815000,430.62846102220726,98
2024-09-20 14:16:04.823000,430.5529217597056,7
2024-09-20 14:16:04.898000,430.66206367700585,15
2024-09-20 14:16:04.935000,430.6766497963088,100
2024-09-20 14:16:05.072000,430.5306124000624,1000
2024-09-20 14:16:05.190000,430.51894443193817,98
2024-09-20 14:16:05.829000,430.5462297132623,7
2024-09-20 14:16:06.177000,430.5196256187802,105
2024-09-20 14:16:06.177000,430.54071176327744,10
2024-09-20 14:16:06.297000,430.5480321933469,1003
2024-09-20 14:16:06.368000,430.5254557612993,14
2024-09-20 14:16:06.411000,430.5823693684328,1001
2024-09-20 14:16:06.594000,430.5354795849632,99
2024-09-20 14:16:06.796000,430.5687058102188,1000
2024-09-20 14:16:06.920000,430.54772458925913,1002
2024-09-20 14:16:06.925000,430.5711111504668,1005
2024-09-20 14:16:08.118000,430.5290634081781,12
2024-09-20 14:16:08.544000,430.5336883043848,15
2024-09-20 14:16:08.601000,430.5391779769072,12
2024-09-20 14:16:08.714000,430.5115428360516,11
2024-09-20 14:16:08.738000,430.530712256369,96
2024-09-20 14:16:09.367000,430.54343181207975,98
2024-09-20 14:16:09.424000,430.5504887903711,12
2024-09-20 14:16:09.577000,430.5533599192087,98
2024-09-20 14:16:09.779000,430.5399207555142,1005
2024-09-20 14:16:10.055000,430.6366024016703,103
2024-09-20 14:16:10.079000,430.5694612147777,11
2024-09-20 14:16:10.177000,430.6690835889527,103
2024-09-20 14:16:10.194000,430.62297612806753,97
2024-09-20 14:16:10.204000,430.6682007007079,6
2024-09-20 14:16:10.207000,430.6643795801047,100
2024-09-20 14:16:10.213000,430.6126308068745,13
2024-09-20 14:16:10.216000,430.6389167508662,1004
2024-09-20 14:16:10.234000,430.6547105393649,97
2024-09-20 14:16:10.265000,430.6237024851561,97
2024-09-20 14:16:10.276000,430.6378403547489,101
2024-09-20 14:16:10.287000,430.63503388537777,1004
2024-09-20 14:16:10.347000,430.62053358261545,12
2024-09-20 14:16:10.387000,430.6349697841813,10
2024-09-20 14:16:10.427000,430.6451535009003,95
2024-09-20 14:16:10.486000,430.5782396216603,97
2024-09-20 14:16:10.560000,430.5991132191484,101
2024-09-20 14:16:10.561000,430.6637212019109,8
2024-09-20 14:16:10.595000,430.6367926554486,998
2024-09-20 14:16:10.738000,430.557167931021,11
2024-09-20 14:16:10.792000,430.61690132601046,14
2024-09-20 14:16:10.802000,430.5706640467087,98
2024-09-20 14:16:10.833000,430.59283334464,1005
2024-09-20 14:16:10.872000,430.61386150232767,14
2024-09-20 14:16:10.916000,430.62210295108366,1001
2024-09-20 14:16:10.984000,430.66707718507007,97
2024-09-20 14:16:11.086000,430.65741268349,10
2024-09-20 14:16:11.296000,430.6301272309484,996
2024-09-20 14:16:11.508000,430.6547123156252,6
2024-09-20 14:16:11.843000,430.647059970384,1002
2024-09-20 14:16:12.064000,430.6432577062027,101
2024-09-20 14:16:12.113000,430.6919375233293,98
2024-09-20 14:16:12.183000,430.69299482947497,1004
2024-09-20 14:16:12.217000,430.66799135255087,14
2024-09-20 14:16:12.232000,430.6652318931756,1000
2024-09-20 14:16:12.242000,430.6490622405264,101
2024-09-20 14:16:12.250000,430.6136665551728,1001
2024-09-20 14:16:12.344000,430.6754991480845,10
2024-09-20 14:16:12.365000,430.66640112363126,104
2024-09-20 14:16:12.419000,430.6640315987999,5
2024-09-20 14:16:12.449000,430.6074463027917,15
2024-09-20 14:16:12.482000,430.6325030880863,15
2024-09-20 14:16:12.503000,430.6647107212844,101
2024-09-20 14:16:12.548000,430.643628050478,6
2024-09-20 14:16:12.690000,430.621377010216,995
2024-09-20 14:16:12.705000,430.6488887882804,103
2024-09-20 14:16:12.713000,430.6681201433873,99
2024-09-20 14:16:12.751000,430.6525166518658,99
2024-09-20 14:16:12.753000,430.6301639134922,15
2024-09-20 14:16:12.761000,430.67805244333135,95
2024-09-20 14:16:12.796000,430.65944665499154,1002
2024-09-20 14:16:12.836000,430.6289786438828,1005
2024-09-20 14:16:12.902000,430.7179114063811,13
2024-09-20 14:16:12.961000,430.6369425711597,105
2024-09-20 14:16:12.994000,430.6644066137865,995
2024-09-20 14:16:13.084000,430.6874858489132,98
2024-09-20 14:16:13.113000,430.691635297167,998
2024-09-20 14:16:13.167000,430.7116121152332,998
2024-09-20 14:16:13.173000,430.6956844249309,1001
2024-09-20 14:16:13.197000,430.7052451190612,1000
2024-09-20 14:16:13.303000,430.7123831380532,12
2024-09-20 14:16:13.337000,430.6657945567813,103
2024-09-20 14:16:13.367000,430.6749593713818,100
2024-09-20 14:16:13.376000,430.70485861284885,996
2024-09-20 14:16:13.378000,430.6854074136946,100
2024-09-20 14:16:13.390000,430.68579577521007,11
2024-09-20 14:16:13.418000,430.6889266578221,104
2024-09-20 14:16:13.431000,430.7003863015621,95
2024-09-20 14:16:13.444000,430.6910445893553,102
2024-09-20 14:16:13.463000,430.6981610843833,11
2024-09-20 14:16:13.584000,430.6758202249332,1002
2024-09-20 14:16:13.597000,430.6963065333201,1002
2024-09-20 14:16:13.620000,430.70520907499593,7
2024-09-20 14:16:13.630000,430.7101189153217,7
2024-09-20 14:16:13.630000,430.6933235975495,999
2024-09-20 14:16:13.641000,430.67315086118526,995
2024-09-20 14:16:13.659000,430.6615762645054,13
2024-09-20 14:16:13.739000,430.6772271410816,14
2024-09-20 14:16:13.743000,430.6805929503236,101
2024-09-20 14:16:13.771000,430.6968476033438,104
2024-09-20 14:16:13.811000,430.6670186649447,8
2024-09-20 14:16:13.816000,430.6805533967941,997
2024-09-20 14:16:13.867000,430.69455492151786,11
2024-09-20 14:16:13.955000,430.6944137192445,1000
2024-09-20 14:16:13.986000,430.6928420177837,995
2024-09-20 14:16:14.139000,430.7287195132952,1002
2024-09-20 14:16:14.213000,430.6822340201736,15
2024-09-20 14:16:14.280000,430.6761006463219,995
2024-09-20 14:16:14.290000,430.72815527878726,7
2024-09-20 14:16:14.414000,430.7161004454455,1001
2024-09-20 14:16:14.483000,430.69667757015327,12
2024-09-20 14:16:14.546000,430.6931606504719,1004
2024-09-20 14:16:14.638000,430.7085556000336,1002
2024-09-20 14:16:14.765000,430.6800176659064,1001
2024-09-20 14:16:14.797000,430.73083020490566,96
2024-09-20 14:16:14.928000,430.6924921797718,999
2024-09-20 14:16:15.058000,430.61887855391706,1002
2024-09-20 14:16:15.132000,430.669717243338,1003
2024-09-20 14:16:15.177000,430.7115278806634,96
2024-09-20 14:16:15.193000,430.6900000066488,5
2024-09-20 14:16:15.286000,430.6349923916256,12
2024-09-20 14:16:15.359000,430.6922473207727,5
2024-09-20 14:16:15.432000,430.64158956304624,1003
2024-09-20 14:16:15.475000,430.6557123109068,15
2024-09-20 14:16:15.644000,430.6945072799169,95
2024-09-20 14:16:15.761000,430.7057985426747,1001
2024-09-20 14:16:15.776000,430.70268647625466,10
2024-09-20 14:16:15.902000,430.6380477868137,1000
2024-09-20 14:16:15.905000,430.67726977811685,1003
2024-09-20 14:16:15.937000,430.6716290864202,1000
2024-09-20 14:16:16.002000,430.5994511244619,99
2024-09-20 14:16:16.412000,430.61697813491054,7
2024-09-20 14:16:16.434000,430.628410195592,99
2024-09-20 14:16:16.824000,430.62152747941786,10
2024-09-20 14:16:16.848000,430.6138705995602,99
2024-09-20 14:16:17.064000,430.5968354832435,5
2024-09-20 14:16:17.093000,430.5872718321052,95
2024-09-20 14:16:17.094000,430.5864491653252,996
2024-09-20 14:16:17.101000,430.5751478881655,7
2024-09-20 14:16:17.652000,430.5852432194485,999
2024-09-20 14:16:17.710000,430.5819406063332,9
2024-09-20 14:16:17.809000,430.5642664255601,11
2024-09-20 14:16:17.837000,430.5845550803298,995
2024-09-20 14:16:17.858000,430.5783754989605,11
2024-09-20 14:16:17.950000,430.5733262146816,100
2024-09-20 14:16:18.103000,430.475781221828,999
2024-09-20 14:16:18.104000,430.5261660611092,14
2024-09-20 14:16:18.122000,430.4906516357357,105
2024-09-20 14:16:18.239000,430.5442757237064,101
2024-09-20 14:16:18.307000,430.5220210968381,1001
2024-09-20 14:16:18.388000,430.4813952153922,15
2024-09-20 14:16:18.532000,430.5010001885742,999
2024-09-20 14:16:18.535000,430.4848512365065,996
2024-09-20 14:16:18.572000,430.5461184443057,5
2024-09-20 14:16:18.658000,430.5188381943525,8
2024-09-20 14:16:18.679000,430.54466892140346,12
2024-09-20 14:16:18.696000,430.53094724960346,15
2024-09-20 14:16:18.723000,430.481457598741,13
2024-09-20 14:16:18.759000,430.5522359671591,1003
2024-09-20 14:16:18.760000,430.49248406488505,101
2024-09-20 14:16:18.798000,430.4907860057804,11
2024-09-20 14:16:18.825000,430.5094511280954,11
2024-09-20 14:16:18.881000,430.5487231949559,998
2024-09-20 14:16:18.905000,430.4797408616509,98
2024-09-20 14:16:18.913000,430.4961219795805,95
2024-09-20 14:16:18.942000,430.4809323871567,995
2024-09-20 14:16:18.998000,430.5538642329109,996
2024-09-20 14:16:19.001000,430.4187801150942,103
2024-09-20 14:16:19.024000,430.4353651296717,5
2024-09-20 14:16:19.157000,430.444735455758,1004
2024-09-20 14:16:19.251000,430.4204828367029,10
2024-09-20 14:16:19.321000,430.4139229995444,1001
2024-09-20 14:16:19.345000,430.4247083749867,12
2024-09-20 14:16:19.361000,430.4217031835526,999
2024-09-20 14:16:19.375000,430.4181743812287,101
2024-09-20 14:16:19.390000,430.4187170163745,999
2024-09-20 14:16:19.409000,430.4208455079605,104
2024-09-20 14:16:19.423000,430.4099418208116,103
2024-09-20 14:16:19.427000,430.4336018338453,1001
2024-09-20 14:16:19.434000,430.4089687600957,995
2024-09-20 14:16:19.605000,430.42864336252575,97
2024-09-20 14:16:19.626000,430.4190789154307,9
2024-09-20 14:16:19.652000,430.4332221683894,7
2024-09-20 14:16:19.653000,430.4130509396792,98
2024-09-20 14:16:19.746000,430.434735423085,1001
2024-09-20 14:16:19.768000,430.4174358989467,1004
2024-09-20 14:16:19.969000,430.44566821937474,8
2024-09-20 14:16:20.011000,430.3526154678344,13
2024-09-20 14:16:20.384000,430.381557468063,9
2024-09-20 14:16:20.510000,430.4115866146546,95
2024-09-20 14:16:20.526000,430.3834161582368,1002
2024-09-20 14:16:20.544000,430.4119125738686,1003
2024-09-20 14:16:20.588000,430.3963044273376,13
2024-09-20 14:16:20.594000,430.3892627632169,97
2024-09-20 14:16:20.611000,430.3970636674739,1001
2024-09-20 14:16:20.674000,430.42440090142793,1002
2024-09-20 14:16:20.804000,430.40692775708766,101
2024-09-20 14:16:20.881000,430.3659293851874,105
2024-09-20 14:16:20.903000,430.4094074239521,99
2024-09-20 14:16:20.937000,430.340660755491,998
2024-09-20 14:16:21.016000,430.3680553738573,6
2024-09-20 14:16:21.016000,430.3699133726561,995
2024-09-20 14:16:21.072000,430.3909164007159,96
2024-09-20 14:16:21.175000,430.3636277145919,997
2024-09-20 14:16:21.176000,430.3894471886047,14
2024-09-20 14:16:21.204000,430.3621119551365,11
2024-09-20 14:16:21.279000,430.37908550616345,104
2024-09-20 14:16:21.284000,430.35191930924304,104
2024-09-20 14:16:21.318000,430.357532529713,12
2024-09-20 14:16:21.330000,430.38370817750433,999
2024-09-20 14:16:21.448000,430.3555772676431,8
2024-09-20 14:16:21.473000,430.397778093188,998
2024-09-20 14:16:21.486000,430.361292954731,100
2024-09-20 14:16:21.547000,430.3795440352476,9
2024-09-20 14:16:21.611000,430.3604316507995,1000
2024-09-20 14:16:21.624000,430.38066655782944,998
2024-09-20 14:16:21.776000,430.3798411760817,105
2024-09-20 14:16:21.793000,430.391203869979,1003
2024-09-20 14:16:21.821000,430.3802325531393,10
2024-09-20 14:16:21.822000,430.3806946961819,997
2024-09-20 14:16:21.928000,430.3698479028657,99
2024-09-20 14:16:22.027000,430.5040233849197,96
2024-09-20 14:16:22.055000,430.4710359668339,1003
2024-09-20 14:16:22.068000,430.50208064732834,105
2024-09-20 14:16:22.096000,430.50905761776687,101
2024-09-20 14:16:22.126000,430.5196350358402,104
2024-09-20 14:16:22.236000,430.4996254183619,99
2024-09-20 14:16:22.263000,430.4914293533234,7
2024-09-20 14:16:22.271000,430.5241255778288,1004
2024-09-20 14:16:22.336000,430.4942535228264,7
2024-09-20 14:16:22.416000,430.5363990431218,96
2024-09-20 14:16:22.463000,430.4956059594857,1005
2024-09-20 14:16:22.506000,430.493320520586,96
2024-09-20 14:16:22.511000,430.4892752623094,997
2024-09-20 14:16:22.737000,430.4369084703764,99
2024-09-20 14:16:22.744000,430.5000009426652,97
2024-09-20 14:16:22.805000,430.5067432996216,7
2024-09-20 14:16:22.841000,430.5059311376321,100
2024-09-20 14:16:22.860000,430.4973279371327,104
2024-09-20 14:16:22.898000,430.5154508082864,101
2024-09-20 14:16:22.906000,430.50137717281376,99
2024-09-20 14:16:22.940000,430.5067943904295,105
2024-09-20 14:16:22.976000,430.4195209147919,100
2024-09-20 14:16:23.072000,430.5486264154106,96
2024-09-20 14:16:23.077000,430.5650010837013,10
2024-09-20 14:16:23.108000,430.5592177262026,1001
2024-09-20 14:16:23.290000,430.5343643164607,14
2024-09-20 14:16:23.439000,430.5633755544357,1004
2024-09-20 14:16:23.488000,430.5503450813609,15
2024-09-20 14:16:23.621000,430.56048505859366,95
2024-09-20 14:16:23.834000,430.5716398340042,99
2024-09-20 14:16:23.978000,430.5685946307806,103
2024-09-20 14:16:24.097000,430.60297219637545,1000
2024-09-20 14:16:24.138000,430.6075795463814,996
2024-09-20 14:16:24.220000,430.6164073809524,100
2024-09-20 14:16:24.366000,430.599407540638,11
2024-09-20 14:16:24.603000,430.5722818404003,1002
2024-09-20 14:16:24.626000,430.5918200003377,999
2024-09-20 14:16:24.675000,430.5950837408941,1001
2024-09-20 14:16:25.029000,430.640027364894,99
2024-09-20 14:16:25.031000,430.6369418805131,14
2024-09-20 14:16:25.074000,430.67195710164896,997
2024-09-20 14:16:25.126000,430.6629386319549,13
2024-09-20 14:16:25.143000,430.63907812885736,998
2024-09-20 14:16:25.154000,430.66069089574745,995
2024-09-20 14:16:25.220000,430.6893365487783,11
2024-09-20 14:16:25.246000,430.6828262516177,101
2024-09-20 14:16:25.352000,430.64195574118327,10
2024-09-20 14:16:25.354000,430.6490409052096,15
2024-09-20 14:16:25.474000,430.6604941188811,1004
2024-09-20 14:16:25.487000,430.6474942581828,9
2024-09-20 14:16:25.492000,430.6123168340817,15
2024-09-20 14:16:25.695000,430.6175179962492,1003
2024-09-20 14:16:25.735000,430.668702882559,104
2024-09-20 14:16:25.870000,430.6635816988995,1005
2024-09-20 14:16:25.895000,430.6318379354672,6
2024-09-20 14:16:25.952000,430.6756446315176,11
2024-09-20 14:16:25.976000,430.63105176937466,104
2024-09-20 14:16:26.091000,430.634402239661,11
2024-09-20 14:16:26.123000,430.6298640550904,8
2024-09-20 14:16:26.602000,430.6464364069421,1005
2024-09-20 14:16:26.627000,430.63650950094126,998
2024-09-20 14:16:26.822000,430.6501374832336,1002
2024-09-20 14:16:26.847000,430.6442954845959,104
2024-09-20 14:16:27.038000,430.5931912819442,10
2024-09-20 14:16:27.044000,430.5561224797376,8
2024-09-20 14:16:27.057000,430.6368841207069,104
2024-09-20 14:16:27.063000,430.5951286736514,8
2024-09-20 14:16:27.240000,430.5727607301583,13
2024-09-20 14:16:27.256000,430.6111452130364,95
2024-09-20 14:16:27.397000,430.5998888414961,11
2024-09-20 14:16:27.451000,430.6269499289945,1002
2024-09-20 14:16:27.455000,430.5541082628134,8
2024-09-20 14:16:27.485000,430.6235391626859,1002
2024-09-20 14:16:27.515000,430.621524688654,6
2024-09-20 14:16:27.565000,430.5257567102439,15
2024-09-20 14:16:27.635000,430.5288912087725,999
2024-09-20 14:16:27.636000,430.6297312319836,1003
2024-09-20 14:16:27.666000,430.5648037355273,6
2024-09-20 14:16:27.771000,430.59092787481546,101
2024-09-20 14:16:27.785000,430.5940687321899,102
2024-09-20 14:16:27.787000,430.62702165290335,7
2024-09-20 14:16:27.798000,430.6191296943516,1003
2024-09-20 14:16:27.911000,430.57670885458,6
2024-09-20 14:16:27.970000,430.605781687654,104
2024-09-20 14:16:28.056000,430.4995764682264,104
2024-09-20 14:16:28.333000,430.5215063583087,1001
2024-09-20 14:16:28.378000,430.4996541003261,12
2024-09-20 14:16:28.623000,430.5220715503577,105
2024-09-20 14:16:29.004000,430.5360580372064,996
2024-09-20 14:16:29.021000,430.5190543365004,15
2024-09-20 14:16:29.098000,430.5742362910247,11
2024-09-20 14:16:29.166000,430.5621429300021,999
2024-09-20 14:16:29.219000,430.49204679683936,102
2024-09-20 14:16:29.232000,430.5175033599048,99
2024-09-20 14:16:29.233000,430.5875956470642,12
2024-09-20 14:16:29.288000,430.5162700223101,96
2024-09-20 14:16:29.336000,430.5597575180024,1003
2024-09-20 14:16:29.409000,430.5994573398522,12
2024-09-20 14:16:29.422000,430.5780031007931,6
2024-09-20 14:16:29.478000,430.5739139118732,103
2024-09-20 14:16:29.488000,430.5261312724192,98
2024-09-20 14:16:29.502000,430.5489159599322,95
2024-09-20 14:16:29.552000,430.5028122815008,6
2024-09-20 14:16:29.590000,430.5575448357065,95
2024-09-20 14:16:29.625000,430.5048347345789,7
2024-09-20 14:16:29.678000,430.515085906481,1003
2024-09-20 14:16:29.699000,430.5770908562238,1000
2024-09-20 14:16:29.710000,430.5744459575116,101
2024-09-20 14:16:29.915000,430.5827155207661,995
2024-09-20 14:16:29.943000,430.59007034083805,998
2024-09-20 14:16:29.943000,430.53997008863087,101
2024-09-20 14:16:29.977000,430.5201093255236,104
2024-09-20 14:16:30.028000,430.6140017279613,998
2024-09-20 14:16:30.058000,430.60727363605537,1000
2024-09-20 14:16:30.135000,430.5681130068261,101
2024-09-20 14:16:30.266000,430.58459657623496,1005
2024-09-20 14:16:30.369000,430.58342195730967,105
2024-09-20 14:16:30.537000,430.597682411944,995
2024-09-20 14:16:30.558000,430.5810032396127,1002
2024-09-20 14:16:30.714000,430.61088480420096,1000
2024-09-20 14:16:30.745000,430.616811342453,99
2024-09-20 14:16:30.949000,430.5693860219726,1002
2024-09-20 14:16:30.955000,430.5791625478349,1002
2024-09-20 14:16:31.265000,430.5732606354061,1004
2024-09-20 14:16:31.367000,430.5578492925069,6
2024-09-20 14:16:31.471000,430.55489497137626,13
2024-09-20 14:16:31.785000,430.59048642823126,10
2024-09-20 14:16:31.856000,430.6183731461347,13
2024-09-20 14:16:32.112000,430.6423717387932,105
2024-09-20 14:16:32.131000,430.6805706385144,1001
2024-09-20 14:16:32.141000,430.63292950745466,12
2024-09-20 14:16:32.166000,430.7044819513137,102
2024-09-20 14:16:32.196000,430.619972756142,95
2024-09-20 14:16:32.232000,430.6709901205824,1004
2024-09-20 14:16:32.269000,430.6846359781106,998
2024-09-20 14:16:32.383000,430.6234006733517,1002
2024-09-20 14:16:32.404000,430.6983803544493,101
2024-09-20 14:16:32.409000,430.6592745967833,999
2024-09-20 14:16:32.439000,430.6167370500716,13
2024-09-20 14:16:32.533000,430.67385464146304,10
2024-09-20 14:16:32.599000,430.6494434758056,11
2024-09-20 14:16:32.605000,430.62119032561407,97
2024-09-20 14:16:32.757000,430.6436153684306,996
2024-09-20 14:16:32.759000,430.6304748646095,8
2024-09-20 14:16:32.800000,430.6616123432945,1000
2024-09-20 14:16:32.880000,430.6986047961377,1003
2024-09-20 14:16:32.987000,430.65172446257486,15
2024-09-20 14:16:33.051000,430.6733031408343,12
2024-09-20 14:16:33.101000,430.6577960957173,104
2024-09-20 14:16:33.107000,430.5962151970067,7
2024-09-20 14:16:33.186000,430.6721807903019,103
2024-09-20 14:16:33.205000,430.6697803436527,95
2024-09-20 14:16:33.223000,430.6311260869752,1001
2024-09-20 14:16:33.224000,430.6755794005944,1001
2024-09-20 14:16:33.337000,430.6737514825077,997
2024-09-20 14:16:33.361000,430.638250056945,13
2024-09-20 14:16:33.449000,430.6680916210396,1005
2024-09-20 14:16:33.484000,430.5946550958291,10
2024-09-20 14:16:33.588000,430.61033545124656,8
2024-09-20 14:16:33.639000,430.6104066596192,8
2024-09-20 14:16:33.671000,430.5926130113866,997
2024-09-20 14:16:33.702000,430.5947651359299,1001
2024-09-20 14:16:33.716000,430.6092675003554,104
2024-09-20 14:16:33.742000,430.70150901631655,1002
2024-09-20 14:16:33.763000,430.6484886553852,998
2024-09-20 14:16:33.801000,430.660917081252,100
2024-09-20 14:16:33.808000,430.668857175613,98
2024-09-20 14:16:33.819000,430.5908883386836,101
2024-09-20 14:16:33.824000,430.67706933697934,13
2024-09-20 14:16:33.824000,430.66616048137655,12
2024-09-20 14:16:33.855000,430.610415781672,1003
2024-09-20 14:16:33.869000,430.6417655454267,998
2024-09-20 14:16:33.873000,430.692102242298,15
2024-09-20 14:16:33.918000,430.63431313006726,11
2024-09-20 14:16:33.942000,430.66182832567824,1000
2024-09-20 14:16:33.994000,430.6054528290649,99
2024-09-20 14:16:34.001000,430.6684809060355,15
2024-09-20 14:16:34.107000,430.67767404495777,10
2024-09-20 14:16:34.110000,430.6999360797994,1002
2024-09-20 14:16:34.179000,430.65880453328367,1000
2024-09-20 14:16:34.197000,430.6692208852437,11
2024-09-20 14:16:34.241000,430.6683952040638,95
2024-09-20 14:16:34.292000,430.6932722419741,95
2024-09-20 14:16:34.356000,430.7019697221298,1001
2024-09-20 14:16:34.370000,430.6223844664856,1005
2024-09-20 14:16:34.408000,430.6494117680438,98
2024-09-20 14:16:34.444000,430.68071223103607,1005
2024-09-20 14:16:34.473000,430.6480199109636,1002
2024-09-20 14:16:34.525000,430.6929957781389,11
2024-09-20 14:16:34.696000,430.61849915000016,10
2024-09-20 14:16:34.732000,430.6645647101546,10
2024-09-20 14:16:34.788000,430.6878548604208,104
2024-09-20 14:16:34.808000,430.6101027942192,101
2024-09-20 14:16:34.857000,430.6738223063059,1004
2024-09-20 14:16:34.860000,430.6377299184272,12
2024-09-20 14:16:34.930000,430.6370124997732,102
2024-09-20 14:16:34.978000,430.666933206959,10
2024-09-20 14:16:35.632000,430.6207564350925,8
2024-09-20 14:16:36.013000,430.6393778449467,101
2024-09-20 14:16:36.022000,430.6735928652973,997
2024-09-20 14:16:36.267000,430.65703901934575,100
2024-09-20 14:16:36.404000,430.63317764505433,95
2024-09-20 14:16:36.436000,430.6426964963385,999
2024-09-20 14:16:36.497000,430.6387602864806,1000
2024-09-20 14:16:36.624000,430.6238746677442,996
2024-09-20 14:16:36.638000,430.6194772631506,105
2024-09-20 14:16:36.692000,430.61087273373,99
2024-09-20 14:16:36.935000,430.6448596296811,1004
2024-09-20 14:16:37.053000,430.68386757256974,11
2024-09-20 14:16:37.075000,430.6758859402549,102
2024-09-20 14:16:37.146000,430.6794210282554,102
2024-09-20 14:16:37.270000,430.6913816992673,15
2024-09-20 14:16:37.639000,430.67195222655823,997
2024-09-20 14:16:37.903000,430.68541517811633,101
2024-09-20 14:16:37.986000,430.6836370062103,104
2024-09-20 14:16:38.072000,430.70737435306864,97
2024-09-20 14:16:38.076000,430.6210809440945,103
2024-09-20 14:16:38.076000,430.69900640885226,12
2024-09-20 14:16:38.150000,430.64505034925696,1002
2024-09-20 14:16:38.172000,430.6512726836529,13
2024-09-20 14:16:38.184000,430.7031880321656,105
2024-09-20 14:16:38.233000,430.6716957919825,100
2024-09-20 14:16:38.275000,430.6397913876332,8
2024-09-20 14:16:38.316000,430.6365666723575,1002
2024-09-20 14:16:38.339000,430.690435960516,103
2024-09-20 14:16:38.348000,430.6675287858663,12
2024-09-20 14:16:38.351000,430.6904916205137,95
2024-09-20 14:16:38.372000,430.6170921726415,95
2024-09-20 14:16:38.439000,430.6833452855236,104
2024-09-20 14:16:38.471000,430.69950800562754,15
2024-09-20 14:16:38.483000,430.61135901742045,999
2024-09-20 14:16:38.511000,430.7072165738862,995
2024-09-20 14:16:38.557000,430.6553663232587,10
2024-09-20 14:16:38.611000,430.6831220975296,9
2024-09-20 14:16:38.658000,430.6607216950935,99
2024-09-20 14:16:38.703000,430.63020272990127,98
2024-09-20 14:16:38.801000,430.7104258853095,99
2024-09-20 14:16:38.831000,430.6767250151281,104
2024-09-20 14:16:38.860000,430.611667846529,6
2024-09-20 14:16:38.888000,430.6716824331252,102
2024-09-20 14:16:38.888000,430.6696517297618,996
2024-09-20 14:16:38.891000,430.6103285790616,100
2024-09-20 14:16:38.929000,430.61847483873424,995
2024-09-20 14:16:38.994000,430.6783811022521,98
2024-09-20 14:16:39.063000,430.607701735753,7
2024-09-20 14:16:39.124000,430.57375607807546,100
2024-09-20 14:16:39.146000,430.6121255307555,10
2024-09-20 14:16:39.155000,430.6054609312773,999
2024-09-20 14:16:39.169000,430.5829753095794,102
2024-09-20 14:16:39.199000,430.589348813454,96
2024-09-20 14:16:39.226000,430.583589728418,8
2024-09-20 14:16:39.230000,430.6042718750494,1003
2024-09-20 14:16:39.257000,430.6081273051645,1000
2024-09-20 14:16:39.267000,430.5955258941638,95
2024-09-20 14:16:39.383000,430.5911067145931,998
2024-09-20 14:16:39.407000,430.5996518509498,102
2024-09-20 14:16:39.581000,430.6061377096777,7
2024-09-20 14:16:39.599000,430.6070123908403,14
2024-09-20 14:16:39.600000,430.6119621086928,9
2024-09-20 14:16:39.664000,430.5991101426912,10
2024-09-20 14:16:39.684000,430.5968687711868,10
2024-09-20 14:16:39.716000,430.6106370426511,99
2024-09-20 14:16:39.719000,430.59279397896944,1002
2024-09-20 14:16:39.746000,430.6047410904451,1003
2024-09-20 14:16:39.852000,430.6047148806262,1001
2024-09-20 14:16:39.861000,430.590648907119,96
2024-09-20 14:16:39.934000,430.559283441131,104
2024-09-20 14:16:39.961000,430.617394026443,96
2024-09-20 14:16:40.029000,430.5718691607788,996
2024-09-20 14:16:40.042000,430.5835218522417,1003
2024-09-20 14:16:40.151000,430.55627491598057,1005
2024-09-20 14:16:40.209000,430.6042593588108,12
2024-09-20 14:16:40.237000,430.6124830578849,13
2024-09-20 14:16:40.268000,430.584066128626,997
2024-09-20 14:16:40.280000,430.6339215580487,105
2024-09-20 14:16:40.363000,430.5682917800642,97
2024-09-20 14:16:40.394000,430.59163349408135,104
2024-09-20 14:16:40.475000,430.58469989663945,5
2024-09-20 14:16:40.516000,430.56530606319234,6
2024-09-20 14:16:40.561000,430.5797838585504,103
2024-09-20 14:16:40.595000,430.6157692955911,5
2024-09-20 14:16:40.608000,430.5509915306211,99
2024-09-20 14:16:40.675000,430.5868642014041,14
2024-09-20 14:16:40.768000,430.58722519547376,7
2024-09-20 14:16:40.800000,430.59861021969806,99
2024-09-20 14:16:40.875000,430.5937631571358,996
2024-09-20 14:16:40.934000,430.6305834761658,1002
2024-09-20 14:16:40.958000,430.5774487886369,100
2024-09-20 14:16:41.571000,430.5373447722162,1004
2024-09-20 14:16:41.631000,430.5259680380042,11
2024-09-20 14:16:41.890000,430.5642422997336,1000
2024-09-20 14:16:42.460000,430.5403052220987,98
2024-09-20 14:16:42.484000,430.5303888007698,10
2024-09-20 14:16:42.628000,430.5269568620042,14
2024-09-20 14:16:42.631000,430.5493254832322,999
2024-09-20 14:16:42.675000,430.5316769889285,13
2024-09-20 14:16:42.676000,430.5441969567832,12
2024-09-20 14:16:43.028000,430.52973391538217,14
2024-09-20 14:16:43.101000,430.5250442708048,1005
2024-09-20 14:16:43.117000,430.53671894325873,95
2024-09-20 14:16:43.172000,430.5302292663172,15
2024-09-20 14:16:43.203000,430.51550924814126,102
2024-09-20 14:16:43.237000,430.52499249136224,10
2024-09-20 14:16:43.273000,430.5223518050745,9
2024-09-20 14:16:43.345000,430.5271355333736,96
2024-09-20 14:16:43.595000,430.52724349769215,95
2024-09-20 14:16:43.621000,430.5395903442753,100
2024-09-20 14:16:43.730000,430.5341949384763,997
2024-09-20 14:16:43.772000,430.5219031426864,97
2024-09-20 14:16:43.789000,430.5281600068354,10
2024-09-20 14:16:43.792000,430.54486137883913,995
2024-09-20 14:16:44.018000,430.49878333317184,995
2024-09-20 14:16:44.101000,430.52572450902176,997
2024-09-20 14:16:44.114000,430.5072481284667,97
2024-09-20 14:16:44.137000,430.50226051979934,997
2024-09-20 14:16:44.192000,430.5532293714834,104
2024-09-20 14:16:44.293000,430.5194753966551,5
2024-09-20 14:16:44.304000,430.5579964464838,10
2024-09-20 14:16:44.390000,430.48291237245206,9
2024-09-20 14:16:44.414000,430.55048206197984,9
2024-09-20 14:16:44.449000,430.55106190601606,95
2024-09-20 14:16:44.466000,430.4867101430322,1001
2024-09-20 14:16:44.470000,430.5113478551913,6
2024-09-20 14:16:44.481000,430.5214262919223,5
2024-09-20 14:16:44.540000,430.5556303950912,996
2024-09-20 14:16:44.700000,430.4855120402222,995
2024-09-20 14:16:44.733000,430.50830607052336,96
2024-09-20 14:16:44.769000,430.5099585768394,96
2024-09-20 14:16:44.843000,430.5562399879807,996
2024-09-20 14:16:44.935000,430.5195899054621,7
2024-09-20 14:16:44.944000,430.5519571889536,96
2024-09-20 14:16:44.990000,430.51609463905714,1000
2024-09-20 14:16:44.997000,430.4917208732667,9
2024-09-20 14:16:45.042000,430.5888705847098,1005
2024-09-20 14:16:45.075000,430.54666929702296,13
2024-09-20 14:16:45.076000,430.5410470097954,997
2024-09-20 14:16:45.088000,430.54054336330256,99
2024-09-20 14:16:45.208000,430.52227743244384,102
2024-09-20 14:16:45.273000,430.5187786385462,96
2024-09-20 14:16:45.279000,430.5762591555288,10
2024-09-20 14:16:45.382000,430.50982905588336,8
2024-09-20 14:16:45.392000,430.543352809491,15
2024-09-20 14:16:45.398000,430.52225924481456,5
2024-09-20 14:16:45.411000,430.5448745826429,1002
2024-09-20 14:16:45.633000,430.5234756901076,96
2024-09-20 14:16:45.640000,430.5619416988556,14
2024-09-20 14:16:45.672000,430.5268432735476,1004
2024-09-20 14:16:45.687000,430.5446649085066,10
2024-09-20 14:16:45.759000,430.5195226669621,998
2024-09-20 14:16:45.785000,430.5331872913607,13
2024-09-20 14:16:46.185000,430.614672409602,1000
2024-09-20 14:16:46.207000,430.62799637723305,103
2024-09-20 14:16:46.304000,430.6131819480034,104
2024-09-20 14:16:46.372000,430.6183619927094,1000
2024-09-20 14:16:46.644000,430.6131112332304,97
2024-09-20 14:16:46.695000,430.6320191358325,12
2024-09-20 14:16:46.886000,430.5831569219483,103
2024-09-20 14:16:46.898000,430.6087600253516,5
2024-09-20 14:16:46.929000,430.6223917516746,103
2024-09-20 14:16:47.273000,430.5777343659146,10
2024-09-20 14:16:48.128000,430.550624580264,102
2024-09-20 14:16:48.159000,430.5459761568216,995
2024-09-20 14:16:48.264000,430.5354758774287,1005
2024-09-20 14:16:48.465000,430.5452140519501,15
2024-09-20 14:16:48.663000,430.5396891023653,8
2024-09-20 14:16:48.747000,430.54700083364287,105
2024-09-20 14:16:48.784000,430.5377515288821,99
2024-09-20 14:16:48.817000,430.5597986558112,96
2024-09-20 14:16:48.891000,430.5360025492863,11
2024-09-20 14:16:49.009000,430.5371242522658,8
2024-09-20 14:16:49.220000,430.5896722805128,95
2024-09-20 14:16:49.270000,430.55391920155967,1005
2024-09-20 14:16:49.277000,430.5597294405824,995
2024-09-20 14:16:49.339000,430.5545664503268,1003
2024-09-20 14:16:49.395000,430.5922145328788,9
2024-09-20 14:16:49.399000,430.6169856535998,97
2024-09-20 14:16:49.412000,430.55062789758097,999
2024-09-20 14:16:49.445000,430.61231913212873,1001
2024-09-20 14:16:49.726000,430.56236882985087,998
2024-09-20 14:16:49.732000,430.5536197891117,95
2024-09-20 14:16:49.752000,430.5433632518397,997
2024-09-20 14:16:49.791000,430.5601897342997,15
2024-09-20 14:16:49.814000,430.61394873250407,105
2024-09-20 14:16:49.820000,430.59871306957433,1003
2024-09-20 14:16:49.913000,430.6186764229098,95
2024-09-20 14:16:49.951000,430.5559191800997,1004
2024-09-20 14:16:50.173000,430.601418146503,995
2024-09-20 14:16:50.684000,430.5803496985532,6
2024-09-20 14:16:51.226000,430.6016758756994,11
2024-09-20 14:16:51.291000,430.6010238647108,995
2024-09-20 14:16:51.313000,430.610054005475,103
2024-09-20 14:16:51.324000,430.5912768041715,14
2024-09-20 14:16:51.407000,430.60377969437775,15
2024-09-20 14:16:51.549000,430.5725863194716,9
2024-09-20 14:16:51.613000,430.601291482133,95
2024-09-20 14:16:51.635000,430.5791097480445,101
2024-09-20 14:16:51.647000,430.606488029804,13
2024-09-20 14:16:51.728000,430.5851532465509,104
2024-09-20 14:16:51.794000,430.5773407776212,997
2024-09-20 14:16:51.815000,430.5945934709696,1002
2024-09-20 14:16:51.899000,430.6052406329379,100
2024-09-20 14:16:51.985000,430.58418744656177,98
2024-09-20 14:16:52.216000,430.5861507481685,5
2024-09-20 14:16:52.376000,430.5835601237477,11
2024-09-20 14:16:52.667000,430.5974547536428,97
2024-09-20 14:16:52.674000,430.5935365479937,6
2024-09-20 14:16:53.028000,430.5747392606853,1003
2024-09-20 14:16:53.052000,430.5615468695953,1001
2024-09-20 14:16:53.054000,430.5721030075434,9
2024-09-20 14:16:53.059000,430.5592173668071,6
2024-09-20 14:16:53.079000,430.5920362607056,996
2024-09-20 14:16:53.103000,430.6715122116217,12
2024-09-20 14:16:53.151000,430.6312939145036,1005
2024-09-20 14:16:53.441000,430.5710094184022,98
2024-09-20 14:16:53.493000,430.6106614801644,998
2024-09-20 14:16:53.532000,430.6454610756536,1003
2024-09-20 14:16:53.545000,430.6088068679555,103
2024-09-20 14:16:53.579000,430.5877354142356,996
2024-09-20 14:16:53.585000,430.5930430263182,9
2024-09-20 14:16:53.874000,430.6126954914576,1004
2024-09-20 14:16:53.890000,430.5808634934559,12
2024-09-20 14:16:53.917000,430.654469026028,5
2024-09-20 14:16:53.922000,430.57119901033167,14
2024-09-20 14:16:53.925000,430.6153558489471,997
2024-09-20 14:16:53.988000,430.6082990119282,7
2024-09-20 14:16:55.184000,430.6606894764749,96
2024-09-20 14:16:55.433000,430.6466676173176,13
2024-09-20 14:16:55.627000,430.6507640487483,995
2024-09-20 14:16:55.955000,430.6606561122328,101
2024-09-20 14:16:55.965000,430.6647269730133,1002
2024-09-20 14:16:56.550000,430.6162731515021,98
2024-09-20 14:16:56.583000,430.627200904621,998
2024-09-20 14:16:56.658000,430.6364343749502,105
2024-09-20 14:16:56.760000,430.6403582078721,10
2024-09-20 14:16:56.924000,430.62108395770537,104
2024-09-20 14:16:56.971000,430.6248164231413,96
2024-09-20 14:16:57.611000,430.6375926455304,7
2024-09-20 14:16:58.225000,430.6328924452085,998
2024-09-20 14:16:58.240000,430.6711664773563,5
2024-09-20 14:16:58.290000,430.6776539598626,7
2024-09-20 14:16:58.443000,430.683974685142,996
2024-09-20 14:16:58.464000,430.6936515184078,997
2024-09-20 14:16:58.501000,430.672196745712,105
2024-09-20 14:16:58.506000,430.6518924450502,98
2024-09-20 14:16:58.631000,430.6907186813412,96
2024-09-20 14:16:58.658000,430.64363785888287,95
2024-09-20 14:16:58.697000,430.6472846425848,13
2024-09-20 14:16:58.756000,430.65254009991423,1000
2024-09-20 14:16:58.829000,430.6441643826747,11
2024-09-20 14:16:58.836000,430.6768508384784,1001
2024-09-20 14:16:58.934000,430.6508897362892,13
2024-09-20 14:16:58.975000,430.6853218995705,997
2024-09-20 14:16:59.081000,430.7059928612082,95
2024-09-20 14:16:59.120000,430.6935635587205,105
2024-09-20 14:16:59.178000,430.6458880962772,1003
2024-09-20 14:16:59.293000,430.7442705876821,105
2024-09-20 14:16:59.302000,430.6341204119831,1001
2024-09-20 14:16:59.370000,430.65257996979153,15
2024-09-20 14:16:59.409000,430.7257746693573,996
2024-09-20 14:16:59.410000,430.6482187795124,95
2024-09-20 14:16:59.439000,430.6941891298204,1002
2024-09-20 14:16:59.446000,430.7328963823532,100
2024-09-20 14:16:59.485000,430.66485159580446,1005
2024-09-20 14:16:59.489000,430.69025048675314,9
2024-09-20 14:16:59.524000,430.6587162667037,1000
2024-09-20 14:16:59.531000,430.6520953949429,14
2024-09-20 14:16:59.567000,430.72148390137136,97
2024-09-20 14:16:59.629000,430.6755240189103,103
2024-09-20 14:16:59.676000,430.65041541461807,997
2024-09-20 14:16:59.766000,430.7379289240017,11
2024-09-20 14:16:59.779000,430.6415112216877,100
2024-09-20 14:16:59.799000,430.7510733761328,9
2024-09-20 14:16:59.867000,430.7300485810616,997
2024-09-20 14:16:59.882000,430.6609735663856,96
