Timestamp,Price,Size
2024-09-16 10:59:00.060000,417.8816644304405,102
2024-09-16 10:59:00.212000,417.8821358638036,996
2024-09-16 10:59:00.250000,417.8919634397804,996
2024-09-16 10:59:00.287000,417.8865826931304,15
2024-09-16 10:59:00.360000,417.8766260357389,14
2024-09-16 10:59:00.361000,417.9069209620827,997
2024-09-16 10:59:00.450000,417.8734065283933,1002
2024-09-16 10:59:00.457000,417.9020240435725,997
2024-09-16 10:59:00.573000,417.88387278102846,999
2024-09-16 10:59:00.622000,417.8635037605717,12
2024-09-16 10:59:00.645000,417.88069101966187,998
2024-09-16 10:59:00.786000,417.8887267324656,95
2024-09-16 10:59:00.842000,417.8561123530942,104
2024-09-16 10:59:00.938000,417.86223678420095,997
2024-09-16 10:59:01.067000,417.865662971564,7
2024-09-16 10:59:01.108000,417.8579334607035,996
2024-09-16 10:59:01.130000,417.8788622334489,1004
2024-09-16 10:59:01.144000,417.84140348703374,13
2024-09-16 10:59:01.162000,417.8737593069472,12
2024-09-16 10:59:01.197000,417.8530836160936,6
2024-09-16 10:59:01.301000,417.8826373116569,14
2024-09-16 10:59:01.331000,417.855943769467,98
2024-09-16 10:59:01.412000,417.8732511098996,99
2024-09-16 10:59:01.469000,417.9004919260593,1003
2024-09-16 10:59:01.490000,417.8589558368592,102
2024-09-16 10:59:01.504000,417.8494176625214,97
2024-09-16 10:59:01.524000,417.8739145689507,13
2024-09-16 10:59:01.542000,417.8658726124834,11
2024-09-16 10:59:01.569000,417.8703870321394,13
2024-09-16 10:59:01.602000,417.874549992054,9
2024-09-16 10:59:01.625000,417.86877156964897,1004
2024-09-16 10:59:01.678000,417.8609915265003,95
2024-09-16 10:59:01.746000,417.8861592590832,1001
2024-09-16 10:59:01.749000,417.86030310490753,995
2024-09-16 10:59:01.825000,417.89049022690506,10
2024-09-16 10:59:01.854000,417.8980722203671,104
2024-09-16 10:59:01.868000,417.84866522396135,999
2024-09-16 10:59:01.874000,417.8889335111757,11
2024-09-16 10:59:01.884000,417.8965708342655,997
2024-09-16 10:59:01.890000,417.8425828566032,1001
2024-09-16 10:59:01.899000,417.8394368398983,1003
2024-09-16 10:59:01.902000,417.88137618451225,14
2024-09-16 10:59:01.946000,417.8706262089861,103
2024-09-16 10:59:01.959000,417.8477047542618,97
2024-09-16 10:59:02.162000,417.85771286190567,97
2024-09-16 10:59:02.214000,417.8629826754162,1001
2024-09-16 10:59:02.266000,417.8489248825896,100
2024-09-16 10:59:02.352000,417.8486602568317,6
2024-09-16 10:59:02.593000,417.8453106200257,1001
2024-09-16 10:59:02.667000,417.8475061938333,7
2024-09-16 10:59:02.826000,417.8568347653279,1004
2024-09-16 10:59:02.901000,417.8662842237586,5
2024-09-16 10:59:03.015000,417.87189650513454,98
2024-09-16 10:59:03.086000,417.8437401159943,1000
2024-09-16 10:59:03.113000,417.8098441535753,13
2024-09-16 10:59:03.142000,417.8159791356717,102
2024-09-16 10:59:03.391000,417.7768651534141,100
2024-09-16 10:59:03.409000,417.8071929879565,105
2024-09-16 10:59:03.471000,417.8203522056555,97
2024-09-16 10:59:03.520000,417.8031105504564,1000
2024-09-16 10:59:03.672000,417.80837974772703,996
2024-09-16 10:59:03.813000,417.7833991928044,14
2024-09-16 10:59:03.865000,417.8629916175626,10
2024-09-16 10:59:03.901000,417.8231622654553,10
2024-09-16 10:59:03.930000,417.8418482888681,1004
2024-09-16 10:59:04.077000,417.7852800121868,105
2024-09-16 10:59:04.087000,417.7957263501348,8
2024-09-16 10:59:04.179000,417.8419745756041,102
2024-09-16 10:59:04.195000,417.7892357841421,101
2024-09-16 10:59:04.222000,417.800498065184,998
2024-09-16 10:59:04.294000,417.7887992631632,1004
2024-09-16 10:59:04.321000,417.7760493279056,7
2024-09-16 10:59:04.490000,417.775767421054,6
2024-09-16 10:59:04.630000,417.8334577182366,9
2024-09-16 10:59:04.650000,417.7899488334229,6
2024-09-16 10:59:04.784000,417.79706298157305,13
2024-09-16 10:59:04.835000,417.7860278194235,98
2024-09-16 10:59:04.850000,417.7777417189816,103
2024-09-16 10:59:04.854000,417.7825557408229,97
2024-09-16 10:59:04.875000,417.8195602743968,105
2024-09-16 10:59:04.921000,417.80620800471326,999
2024-09-16 10:59:05.049000,417.7627063374781,101
2024-09-16 10:59:05.049000,417.798749800881,100
2024-09-16 10:59:05.142000,417.70049915711184,11
2024-09-16 10:59:05.210000,417.8304481316735,12
2024-09-16 10:59:05.223000,417.8374004779042,96
2024-09-16 10:59:05.307000,417.7829808534447,97
2024-09-16 10:59:05.377000,417.8284166085348,8
2024-09-16 10:59:05.394000,417.8215857935693,996
2024-09-16 10:59:05.435000,417.7313721517859,1001
2024-09-16 10:59:05.438000,417.7385538457784,995
2024-09-16 10:59:05.483000,417.67780148850807,995
2024-09-16 10:59:05.496000,417.8295096011269,1003
2024-09-16 10:59:05.564000,417.7223594088389,5
2024-09-16 10:59:05.637000,417.8069189806652,15
2024-09-16 10:59:05.696000,417.7378572438138,8
2024-09-16 10:59:05.701000,417.7398914992573,14
2024-09-16 10:59:05.714000,417.6492026263405,99
2024-09-16 10:59:05.733000,417.69765748103714,100
2024-09-16 10:59:05.767000,417.8127278098893,101
2024-09-16 10:59:05.770000,417.7316278512672,8
2024-09-16 10:59:05.800000,417.71292388402,999
2024-09-16 10:59:05.963000,417.6757507145506,101
2024-09-16 10:59:06.038000,417.656903124748,97
2024-09-16 10:59:06.490000,417.6551123481511,14
2024-09-16 10:59:06.589000,417.7191793668185,15
2024-09-16 10:59:06.617000,417.6769956127204,1004
2024-09-16 10:59:06.635000,417.6790860245373,101
2024-09-16 10:59:06.667000,417.6492211962319,1001
2024-09-16 10:59:06.669000,417.7029508076212,100
2024-09-16 10:59:06.693000,417.6971569782168,96
2024-09-16 10:59:06.705000,417.6966849794955,1001
2024-09-16 10:59:06.752000,417.67244925756233,9
2024-09-16 10:59:06.758000,417.7195936171252,999
2024-09-16 10:59:06.765000,417.7001025131376,999
2024-09-16 10:59:06.831000,417.7074212674872,15
2024-09-16 10:59:06.879000,417.7182356550773,15
2024-09-16 10:59:06.943000,417.7036429998323,99
2024-09-16 10:59:07.103000,417.72086440234375,15
2024-09-16 10:59:07.310000,417.69073181935846,95
2024-09-16 10:59:07.412000,417.7111350724476,99
2024-09-16 10:59:07.440000,417.7020842221753,102
2024-09-16 10:59:07.443000,417.7218886189006,996
2024-09-16 10:59:07.478000,417.7147491210547,14
2024-09-16 10:59:07.547000,417.7207002903784,100
2024-09-16 10:59:07.553000,417.7207613837411,103
2024-09-16 10:59:07.579000,417.72789167819406,98
2024-09-16 10:59:07.608000,417.72179475593873,6
2024-09-16 10:59:07.621000,417.766422453849,8
2024-09-16 10:59:07.783000,417.75752292288576,97
2024-09-16 10:59:07.816000,417.75278425868174,103
2024-09-16 10:59:07.885000,417.74204022757766,996
2024-09-16 10:59:07.969000,417.721333763111,999
2024-09-16 10:59:07.972000,417.7625754049971,1005
2024-09-16 10:59:07.978000,417.6997633321218,995
2024-09-16 10:59:08.357000,417.7689069132173,997
2024-09-16 10:59:08.368000,417.7745194390228,14
2024-09-16 10:59:08.478000,417.7625288431757,95
2024-09-16 10:59:08.672000,417.7863545812508,996
2024-09-16 10:59:09.067000,417.7723989549909,8
2024-09-16 10:59:09.110000,417.7743314017223,5
2024-09-16 10:59:09.125000,417.7755698231933,1000
2024-09-16 10:59:09.157000,417.7582225938356,1005
2024-09-16 10:59:09.266000,417.76073863758586,5
2024-09-16 10:59:09.275000,417.76786361027456,15
2024-09-16 10:59:09.434000,417.7721643062193,995
2024-09-16 10:59:09.463000,417.771325080922,11
2024-09-16 10:59:09.545000,417.7709046823097,102
2024-09-16 10:59:09.549000,417.7609141644707,1003
2024-09-16 10:59:09.729000,417.79023726820776,1003
2024-09-16 10:59:09.810000,417.7495349045532,1000
2024-09-16 10:59:09.817000,417.7424103848693,102
2024-09-16 10:59:09.829000,417.775466883359,999
2024-09-16 10:59:09.870000,417.7483144191509,98
2024-09-16 10:59:09.889000,417.7642102746879,100
2024-09-16 10:59:09.954000,417.7580669226506,14
2024-09-16 10:59:09.967000,417.7719849540173,998
2024-09-16 10:59:09.996000,417.7582304278274,14
2024-09-16 10:59:10.014000,417.7482112636452,6
2024-09-16 10:59:10.024000,417.70686684940046,997
2024-09-16 10:59:10.297000,417.7209860444463,14
2024-09-16 10:59:10.308000,417.7189681574035,999
2024-09-16 10:59:10.336000,417.68565459379,96
2024-09-16 10:59:10.359000,417.7292116066008,100
2024-09-16 10:59:10.404000,417.71872906858994,103
2024-09-16 10:59:10.404000,417.7467189410938,102
2024-09-16 10:59:10.466000,417.73532779150565,14
2024-09-16 10:59:10.538000,417.72799587998776,98
2024-09-16 10:59:10.675000,417.7702128496616,1000
2024-09-16 10:59:10.697000,417.7482259233302,13
2024-09-16 10:59:10.739000,417.7457043437132,998
2024-09-16 10:59:10.749000,417.73845833212937,997
2024-09-16 10:59:10.815000,417.7546033402221,9
2024-09-16 10:59:10.849000,417.6883795922308,14
2024-09-16 10:59:10.887000,417.6849856620494,104
2024-09-16 10:59:10.899000,417.7450565405634,6
2024-09-16 10:59:10.929000,417.7599407925716,1004
2024-09-16 10:59:11.060000,417.6959633013234,998
2024-09-16 10:59:11.254000,417.7326182580335,1005
2024-09-16 10:59:11.282000,417.70104333511705,995
2024-09-16 10:59:11.315000,417.70887445742005,13
2024-09-16 10:59:11.862000,417.711064966462,9
2024-09-16 10:59:11.874000,417.7008006052593,1002
2024-09-16 10:59:11.899000,417.7126737929999,13
2024-09-16 10:59:11.999000,417.68194262941824,97
2024-09-16 10:59:12.144000,417.7478332441616,13
2024-09-16 10:59:12.207000,417.7313215740373,995
2024-09-16 10:59:12.528000,417.7416278600345,97
2024-09-16 10:59:12.572000,417.7409497137781,999
2024-09-16 10:59:12.690000,417.7422650807391,101
2024-09-16 10:59:12.723000,417.7468695646372,97
2024-09-16 10:59:12.738000,417.7308893939908,1001
2024-09-16 10:59:12.786000,417.736367348559,1000
2024-09-16 10:59:12.836000,417.746366806638,10
2024-09-16 10:59:12.929000,417.7315886431444,14
2024-09-16 10:59:13.013000,417.7096162437615,14
2024-09-16 10:59:13.025000,417.7012780231972,105
2024-09-16 10:59:13.143000,417.7039601311262,1003
2024-09-16 10:59:13.198000,417.7445205634177,999
2024-09-16 10:59:13.200000,417.72624912124303,1001
2024-09-16 10:59:13.258000,417.74507936066425,1004
2024-09-16 10:59:13.312000,417.7305852530992,102
2024-09-16 10:59:13.326000,417.7343948591499,1005
2024-09-16 10:59:13.491000,417.7319575042017,98
2024-09-16 10:59:13.550000,417.7488900986956,1003
2024-09-16 10:59:13.609000,417.7448554775912,1002
2024-09-16 10:59:13.617000,417.736054993034,1002
2024-09-16 10:59:13.656000,417.6927042239124,5
2024-09-16 10:59:13.683000,417.7113766691374,105
2024-09-16 10:59:13.747000,417.7124562821071,13
2024-09-16 10:59:13.793000,417.7033516197641,995
2024-09-16 10:59:13.810000,417.7179327785382,5
2024-09-16 10:59:13.817000,417.7189114175556,96
2024-09-16 10:59:13.836000,417.757767079782,15
2024-09-16 10:59:13.869000,417.7731191846274,1000
2024-09-16 10:59:13.915000,417.7604431317012,105
2024-09-16 10:59:13.919000,417.7115815407667,102
2024-09-16 10:59:13.967000,417.7158817394824,1001
2024-09-16 10:59:14.167000,417.7680987784545,103
2024-09-16 10:59:14.189000,417.7594452140722,101
2024-09-16 10:59:14.212000,417.7530059761724,995
2024-09-16 10:59:14.315000,417.7843731426655,9
2024-09-16 10:59:14.375000,417.7651868144135,1005
2024-09-16 10:59:14.397000,417.7593683036664,995
2024-09-16 10:59:14.514000,417.7649627417097,103
2024-09-16 10:59:14.552000,417.78479699324816,95
2024-09-16 10:59:14.585000,417.7710489956441,996
2024-09-16 10:59:14.657000,417.7535734230091,104
2024-09-16 10:59:14.660000,417.7507650943843,5
2024-09-16 10:59:14.664000,417.75542297675065,7
2024-09-16 10:59:14.700000,417.755610305222,102
2024-09-16 10:59:14.712000,417.75976209043984,996
2024-09-16 10:59:14.748000,417.7513350007734,95
2024-09-16 10:59:14.765000,417.79232000257485,1002
2024-09-16 10:59:14.778000,417.74823862082974,6
2024-09-16 10:59:14.877000,417.77224100482806,95
2024-09-16 10:59:14.900000,417.7676043344596,1004
2024-09-16 10:59:14.901000,417.7752943221312,95
2024-09-16 10:59:14.904000,417.75786419372304,999
2024-09-16 10:59:16.080000,417.764136757262,9
2024-09-16 10:59:16.161000,417.7697220649658,10
2024-09-16 10:59:16.230000,417.7903271643895,98
2024-09-16 10:59:16.418000,417.7745623748245,1002
2024-09-16 10:59:16.434000,417.7351043906694,10
2024-09-16 10:59:16.450000,417.7384227169946,98
2024-09-16 10:59:16.489000,417.74125266380577,97
2024-09-16 10:59:16.492000,417.7809582151966,102
2024-09-16 10:59:16.589000,417.7482281498863,12
2024-09-16 10:59:16.598000,417.73992277265705,9
2024-09-16 10:59:16.625000,417.7480895872156,95
2024-09-16 10:59:16.715000,417.7234163520896,997
2024-09-16 10:59:16.845000,417.7360805579135,9
2024-09-16 10:59:16.859000,417.71750362518895,102
2024-09-16 10:59:16.868000,417.73937061567096,1002
2024-09-16 10:59:16.931000,417.7564506520901,995
2024-09-16 10:59:16.977000,417.7890220420349,7
2024-09-16 10:59:17.371000,417.7318114723017,1005
2024-09-16 10:59:17.446000,417.7493480761818,12
2024-09-16 10:59:17.698000,417.7375545460756,14
2024-09-16 10:59:17.759000,417.7481814744503,104
2024-09-16 10:59:17.841000,417.7271739259192,998
2024-09-16 10:59:18.061000,417.67992005098046,15
2024-09-16 10:59:18.066000,417.64497530395903,5
2024-09-16 10:59:18.168000,417.7526489084447,12
2024-09-16 10:59:18.189000,417.6440148967321,6
2024-09-16 10:59:18.276000,417.75743869939134,15
2024-09-16 10:59:18.295000,417.6444852253993,998
2024-09-16 10:59:18.358000,417.7004184833106,97
2024-09-16 10:59:18.425000,417.6606378353088,1003
2024-09-16 10:59:18.440000,417.6720404755503,1002
2024-09-16 10:59:18.466000,417.76250077880894,102
2024-09-16 10:59:18.505000,417.7437137092576,97
2024-09-16 10:59:18.524000,417.6515835955786,98
2024-09-16 10:59:18.568000,417.7281132930823,996
2024-09-16 10:59:18.600000,417.7506791910521,999
2024-09-16 10:59:18.618000,417.72492347849567,11
2024-09-16 10:59:18.704000,417.6517592238495,101
2024-09-16 10:59:18.738000,417.6547258937165,1002
2024-09-16 10:59:18.779000,417.6773922464881,998
2024-09-16 10:59:18.827000,417.7633286951951,1002
2024-09-16 10:59:18.890000,417.6498265791548,97
2024-09-16 10:59:18.905000,417.6747225797525,98
2024-09-16 10:59:18.909000,417.7410994680217,101
2024-09-16 10:59:18.957000,417.7625418010862,14
2024-09-16 10:59:18.962000,417.66144096027017,1003
2024-09-16 10:59:18.993000,417.6475266938199,995
2024-09-16 10:59:19.557000,417.6746737118733,11
2024-09-16 10:59:20.030000,417.6628082977721,14
2024-09-16 10:59:20.093000,417.6719881221634,6
2024-09-16 10:59:20.237000,417.6747943373838,1005
2024-09-16 10:59:20.313000,417.6766201083416,9
2024-09-16 10:59:20.356000,417.6593076161305,102
2024-09-16 10:59:20.373000,417.65956914063776,97
2024-09-16 10:59:20.420000,417.6740628994757,997
2024-09-16 10:59:20.430000,417.6752843942552,95
2024-09-16 10:59:20.473000,417.6856344290849,96
2024-09-16 10:59:20.573000,417.6787850323481,99
2024-09-16 10:59:20.627000,417.6804337100792,995
2024-09-16 10:59:20.835000,417.6972131143372,100
2024-09-16 10:59:20.870000,417.6663238332426,96
2024-09-16 10:59:20.967000,417.6724211614332,9
2024-09-16 10:59:21.020000,417.6894119535248,13
2024-09-16 10:59:21.055000,417.7092448424876,10
2024-09-16 10:59:21.058000,417.6658333664787,1001
2024-09-16 10:59:21.106000,417.7203519523272,99
2024-09-16 10:59:21.192000,417.71521129646,98
2024-09-16 10:59:21.213000,417.6699825650029,1003
2024-09-16 10:59:21.223000,417.6986201189728,1005
2024-09-16 10:59:21.255000,417.7105729553525,1004
2024-09-16 10:59:21.358000,417.6896282721188,105
2024-09-16 10:59:21.365000,417.7053748740006,1004
2024-09-16 10:59:21.377000,417.6629524158524,97
2024-09-16 10:59:21.377000,417.6619371053495,6
2024-09-16 10:59:21.408000,417.7367635083953,999
2024-09-16 10:59:21.409000,417.6400608218735,101
2024-09-16 10:59:21.437000,417.7142601996232,1004
2024-09-16 10:59:21.461000,417.70827289140686,12
2024-09-16 10:59:21.497000,417.670733049076,102
2024-09-16 10:59:21.509000,417.65685483413705,7
2024-09-16 10:59:21.538000,417.7070557937996,997
2024-09-16 10:59:21.591000,417.69889762581766,1003
2024-09-16 10:59:21.592000,417.6903096489781,95
2024-09-16 10:59:21.669000,417.6524498381524,1005
2024-09-16 10:59:21.780000,417.7413783518284,13
2024-09-16 10:59:21.876000,417.6965174438286,10
2024-09-16 10:59:21.935000,417.71411527846567,11
2024-09-16 10:59:21.951000,417.7195244123748,105
2024-09-16 10:59:21.975000,417.6576264275509,12
2024-09-16 10:59:22.062000,417.7112089587335,97
2024-09-16 10:59:22.169000,417.67772794498495,1000
2024-09-16 10:59:22.220000,417.68585729459846,11
2024-09-16 10:59:22.226000,417.6955029076853,100
2024-09-16 10:59:22.233000,417.7115916303981,100
2024-09-16 10:59:22.313000,417.67860155992736,6
2024-09-16 10:59:22.325000,417.6818371250371,1004
2024-09-16 10:59:22.427000,417.6947201146633,105
2024-09-16 10:59:22.454000,417.71285951909925,1000
2024-09-16 10:59:22.464000,417.6778336488725,98
2024-09-16 10:59:22.478000,417.7095696027327,999
2024-09-16 10:59:22.489000,417.683210004141,15
2024-09-16 10:59:22.509000,417.6923080880583,1004
2024-09-16 10:59:22.539000,417.69253467436846,98
2024-09-16 10:59:22.599000,417.6774640351081,1001
2024-09-16 10:59:22.608000,417.6837811446588,98
2024-09-16 10:59:22.632000,417.665545209488,6
2024-09-16 10:59:22.635000,417.6847544417961,102
2024-09-16 10:59:22.692000,417.68393243866666,14
2024-09-16 10:59:22.756000,417.7014839967058,1002
2024-09-16 10:59:22.763000,417.6711629886936,100
2024-09-16 10:59:22.864000,417.6926877142657,7
2024-09-16 10:59:22.891000,417.6935995354074,96
2024-09-16 10:59:22.931000,417.6769934956036,101
2024-09-16 10:59:22.934000,417.6908497466226,1004
2024-09-16 10:59:23.086000,417.5601249033971,14
2024-09-16 10:59:23.171000,417.61259337790153,97
2024-09-16 10:59:23.175000,417.6185276463295,10
2024-09-16 10:59:23.193000,417.5518952918303,96
2024-09-16 10:59:23.335000,417.5494453649153,95
2024-09-16 10:59:23.390000,417.5641657723995,101
2024-09-16 10:59:23.422000,417.5672528608495,999
2024-09-16 10:59:23.473000,417.5972945206004,10
2024-09-16 10:59:23.476000,417.5763481759233,10
2024-09-16 10:59:23.495000,417.6033617040351,13
2024-09-16 10:59:23.495000,417.5581627976521,1003
2024-09-16 10:59:23.555000,417.6016351584723,95
2024-09-16 10:59:23.680000,417.5710437109133,105
2024-09-16 10:59:23.695000,417.6489940691383,996
2024-09-16 10:59:23.755000,417.5645462177914,100
2024-09-16 10:59:23.775000,417.5787603582072,14
2024-09-16 10:59:23.804000,417.5551063005716,102
2024-09-16 10:59:23.863000,417.5583133453745,96
2024-09-16 10:59:23.884000,417.6359157633481,996
2024-09-16 10:59:23.931000,417.567369709214,97
2024-09-16 10:59:24.053000,417.61327450930105,7
2024-09-16 10:59:24.074000,417.59333897654426,9
2024-09-16 10:59:24.178000,417.583399807118,9
2024-09-16 10:59:24.270000,417.6008791169757,999
2024-09-16 10:59:24.459000,417.5775029574812,104
2024-09-16 10:59:24.517000,417.6066100676893,1005
2024-09-16 10:59:24.538000,417.5737803973707,100
2024-09-16 10:59:24.554000,417.6054618854113,11
2024-09-16 10:59:24.618000,417.5966074645494,104
2024-09-16 10:59:24.801000,417.5873951361668,10
2024-09-16 10:59:24.818000,417.6047970074558,97
2024-09-16 10:59:24.908000,417.5990771398747,997
2024-09-16 10:59:24.973000,417.60401277867294,998
2024-09-16 10:59:25.155000,417.6219409037144,103
2024-09-16 10:59:25.326000,417.63740130705753,1003
2024-09-16 10:59:25.354000,417.6584776708505,999
2024-09-16 10:59:26.275000,417.6955966382585,9
2024-09-16 10:59:26.290000,417.6746256023404,998
2024-09-16 10:59:26.638000,417.68298080680654,98
2024-09-16 10:59:26.724000,417.6784369321412,105
2024-09-16 10:59:26.970000,417.6871117468367,10
2024-09-16 10:59:27.169000,417.6597490346229,1005
2024-09-16 10:59:27.257000,417.68513255326496,1002
2024-09-16 10:59:27.346000,417.6783383521407,13
2024-09-16 10:59:27.532000,417.6719293103893,100
2024-09-16 10:59:27.917000,417.668419560435,997
2024-09-16 10:59:28.108000,417.7512043930282,10
2024-09-16 10:59:28.143000,417.6900357510065,1003
2024-09-16 10:59:28.150000,417.7425304942189,1004
2024-09-16 10:59:28.186000,417.7163654295586,8
2024-09-16 10:59:28.232000,417.7341093656751,6
2024-09-16 10:59:28.243000,417.6939349356988,15
2024-09-16 10:59:28.247000,417.71898359622605,1004
2024-09-16 10:59:28.308000,417.7498789123238,10
2024-09-16 10:59:28.320000,417.70395733767583,995
2024-09-16 10:59:28.347000,417.74625747338575,97
2024-09-16 10:59:28.404000,417.7015191364502,102
2024-09-16 10:59:28.488000,417.7453181583527,9
2024-09-16 10:59:28.505000,417.702810648184,96
2024-09-16 10:59:28.578000,417.7415234472221,999
2024-09-16 10:59:28.588000,417.7556653310847,998
2024-09-16 10:59:28.604000,417.695221504994,105
2024-09-16 10:59:28.606000,417.6871985801976,999
2024-09-16 10:59:28.623000,417.6840429600309,96
2024-09-16 10:59:28.648000,417.7490664737167,102
2024-09-16 10:59:28.648000,417.75735001115504,9
2024-09-16 10:59:28.674000,417.74826193942994,96
2024-09-16 10:59:28.688000,417.7582961692134,10
2024-09-16 10:59:28.697000,417.6891174879052,11
2024-09-16 10:59:28.803000,417.6813622059584,8
2024-09-16 10:59:28.804000,417.6848004129336,11
2024-09-16 10:59:28.875000,417.7405359609213,1004
2024-09-16 10:59:28.893000,417.74442579390217,15
2024-09-16 10:59:28.921000,417.7454860782753,1002
2024-09-16 10:59:28.984000,417.6667616486566,997
2024-09-16 10:59:29.044000,417.70734326151006,96
2024-09-16 10:59:29.111000,417.72131877138384,10
2024-09-16 10:59:29.270000,417.74771703095735,96
2024-09-16 10:59:29.414000,417.7392207095261,104
2024-09-16 10:59:29.429000,417.7560155468909,6
2024-09-16 10:59:29.461000,417.75346709313214,101
2024-09-16 10:59:29.494000,417.75539069231706,999
2024-09-16 10:59:29.527000,417.7453704203016,104
2024-09-16 10:59:29.532000,417.7400329233875,7
2024-09-16 10:59:29.537000,417.7322907108325,997
2024-09-16 10:59:29.589000,417.7248074161159,101
2024-09-16 10:59:29.684000,417.7524806498176,997
2024-09-16 10:59:29.700000,417.751274016242,97
2024-09-16 10:59:29.784000,417.7555008147696,1004
2024-09-16 10:59:29.848000,417.7503837669048,15
2024-09-16 10:59:29.888000,417.7457044953487,103
2024-09-16 10:59:29.898000,417.7111947465372,1000
2024-09-16 10:59:29.917000,417.7382504931349,101
2024-09-16 10:59:29.933000,417.74681485539,999
2024-09-16 10:59:29.995000,417.7129962549309,14
2024-09-16 10:59:30.031000,417.7603276870023,102
2024-09-16 10:59:30.067000,417.741207096608,10
2024-09-16 10:59:30.095000,417.8256141783731,999
2024-09-16 10:59:30.132000,417.72851405671287,10
2024-09-16 10:59:30.194000,417.73195817291736,996
2024-09-16 10:59:30.206000,417.7339740957581,1004
2024-09-16 10:59:30.217000,417.7914649832232,104
2024-09-16 10:59:30.413000,417.75709050944215,103
2024-09-16 10:59:30.420000,417.76138638887767,105
2024-09-16 10:59:30.423000,417.8015646606182,104
2024-09-16 10:59:30.432000,417.82543025217217,12
2024-09-16 10:59:30.450000,417.7412084366774,10
2024-09-16 10:59:30.480000,417.7490500813417,96
2024-09-16 10:59:30.485000,417.74305289102494,15
2024-09-16 10:59:30.542000,417.75645513903095,15
2024-09-16 10:59:30.557000,417.7269770989393,103
2024-09-16 10:59:30.580000,417.7798578121855,14
2024-09-16 10:59:30.636000,417.8097357828838,12
2024-09-16 10:59:30.647000,417.7637598950329,101
2024-09-16 10:59:30.655000,417.7803220990995,999
2024-09-16 10:59:30.682000,417.7567200110786,100
2024-09-16 10:59:30.733000,417.75987097581424,1003
2024-09-16 10:59:30.765000,417.7810028856244,14
2024-09-16 10:59:30.827000,417.7438607772832,101
2024-09-16 10:59:30.851000,417.74208876349087,99
2024-09-16 10:59:30.911000,417.74806027212014,1002
2024-09-16 10:59:30.946000,417.7795940369611,1003
2024-09-16 10:59:30.961000,417.7840607338192,13
2024-09-16 10:59:31.021000,417.8821720385644,9
2024-09-16 10:59:31.092000,417.89569605873646,105
2024-09-16 10:59:31.107000,417.8437779163479,13
2024-09-16 10:59:31.128000,417.8717268613333,9
2024-09-16 10:59:31.162000,417.89038438908113,999
2024-09-16 10:59:31.189000,417.8901757511388,5
2024-09-16 10:59:31.193000,417.8334624651492,1004
2024-09-16 10:59:31.242000,417.88674165613935,105
2024-09-16 10:59:31.278000,417.87583285655165,1003
2024-09-16 10:59:31.469000,417.886444411673,11
2024-09-16 10:59:31.499000,417.8105884975477,100
2024-09-16 10:59:31.540000,417.9060856330688,1002
2024-09-16 10:59:31.632000,417.8824799776266,1004
2024-09-16 10:59:31.812000,417.8555566342469,998
2024-09-16 10:59:31.846000,417.8575887921911,101
2024-09-16 10:59:31.858000,417.8472267539979,105
2024-09-16 10:59:31.979000,417.8642408218052,1003
2024-09-16 10:59:32.085000,417.8804020558822,103
2024-09-16 10:59:32.115000,417.8835252472781,15
2024-09-16 10:59:32.138000,417.8693921640152,96
2024-09-16 10:59:32.234000,417.9174717969773,1002
2024-09-16 10:59:32.562000,417.91608769749575,10
2024-09-16 10:59:32.628000,417.8786970847689,1001
2024-09-16 10:59:32.813000,417.93679963019065,998
2024-09-16 10:59:32.842000,417.9187633629449,97
2024-09-16 10:59:32.853000,417.91472819773,995
2024-09-16 10:59:32.876000,417.9155730211973,12
2024-09-16 10:59:32.902000,417.8909846737286,5
2024-09-16 10:59:32.904000,417.8904887443164,6
2024-09-16 10:59:33.003000,417.8790429642568,6
2024-09-16 10:59:33.092000,417.8456640004586,997
2024-09-16 10:59:33.139000,417.8736452148827,1004
2024-09-16 10:59:33.233000,417.85549333801697,995
2024-09-16 10:59:33.674000,417.88481590287057,99
2024-09-16 10:59:33.730000,417.83537546966585,99
2024-09-16 10:59:33.742000,417.8650866953304,998
2024-09-16 10:59:33.868000,417.8402335437033,13
2024-09-16 10:59:33.911000,417.8303813315868,1000
2024-09-16 10:59:34.049000,417.84623299432445,1001
2024-09-16 10:59:34.164000,417.8182125134002,104
2024-09-16 10:59:34.221000,417.8049429335682,10
2024-09-16 10:59:34.326000,417.8341285792821,105
2024-09-16 10:59:34.393000,417.7984611651461,1001
2024-09-16 10:59:34.429000,417.78669669655113,1000
2024-09-16 10:59:34.626000,417.8437004706863,103
2024-09-16 10:59:34.828000,417.8227648376076,101
2024-09-16 10:59:34.867000,417.7972240224674,12
2024-09-16 10:59:34.934000,417.82291782603033,996
2024-09-16 10:59:34.949000,417.8333385108993,1001
2024-09-16 10:59:34.972000,417.8167510739993,15
2024-09-16 10:59:35.064000,417.80677733079926,5
2024-09-16 10:59:35.234000,417.8073864100212,1001
2024-09-16 10:59:35.357000,417.8210077666772,1000
2024-09-16 10:59:35.408000,417.81486825540384,1000
2024-09-16 10:59:35.460000,417.8414101116749,98
2024-09-16 10:59:35.534000,417.8092734281808,997
2024-09-16 10:59:35.546000,417.84549680308805,7
2024-09-16 10:59:35.558000,417.79930791092977,1000
2024-09-16 10:59:35.587000,417.8001289510967,103
2024-09-16 10:59:35.892000,417.81344715511887,14
2024-09-16 10:59:35.911000,417.8152913322244,996
2024-09-16 10:59:35.992000,417.7992015341616,1003
2024-09-16 10:59:36.057000,417.8362536744566,104
2024-09-16 10:59:36.106000,417.818604907762,1003
2024-09-16 10:59:36.161000,417.8456046744844,100
2024-09-16 10:59:36.211000,417.83159155864615,14
2024-09-16 10:59:36.241000,417.810900313964,95
2024-09-16 10:59:36.245000,417.8147931292238,10
2024-09-16 10:59:36.260000,417.851761588848,6
2024-09-16 10:59:36.262000,417.8349133748487,9
2024-09-16 10:59:36.272000,417.8171267611583,997
2024-09-16 10:59:36.301000,417.8640594954999,105
2024-09-16 10:59:36.356000,417.8426211432781,105
2024-09-16 10:59:36.410000,417.82854626880334,999
2024-09-16 10:59:36.440000,417.84208898076577,7
2024-09-16 10:59:36.527000,417.83763352017047,95
2024-09-16 10:59:36.539000,417.8539576699752,1000
2024-09-16 10:59:36.568000,417.8374713056466,8
2024-09-16 10:59:36.656000,417.8190423419195,15
2024-09-16 10:59:36.674000,417.8400811497362,7
2024-09-16 10:59:36.694000,417.84509347849774,103
2024-09-16 10:59:36.712000,417.8596032180284,6
2024-09-16 10:59:36.745000,417.8279390957132,95
2024-09-16 10:59:36.766000,417.8096609826568,101
2024-09-16 10:59:36.816000,417.8291648424711,1004
2024-09-16 10:59:36.831000,417.8242605849993,12
2024-09-16 10:59:36.835000,417.8640808987249,1005
2024-09-16 10:59:36.860000,417.8588130026349,12
2024-09-16 10:59:36.916000,417.8255825747834,5
2024-09-16 10:59:36.932000,417.81996564328784,101
2024-09-16 10:59:36.971000,417.8463845634135,96
2024-09-16 10:59:36.984000,417.8472008959735,103
2024-09-16 10:59:37.031000,417.8577006049104,997
2024-09-16 10:59:37.036000,417.8196950642062,97
2024-09-16 10:59:37.037000,417.8267434922352,7
2024-09-16 10:59:37.052000,417.8199486554861,14
2024-09-16 10:59:37.079000,417.7688272509534,105
2024-09-16 10:59:37.233000,417.8514025541757,105
2024-09-16 10:59:37.269000,417.7370191087497,1004
2024-09-16 10:59:37.304000,417.83951927386914,6
2024-09-16 10:59:37.306000,417.74769149666935,12
2024-09-16 10:59:37.319000,417.8377758689826,999
2024-09-16 10:59:37.329000,417.7728899361656,1002
2024-09-16 10:59:37.398000,417.8665345233306,1003
2024-09-16 10:59:37.405000,417.81230788461903,101
2024-09-16 10:59:37.475000,417.86539486144926,10
2024-09-16 10:59:37.509000,417.8529316782869,104
2024-09-16 10:59:37.615000,417.8367348462984,998
2024-09-16 10:59:37.620000,417.8456263956349,5
2024-09-16 10:59:37.689000,417.7352252473384,12
2024-09-16 10:59:37.730000,417.7592963962118,100
2024-09-16 10:59:37.739000,417.8718050570467,1000
2024-09-16 10:59:37.789000,417.8450483814088,5
2024-09-16 10:59:37.817000,417.86588133538254,1002
2024-09-16 10:59:37.851000,417.84860084445495,1001
2024-09-16 10:59:37.859000,417.7991224311785,5
2024-09-16 10:59:37.866000,417.7464506763026,10
2024-09-16 10:59:37.954000,417.74859885690586,1002
2024-09-16 10:59:37.959000,417.85515924498645,100
2024-09-16 10:59:37.961000,417.8509247636987,99
2024-09-16 10:59:37.992000,417.8310485389485,96
2024-09-16 10:59:38.138000,417.7467414250748,1001
2024-09-16 10:59:38.390000,417.74768119498646,1002
2024-09-16 10:59:39.083000,417.6884337932021,9
2024-09-16 10:59:39.114000,417.6812649833988,14
2024-09-16 10:59:39.151000,417.73207151223664,15
2024-09-16 10:59:39.161000,417.70840096701374,15
2024-09-16 10:59:39.167000,417.72678074955473,8
2024-09-16 10:59:39.192000,417.6719650883736,1001
2024-09-16 10:59:39.195000,417.7259009872233,104
2024-09-16 10:59:39.217000,417.7195225926232,100
2024-09-16 10:59:39.228000,417.6818214787959,998
2024-09-16 10:59:39.258000,417.6694715921914,103
2024-09-16 10:59:39.377000,417.6772553793225,9
2024-09-16 10:59:39.424000,417.7025661257935,9
2024-09-16 10:59:39.485000,417.70356817171887,998
2024-09-16 10:59:39.579000,417.6684452625663,1003
2024-09-16 10:59:39.599000,417.6700129452285,100
2024-09-16 10:59:39.614000,417.7096294618562,12
2024-09-16 10:59:39.682000,417.7350431241023,97
2024-09-16 10:59:39.725000,417.70716726059777,13
2024-09-16 10:59:39.739000,417.6705938652142,13
2024-09-16 10:59:39.771000,417.6846860457208,997
2024-09-16 10:59:39.828000,417.72961976797865,15
2024-09-16 10:59:39.877000,417.730564419404,1005
2024-09-16 10:59:39.900000,417.6940843606865,7
2024-09-16 10:59:39.930000,417.7300409524457,100
2024-09-16 10:59:39.956000,417.6686662215612,105
2024-09-16 10:59:39.965000,417.67477114643947,14
2024-09-16 10:59:39.971000,417.67412990227353,1004
2024-09-16 10:59:40.195000,417.6826345407743,15
2024-09-16 10:59:40.350000,417.65142905093086,11
2024-09-16 10:59:40.439000,417.6941469314472,14
2024-09-16 10:59:40.749000,417.70054978579054,996
2024-09-16 10:59:40.851000,417.7062237852769,995
2024-09-16 10:59:41.019000,417.70027821680486,99
2024-09-16 10:59:41.045000,417.6954611582522,995
2024-09-16 10:59:41.053000,417.71587532557913,95
2024-09-16 10:59:41.066000,417.7161799490849,998
2024-09-16 10:59:41.100000,417.7098623527387,105
2024-09-16 10:59:41.189000,417.7181139398851,11
2024-09-16 10:59:41.203000,417.6959739557714,96
2024-09-16 10:59:41.214000,417.710973139809,1000
2024-09-16 10:59:41.215000,417.70381776768494,101
2024-09-16 10:59:41.285000,417.7008003187473,6
2024-09-16 10:59:41.306000,417.7049088310861,1001
2024-09-16 10:59:41.332000,417.7218114775518,7
2024-09-16 10:59:41.337000,417.7018738365348,105
2024-09-16 10:59:41.400000,417.6991402940053,102
2024-09-16 10:59:41.412000,417.7161558568669,8
2024-09-16 10:59:41.418000,417.69457604668816,97
2024-09-16 10:59:41.419000,417.720165358397,100
2024-09-16 10:59:41.473000,417.6892536605904,97
2024-09-16 10:59:41.544000,417.70322243349614,6
2024-09-16 10:59:41.603000,417.7063000874243,999
2024-09-16 10:59:41.624000,417.7060624195599,5
2024-09-16 10:59:41.797000,417.70520662026166,999
2024-09-16 10:59:41.821000,417.703511240508,98
2024-09-16 10:59:41.833000,417.70861689259766,11
2024-09-16 10:59:41.865000,417.71026385979815,998
2024-09-16 10:59:41.888000,417.7128744216673,12
2024-09-16 10:59:41.958000,417.7149777576548,7
2024-09-16 10:59:42.083000,417.7273969592546,103
2024-09-16 10:59:42.097000,417.7104013949436,101
2024-09-16 10:59:42.228000,417.7242656256632,96
2024-09-16 10:59:42.249000,417.70374288291794,6
2024-09-16 10:59:42.493000,417.7273008350337,98
2024-09-16 10:59:42.754000,417.7399604513224,104
2024-09-16 10:59:42.819000,417.71400680559617,9
2024-09-16 10:59:43.136000,417.7575268762672,102
2024-09-16 10:59:43.175000,417.7295916162191,1005
2024-09-16 10:59:43.214000,417.7681693519078,95
2024-09-16 10:59:43.218000,417.733018641793,15
2024-09-16 10:59:43.263000,417.72800218131846,8
2024-09-16 10:59:43.341000,417.75903992794537,995
2024-09-16 10:59:43.471000,417.7648909035949,13
2024-09-16 10:59:43.517000,417.7282612683569,102
2024-09-16 10:59:43.525000,417.77185487267104,104
2024-09-16 10:59:43.897000,417.7473438967916,97
2024-09-16 10:59:43.994000,417.7415578074212,99
2024-09-16 10:59:44.099000,417.80277016608335,102
2024-09-16 10:59:44.166000,417.79884176769286,8
2024-09-16 10:59:44.170000,417.8405182867259,997
2024-09-16 10:59:44.224000,417.8083888044641,7
2024-09-16 10:59:44.372000,417.7879762686511,102
2024-09-16 10:59:44.381000,417.8023537896447,1000
2024-09-16 10:59:44.437000,417.8229596562013,8
2024-09-16 10:59:44.459000,417.7699842005197,997
2024-09-16 10:59:44.660000,417.7705023800461,102
2024-09-16 10:59:44.662000,417.84055139893536,95
2024-09-16 10:59:44.694000,417.8267266030557,101
2024-09-16 10:59:44.960000,417.8325462618744,1001
2024-09-16 10:59:45.113000,417.8519015852528,7
2024-09-16 10:59:45.177000,417.87655213531735,101
2024-09-16 10:59:45.243000,417.8603613949456,7
2024-09-16 10:59:45.502000,417.8379075845337,1004
2024-09-16 10:59:45.505000,417.8501436293709,98
2024-09-16 10:59:45.570000,417.86285852795527,998
2024-09-16 10:59:45.726000,417.89932726484096,1005
2024-09-16 10:59:45.761000,417.849509282384,104
2024-09-16 10:59:45.817000,417.8889590480762,1001
2024-09-16 10:59:45.962000,417.8994516378663,105
2024-09-16 10:59:46.077000,417.8582255065766,998
2024-09-16 10:59:46.317000,417.8706324567593,13
2024-09-16 10:59:46.335000,417.8779809404032,1004
2024-09-16 10:59:46.430000,417.8868683958608,105
2024-09-16 10:59:46.437000,417.88007937386266,8
2024-09-16 10:59:46.536000,417.8936647511416,100
2024-09-16 10:59:46.712000,417.87879066092654,996
2024-09-16 10:59:46.759000,417.8703375542303,15
2024-09-16 10:59:46.810000,417.8690356374332,1005
2024-09-16 10:59:46.893000,417.8868757509003,11
2024-09-16 10:59:48.105000,417.9095076852183,102
2024-09-16 10:59:48.107000,417.8984888403021,8
2024-09-16 10:59:48.152000,417.9063822647544,98
2024-09-16 10:59:48.191000,417.9184001438677,998
2024-09-16 10:59:48.247000,417.8887722873084,102
2024-09-16 10:59:48.267000,417.9150229576703,1000
2024-09-16 10:59:48.282000,417.8755356191531,101
2024-09-16 10:59:48.300000,417.9098887482252,13
2024-09-16 10:59:48.342000,417.8813477586869,95
2024-09-16 10:59:48.346000,417.9089555240322,12
2024-09-16 10:59:48.414000,417.8870634985384,1001
2024-09-16 10:59:48.437000,417.8725399339574,14
2024-09-16 10:59:48.795000,417.91680763975495,6
2024-09-16 10:59:48.801000,417.9194143827039,9
2024-09-16 10:59:48.813000,417.8809271937605,996
2024-09-16 10:59:48.842000,417.87206299777233,995
2024-09-16 10:59:49.012000,417.9405727832618,105
2024-09-16 10:59:49.054000,417.9400295847941,6
2024-09-16 10:59:49.064000,417.9585874183265,1001
2024-09-16 10:59:49.200000,417.9283007975658,13
2024-09-16 10:59:49.251000,417.9393304540535,11
2024-09-16 10:59:49.304000,417.9334581574719,7
2024-09-16 10:59:49.425000,417.9652226971291,15
2024-09-16 10:59:49.440000,417.95093001419934,8
2024-09-16 10:59:49.448000,417.9373409368002,1000
2024-09-16 10:59:49.455000,417.93019790085447,996
2024-09-16 10:59:49.503000,417.939874113842,15
2024-09-16 10:59:49.545000,417.925789845871,12
2024-09-16 10:59:49.680000,417.93583678653647,95
2024-09-16 10:59:49.891000,417.9466164991882,15
2024-09-16 10:59:49.915000,417.9318270088426,7
2024-09-16 10:59:50.142000,417.889192538948,13
2024-09-16 10:59:50.259000,417.917208880009,102
2024-09-16 10:59:50.316000,417.8801378583308,12
2024-09-16 10:59:50.614000,417.8929814062328,1005
2024-09-16 10:59:50.702000,417.918968243826,1001
2024-09-16 10:59:50.823000,417.9021496154904,8
2024-09-16 10:59:50.926000,417.9258353011165,1000
2024-09-16 10:59:50.951000,417.9119335592784,997
2024-09-16 10:59:50.974000,417.88563802291407,6
2024-09-16 10:59:50.979000,417.8977298869478,96
2024-09-16 10:59:51.003000,417.8913736856977,98
2024-09-16 10:59:51.263000,417.9537276950392,13
2024-09-16 10:59:51.301000,417.98889332187446,997
2024-09-16 10:59:51.397000,417.89395633370265,12
2024-09-16 10:59:51.627000,417.99606097697273,7
2024-09-16 10:59:51.665000,417.9604910086606,100
2024-09-16 10:59:51.724000,417.9060302990207,996
2024-09-16 10:59:51.725000,417.8959115786336,998
2024-09-16 10:59:51.741000,417.9534130767015,1000
2024-09-16 10:59:51.792000,417.91442710398655,13
2024-09-16 10:59:51.953000,417.8986799917727,97
2024-09-16 10:59:51.980000,417.9358925769912,95
2024-09-16 10:59:52.073000,418.0070369812211,996
2024-09-16 10:59:52.145000,417.9963800452223,11
2024-09-16 10:59:52.156000,417.99034562342393,1001
2024-09-16 10:59:52.336000,418.028201667484,1000
2024-09-16 10:59:52.367000,417.9953908185651,104
2024-09-16 10:59:52.396000,417.9975116783219,998
2024-09-16 10:59:52.399000,418.01065793863097,102
2024-09-16 10:59:52.436000,417.9963656298913,996
2024-09-16 10:59:52.489000,418.01205884184407,1004
2024-09-16 10:59:52.540000,417.9923182718482,14
2024-09-16 10:59:52.662000,418.0075773258564,997
2024-09-16 10:59:52.785000,418.001944814589,100
2024-09-16 10:59:52.881000,417.9943302864436,1002
2024-09-16 10:59:52.890000,418.00588480806783,99
2024-09-16 10:59:52.899000,418.0084928386176,14
2024-09-16 10:59:52.991000,417.984533826348,99
2024-09-16 10:59:52.993000,417.9874733121122,14
2024-09-16 10:59:53.026000,418.0681622470544,996
2024-09-16 10:59:53.100000,418.0423194909722,12
2024-09-16 10:59:53.162000,418.0709708456281,1003
2024-09-16 10:59:53.220000,418.0678209711036,1001
2024-09-16 10:59:53.355000,418.0704333362761,1004
2024-09-16 10:59:53.427000,418.06449470922513,1001
2024-09-16 10:59:53.635000,418.0561235400281,9
2024-09-16 10:59:53.670000,418.0599296800126,96
2024-09-16 10:59:53.887000,418.0683154481995,9
2024-09-16 10:59:53.978000,418.0695199307604,95
2024-09-16 10:59:54.050000,418.0690655708847,13
2024-09-16 10:59:54.119000,418.0534459302512,1001
2024-09-16 10:59:54.134000,418.0888477354104,99
2024-09-16 10:59:54.144000,418.02456459419614,997
2024-09-16 10:59:54.149000,418.009852952766,1004
2024-09-16 10:59:54.164000,417.99328627353634,11
2024-09-16 10:59:54.169000,418.0397743899612,99
2024-09-16 10:59:54.222000,418.0041027868076,1003
2024-09-16 10:59:54.277000,418.0442154183786,1001
2024-09-16 10:59:54.289000,418.0608562761541,105
2024-09-16 10:59:54.325000,418.0172688266424,96
2024-09-16 10:59:54.325000,418.05956661059867,1005
2024-09-16 10:59:54.329000,418.0386416730844,997
2024-09-16 10:59:54.368000,418.05736909916175,11
2024-09-16 10:59:54.386000,418.015232951254,1002
2024-09-16 10:59:54.399000,418.0437006266038,13
2024-09-16 10:59:54.419000,418.01370885801447,12
2024-09-16 10:59:54.419000,418.074565815514,996
2024-09-16 10:59:54.469000,418.0531515528766,1001
2024-09-16 10:59:54.470000,418.01891896207405,96
2024-09-16 10:59:54.494000,418.0463770320656,15
2024-09-16 10:59:54.504000,418.0688705364951,995
2024-09-16 10:59:54.631000,418.0244529668638,999
2024-09-16 10:59:54.668000,418.0177846676484,9
2024-09-16 10:59:54.727000,418.0355686301194,13
2024-09-16 10:59:54.769000,418.0327369044532,1002
2024-09-16 10:59:54.816000,418.0230987917945,98
2024-09-16 10:59:54.901000,418.0151251342655,11
2024-09-16 10:59:54.919000,418.01433794127854,105
2024-09-16 10:59:55.002000,418.17592873239016,105
2024-09-16 10:59:55.080000,418.0350707283352,103
2024-09-16 10:59:55.108000,418.0576332279705,99
2024-09-16 10:59:55.139000,418.18071311962177,997
2024-09-16 10:59:55.148000,418.0664186005064,996
2024-09-16 10:59:55.176000,418.09936023184713,9
2024-09-16 10:59:55.202000,418.1933828656106,1004
2024-09-16 10:59:55.212000,418.0852227079809,1003
2024-09-16 10:59:55.245000,418.0914198275073,95
2024-09-16 10:59:55.341000,418.138210141012,10
2024-09-16 10:59:55.345000,418.1794413351904,15
2024-09-16 10:59:55.408000,418.1996085460799,13
2024-09-16 10:59:55.424000,418.1423525989412,1003
2024-09-16 10:59:55.488000,418.1319600374741,12
2024-09-16 10:59:55.515000,418.1758794228946,95
2024-09-16 10:59:55.533000,418.0720524137177,8
2024-09-16 10:59:55.558000,418.077131471184,101
2024-09-16 10:59:55.566000,418.0688905458845,995
2024-09-16 10:59:55.628000,418.0632709541457,12
2024-09-16 10:59:55.660000,418.1125219234612,15
2024-09-16 10:59:55.858000,418.08376415093335,6
2024-09-16 10:59:55.868000,418.09668290205184,5
2024-09-16 10:59:55.872000,418.0872332627773,95
2024-09-16 10:59:55.877000,418.151679090213,1002
2024-09-16 10:59:55.987000,418.1544341409642,102
2024-09-16 10:59:56.056000,418.18872000350814,102
2024-09-16 10:59:56.134000,418.172488820479,103
2024-09-16 10:59:56.189000,418.188944917339,6
2024-09-16 10:59:56.293000,418.173831124456,997
2024-09-16 10:59:56.316000,418.1534692712357,97
2024-09-16 10:59:56.533000,418.1646249640133,995
2024-09-16 10:59:56.565000,418.1776719939557,996
2024-09-16 10:59:56.566000,418.16605191181947,998
2024-09-16 10:59:56.686000,418.1776944602199,103
2024-09-16 10:59:56.883000,418.1764783251221,97
2024-09-16 10:59:56.887000,418.1811278645481,9
2024-09-16 10:59:57.099000,418.1310740883872,11
2024-09-16 10:59:57.416000,418.14555240651646,1004
2024-09-16 10:59:57.641000,418.15158605522913,996
2024-09-16 10:59:57.677000,418.135241990398,102
2024-09-16 10:59:57.897000,418.1274971090429,1002
2024-09-16 10:59:58.116000,418.1737547646732,997
2024-09-16 10:59:58.238000,418.1318637224608,1004
2024-09-16 10:59:58.260000,418.15349592762607,103
2024-09-16 10:59:58.659000,418.164738804304,9
2024-09-16 10:59:58.734000,418.1557629858613,996
2024-09-16 10:59:58.812000,418.167482051807,1002
2024-09-16 10:59:58.813000,418.1756394539716,996
2024-09-16 10:59:58.885000,418.1504877027327,5
2024-09-16 10:59:59.092000,418.1416589558325,98
2024-09-16 10:59:59.121000,418.1356478048278,1002
2024-09-16 10:59:59.133000,418.1388359121158,102
2024-09-16 10:59:59.152000,418.1083716404806,13
2024-09-16 10:59:59.158000,418.1414594734812,996
2024-09-16 10:59:59.179000,418.1300094876023,12
2024-09-16 10:59:59.334000,418.1236100228001,95
2024-09-16 10:59:59.428000,418.1384782301839,995
2024-09-16 10:59:59.469000,418.1404036755901,8
2024-09-16 10:59:59.615000,418.1334201082295,104
2024-09-16 10:59:59.666000,418.13230783732894,1004
2024-09-16 10:59:59.728000,418.119305988647,999
2024-09-16 10:59:59.771000,418.1271938237246,6
2024-09-16 10:59:59.780000,418.1349763758845,8
2024-09-16 10:59:59.838000,418.12597154973633,98
