Timestamp,Price,Size
2024-09-20 10:35:00.081000,422.3916096678278,1002
2024-09-20 10:35:00.182000,422.4095524272067,14
2024-09-20 10:35:00.222000,422.4234993519805,1004
2024-09-20 10:35:00.351000,422.39587658978127,9
2024-09-20 10:35:00.549000,422.38568119751017,12
2024-09-20 10:35:00.734000,422.39940197754544,13
2024-09-20 10:35:00.768000,422.393705473266,6
2024-09-20 10:35:00.780000,422.4142151337999,999
2024-09-20 10:35:00.835000,422.4008957657511,10
2024-09-20 10:35:01.085000,422.3591130367542,11
2024-09-20 10:35:02.049000,422.4261352158838,1005
2024-09-20 10:35:02.122000,422.3681894441818,99
2024-09-20 10:35:02.185000,422.4384522834253,997
2024-09-20 10:35:02.197000,422.38874329493854,5
2024-09-20 10:35:02.224000,422.40529716927074,1005
2024-09-20 10:35:02.320000,422.4281319689997,1004
2024-09-20 10:35:02.324000,422.3937396630984,1001
2024-09-20 10:35:02.343000,422.3810451919562,15
2024-09-20 10:35:02.345000,422.4238610306581,15
2024-09-20 10:35:02.517000,422.4127474991007,9
2024-09-20 10:35:02.577000,422.4251918855479,99
2024-09-20 10:35:02.599000,422.43687085850667,100
2024-09-20 10:35:02.677000,422.42958271709887,1000
2024-09-20 10:35:02.689000,422.3948333551732,103
2024-09-20 10:35:02.707000,422.4227991754388,9
2024-09-20 10:35:02.765000,422.41833581259766,97
2024-09-20 10:35:02.798000,422.4342745138917,998
2024-09-20 10:35:02.813000,422.40031097938606,105
2024-09-20 10:35:02.946000,422.3902785660497,96
2024-09-20 10:35:03.059000,422.4764723121815,99
2024-09-20 10:35:03.131000,422.4616968744814,15
2024-09-20 10:35:03.180000,422.4726705215285,99
2024-09-20 10:35:03.196000,422.43167039600206,1004
2024-09-20 10:35:03.215000,422.49322854632953,997
2024-09-20 10:35:03.223000,422.4796196848136,6
2024-09-20 10:35:03.242000,422.47087284041805,1005
2024-09-20 10:35:03.243000,422.46053308694655,11
2024-09-20 10:35:03.347000,422.4510178362788,998
2024-09-20 10:35:03.358000,422.4264030069836,8
2024-09-20 10:35:03.534000,422.48847119848347,11
2024-09-20 10:35:03.548000,422.4875451745232,11
2024-09-20 10:35:03.585000,422.49212278977785,997
2024-09-20 10:35:03.625000,422.4477920596062,996
2024-09-20 10:35:03.660000,422.48047608522,1003
2024-09-20 10:35:03.729000,422.4497998749159,999
2024-09-20 10:35:03.894000,422.47284973909615,10
2024-09-20 10:35:03.901000,422.4539452188161,14
2024-09-20 10:35:03.911000,422.4215121019128,6
2024-09-20 10:35:03.965000,422.4777238409592,100
2024-09-20 10:35:04.046000,422.4598639461492,10
2024-09-20 10:35:04.059000,422.48061288529567,1002
2024-09-20 10:35:04.094000,422.5178058007021,95
2024-09-20 10:35:04.100000,422.4889536279848,7
2024-09-20 10:35:04.136000,422.4814073720644,14
2024-09-20 10:35:04.150000,422.4823158181568,96
2024-09-20 10:35:04.162000,422.4500580698577,998
2024-09-20 10:35:04.199000,422.4485948673079,13
2024-09-20 10:35:04.201000,422.43256507870063,995
2024-09-20 10:35:04.255000,422.48209345844754,8
2024-09-20 10:35:04.268000,422.40392291117575,99
2024-09-20 10:35:04.273000,422.40979359336114,12
2024-09-20 10:35:04.368000,422.5132277129537,7
2024-09-20 10:35:04.376000,422.4186853322076,1000
2024-09-20 10:35:04.399000,422.4671234592852,105
2024-09-20 10:35:04.416000,422.4012018244957,14
2024-09-20 10:35:04.437000,422.5028438378483,6
2024-09-20 10:35:04.463000,422.4798202282177,1005
2024-09-20 10:35:04.472000,422.4516429091411,97
2024-09-20 10:35:04.489000,422.45942178641616,1000
2024-09-20 10:35:04.542000,422.4749868107697,100
2024-09-20 10:35:04.587000,422.4602622329536,1002
2024-09-20 10:35:04.656000,422.5006792442893,96
2024-09-20 10:35:04.746000,422.5133963083208,12
2024-09-20 10:35:04.844000,422.4699926453879,9
2024-09-20 10:35:04.921000,422.4733468770637,105
2024-09-20 10:35:04.934000,422.5298325491757,10
2024-09-20 10:35:04.977000,422.4137239216217,8
2024-09-20 10:35:05.204000,422.41546861122856,12
2024-09-20 10:35:05.207000,422.4108076893429,14
2024-09-20 10:35:05.605000,422.4357620690722,1004
2024-09-20 10:35:05.782000,422.40066828572265,96
2024-09-20 10:35:05.848000,422.44061545493736,1000
2024-09-20 10:35:06.011000,422.44080896395167,105
2024-09-20 10:35:06.026000,422.44604218686777,6
2024-09-20 10:35:06.096000,422.4399472491844,9
2024-09-20 10:35:06.154000,422.4456528211372,1000
2024-09-20 10:35:06.249000,422.458888089846,1002
2024-09-20 10:35:06.264000,422.4435055473041,10
2024-09-20 10:35:06.280000,422.49137511973385,1003
2024-09-20 10:35:06.357000,422.4774045191306,12
2024-09-20 10:35:06.382000,422.4332619657032,11
2024-09-20 10:35:06.776000,422.4305640970869,1004
2024-09-20 10:35:06.814000,422.42981828489206,11
2024-09-20 10:35:06.826000,422.4808373653233,997
2024-09-20 10:35:06.967000,422.4447907178655,99
2024-09-20 10:35:07.065000,422.4737791785548,105
2024-09-20 10:35:07.082000,422.4711004244243,102
2024-09-20 10:35:07.089000,422.5009201721948,100
2024-09-20 10:35:07.091000,422.4986949590719,998
2024-09-20 10:35:07.203000,422.5069830875749,95
2024-09-20 10:35:07.212000,422.4505300958319,12
2024-09-20 10:35:07.243000,422.4559071458383,1001
2024-09-20 10:35:07.288000,422.468001650792,10
2024-09-20 10:35:07.299000,422.4747898418592,995
2024-09-20 10:35:07.319000,422.3792299718002,7
2024-09-20 10:35:07.471000,422.4912108110755,105
2024-09-20 10:35:07.568000,422.3905812501164,9
2024-09-20 10:35:07.578000,422.4806895779143,999
2024-09-20 10:35:07.580000,422.4293108299283,100
2024-09-20 10:35:07.587000,422.3962572254268,8
2024-09-20 10:35:07.612000,422.4711878613733,105
2024-09-20 10:35:07.613000,422.5048829668255,105
2024-09-20 10:35:07.684000,422.4844197191836,104
2024-09-20 10:35:07.741000,422.495089620973,1005
2024-09-20 10:35:07.769000,422.4837363366552,12
2024-09-20 10:35:07.860000,422.484082956913,996
2024-09-20 10:35:07.872000,422.426374281692,98
2024-09-20 10:35:07.886000,422.4519681103615,98
2024-09-20 10:35:07.929000,422.3814587206237,95
2024-09-20 10:35:07.950000,422.40040537623423,95
2024-09-20 10:35:07.965000,422.4721824943909,100
2024-09-20 10:35:08.057000,422.3647598635933,9
2024-09-20 10:35:08.130000,422.4020876768032,6
2024-09-20 10:35:08.142000,422.37834042824267,100
2024-09-20 10:35:08.157000,422.312340609249,999
2024-09-20 10:35:08.159000,422.4030047379875,102
2024-09-20 10:35:08.168000,422.35870470927006,6
2024-09-20 10:35:08.216000,422.364294368541,8
2024-09-20 10:35:08.221000,422.2969529836189,103
2024-09-20 10:35:08.237000,422.3721817859833,97
2024-09-20 10:35:08.355000,422.3117537683004,12
2024-09-20 10:35:08.438000,422.2932740684456,998
2024-09-20 10:35:08.454000,422.3928438507422,14
2024-09-20 10:35:08.457000,422.4188993429176,999
2024-09-20 10:35:08.518000,422.3821444174532,103
2024-09-20 10:35:08.538000,422.34975257262414,97
2024-09-20 10:35:08.589000,422.39740120011095,12
2024-09-20 10:35:08.599000,422.33696267717113,12
2024-09-20 10:35:08.604000,422.3661019059157,5
2024-09-20 10:35:08.635000,422.4072564505344,1003
2024-09-20 10:35:08.702000,422.3800921499935,99
2024-09-20 10:35:08.863000,422.4233861262648,96
2024-09-20 10:35:08.883000,422.2974125218699,98
2024-09-20 10:35:08.941000,422.3209905830155,98
2024-09-20 10:35:08.958000,422.3032567145511,999
2024-09-20 10:35:09.057000,422.2781891013765,13
2024-09-20 10:35:09.090000,422.3080892538031,99
2024-09-20 10:35:09.204000,422.24997585895926,1003
2024-09-20 10:35:09.274000,422.2731496420349,995
2024-09-20 10:35:09.279000,422.293090547532,98
2024-09-20 10:35:09.301000,422.2577979736489,14
2024-09-20 10:35:09.387000,422.30438089156814,1004
2024-09-20 10:35:09.388000,422.32310465546607,997
2024-09-20 10:35:09.427000,422.284617087991,11
2024-09-20 10:35:09.471000,422.27271764922745,5
2024-09-20 10:35:09.556000,422.3015951024296,7
2024-09-20 10:35:09.619000,422.284276836374,1000
2024-09-20 10:35:09.647000,422.2796902154498,96
2024-09-20 10:35:09.704000,422.28162890062754,105
2024-09-20 10:35:09.737000,422.3079723871325,1001
2024-09-20 10:35:09.785000,422.3009176941461,997
2024-09-20 10:35:09.804000,422.29892121428026,1005
2024-09-20 10:35:09.837000,422.296030099933,996
2024-09-20 10:35:09.907000,422.2649874674405,1002
2024-09-20 10:35:09.952000,422.2810497233806,1000
2024-09-20 10:35:09.956000,422.2670422528132,6
2024-09-20 10:35:09.963000,422.2734924260857,8
2024-09-20 10:35:09.986000,422.3011167815327,997
2024-09-20 10:35:10.117000,422.26224187910697,14
2024-09-20 10:35:10.515000,422.28395879904224,103
2024-09-20 10:35:10.576000,422.2707828889602,15
2024-09-20 10:35:10.751000,422.2570743107812,12
2024-09-20 10:35:11.009000,422.285627632886,995
2024-09-20 10:35:11.132000,422.278300801713,100
2024-09-20 10:35:11.164000,422.3156562722682,8
2024-09-20 10:35:11.182000,422.2686658710344,96
2024-09-20 10:35:11.243000,422.2921971412337,6
2024-09-20 10:35:11.252000,422.30730005906895,100
2024-09-20 10:35:11.258000,422.3031845894684,11
2024-09-20 10:35:11.279000,422.2610297087304,999
2024-09-20 10:35:11.298000,422.29605795880025,99
2024-09-20 10:35:11.354000,422.279771884668,12
2024-09-20 10:35:11.386000,422.2685537295524,103
2024-09-20 10:35:11.456000,422.27641270412266,102
2024-09-20 10:35:11.472000,422.26934002671896,1000
2024-09-20 10:35:11.501000,422.3140037065001,8
2024-09-20 10:35:11.554000,422.2820368192929,95
2024-09-20 10:35:11.584000,422.2974003262886,8
2024-09-20 10:35:11.610000,422.3034610999894,1004
2024-09-20 10:35:11.636000,422.3052760480159,999
2024-09-20 10:35:11.733000,422.30031600476383,104
2024-09-20 10:35:11.808000,422.272192783361,13
2024-09-20 10:35:11.822000,422.3132830032253,11
2024-09-20 10:35:11.913000,422.2774884054905,14
2024-09-20 10:35:11.948000,422.2700940471869,14
2024-09-20 10:35:11.956000,422.2807812928531,1004
2024-09-20 10:35:11.983000,422.2937548296625,101
2024-09-20 10:35:12.060000,422.29026765873215,102
2024-09-20 10:35:12.092000,422.3194481980072,998
2024-09-20 10:35:12.147000,422.2542550987631,105
2024-09-20 10:35:12.202000,422.28600520813615,999
2024-09-20 10:35:12.211000,422.27220145678535,1002
2024-09-20 10:35:12.251000,422.33764265264114,102
2024-09-20 10:35:12.348000,422.2448406741864,11
2024-09-20 10:35:12.405000,422.2546326362327,1002
2024-09-20 10:35:12.410000,422.27430209242846,7
2024-09-20 10:35:12.446000,422.26495766620496,103
2024-09-20 10:35:12.723000,422.2944771300888,1005
2024-09-20 10:35:12.800000,422.2668524246627,1003
2024-09-20 10:35:12.815000,422.2886772048515,10
2024-09-20 10:35:12.826000,422.296910494985,1005
2024-09-20 10:35:12.828000,422.2766994040943,105
2024-09-20 10:35:12.836000,422.33401731051526,11
2024-09-20 10:35:12.885000,422.28530863172114,101
2024-09-20 10:35:12.978000,422.27336689991455,12
2024-09-20 10:35:13.142000,422.3238455322661,998
2024-09-20 10:35:13.166000,422.34841985159306,96
2024-09-20 10:35:13.221000,422.3377550252631,97
2024-09-20 10:35:13.236000,422.3258257966717,8
2024-09-20 10:35:13.327000,422.2960538494993,5
2024-09-20 10:35:13.352000,422.3232738056494,996
2024-09-20 10:35:13.385000,422.3771605727271,101
2024-09-20 10:35:13.413000,422.3451373718121,103
2024-09-20 10:35:13.495000,422.36492903874944,104
2024-09-20 10:35:13.508000,422.33681575259305,1001
2024-09-20 10:35:13.533000,422.3061388834696,9
2024-09-20 10:35:13.548000,422.2963492323503,995
2024-09-20 10:35:13.567000,422.3276659021385,997
2024-09-20 10:35:13.589000,422.3167078272411,97
2024-09-20 10:35:13.590000,422.33371381233457,103
2024-09-20 10:35:13.642000,422.3177501568006,100
2024-09-20 10:35:13.696000,422.3189770059837,997
2024-09-20 10:35:13.763000,422.30902915888674,998
2024-09-20 10:35:13.972000,422.34082596245145,103
2024-09-20 10:35:14.022000,422.41633893279777,95
2024-09-20 10:35:14.030000,422.35769449317854,12
2024-09-20 10:35:14.079000,422.3771961435562,103
2024-09-20 10:35:14.087000,422.4103825282521,1003
2024-09-20 10:35:14.104000,422.3443658501524,99
2024-09-20 10:35:14.121000,422.3246783352936,1005
2024-09-20 10:35:14.121000,422.370490690788,1001
2024-09-20 10:35:14.130000,422.3747973912354,105
2024-09-20 10:35:14.136000,422.392606551065,101
2024-09-20 10:35:14.138000,422.352740759861,6
2024-09-20 10:35:14.141000,422.37398929486966,98
2024-09-20 10:35:14.212000,422.3688651166973,100
2024-09-20 10:35:14.234000,422.3486836454751,1000
2024-09-20 10:35:14.237000,422.369704421334,1003
2024-09-20 10:35:14.337000,422.3451627895101,10
2024-09-20 10:35:14.356000,422.3548636685904,12
2024-09-20 10:35:14.466000,422.37808063748895,104
2024-09-20 10:35:14.517000,422.3710099019232,12
2024-09-20 10:35:14.547000,422.3776715654019,104
2024-09-20 10:35:14.601000,422.3483544755493,1003
2024-09-20 10:35:14.724000,422.3678090037108,1005
2024-09-20 10:35:14.735000,422.35334895255374,1004
2024-09-20 10:35:14.775000,422.3589740201522,1005
2024-09-20 10:35:14.783000,422.3542685818509,14
2024-09-20 10:35:14.846000,422.3764361628399,9
2024-09-20 10:35:14.906000,422.3956602962112,10
2024-09-20 10:35:14.917000,422.3711181911895,998
2024-09-20 10:35:14.942000,422.3326129856831,105
2024-09-20 10:35:14.977000,422.39050161061846,996
2024-09-20 10:35:15.044000,422.3165121822461,9
2024-09-20 10:35:15.060000,422.3426720305988,10
2024-09-20 10:35:15.164000,422.34727635267575,7
2024-09-20 10:35:15.180000,422.3520147829103,999
2024-09-20 10:35:15.230000,422.2792264651241,7
2024-09-20 10:35:15.231000,422.3768651904438,99
2024-09-20 10:35:15.263000,422.3512089411013,96
2024-09-20 10:35:15.268000,422.38765144672647,11
2024-09-20 10:35:15.404000,422.2527747266192,15
2024-09-20 10:35:15.425000,422.2970529506353,11
2024-09-20 10:35:15.579000,422.3761993810307,999
2024-09-20 10:35:15.590000,422.271027292142,13
2024-09-20 10:35:15.707000,422.3353035680741,996
2024-09-20 10:35:15.826000,422.2942282669002,104
2024-09-20 10:35:15.865000,422.3114738248582,12
2024-09-20 10:35:15.890000,422.3830571973456,1000
2024-09-20 10:35:15.960000,422.38196441992346,96
2024-09-20 10:35:16.062000,422.2629501294496,998
2024-09-20 10:35:16.064000,422.2909712083616,11
2024-09-20 10:35:16.160000,422.2456270248251,100
2024-09-20 10:35:16.180000,422.2645929168117,95
2024-09-20 10:35:16.225000,422.2427123996808,13
2024-09-20 10:35:16.267000,422.2675894586088,5
2024-09-20 10:35:16.404000,422.2743280332722,11
2024-09-20 10:35:16.415000,422.2889486893235,997
2024-09-20 10:35:16.457000,422.24861854420544,99
2024-09-20 10:35:16.539000,422.2442530318316,97
2024-09-20 10:35:16.713000,422.2985387231589,7
2024-09-20 10:35:16.764000,422.2602263419,14
2024-09-20 10:35:16.923000,422.29952596629926,995
2024-09-20 10:35:16.948000,422.2602242636562,95
2024-09-20 10:35:17.025000,422.3225365147956,96
2024-09-20 10:35:17.065000,422.3546694823586,996
2024-09-20 10:35:17.300000,422.3228176584407,1002
2024-09-20 10:35:17.309000,422.3971366630068,6
2024-09-20 10:35:17.360000,422.3040850783261,100
2024-09-20 10:35:17.537000,422.3756911813073,996
2024-09-20 10:35:17.572000,422.3649324955014,97
2024-09-20 10:35:17.671000,422.3305660294752,7
2024-09-20 10:35:17.691000,422.3615331775112,98
2024-09-20 10:35:17.722000,422.3287261622377,9
2024-09-20 10:35:17.753000,422.3741872596379,7
2024-09-20 10:35:17.782000,422.3595514337656,998
2024-09-20 10:35:17.856000,422.3816869473216,102
2024-09-20 10:35:17.869000,422.3904805791589,99
2024-09-20 10:35:17.939000,422.3445199822589,104
2024-09-20 10:35:17.982000,422.336544472412,999
2024-09-20 10:35:18.063000,422.4462688102328,102
2024-09-20 10:35:18.108000,422.369910493022,104
2024-09-20 10:35:18.121000,422.3972408381188,14
2024-09-20 10:35:18.182000,422.4665680694316,1005
2024-09-20 10:35:18.198000,422.3983554708692,14
2024-09-20 10:35:18.266000,422.3987585679048,15
2024-09-20 10:35:18.287000,422.3946565060451,7
2024-09-20 10:35:18.322000,422.46414103214767,10
2024-09-20 10:35:18.341000,422.3945289326262,95
2024-09-20 10:35:18.374000,422.4121654555259,95
2024-09-20 10:35:18.380000,422.3923968865994,1002
2024-09-20 10:35:18.459000,422.4659154837739,5
2024-09-20 10:35:18.536000,422.391640028546,10
2024-09-20 10:35:18.546000,422.4818473665897,14
2024-09-20 10:35:18.576000,422.4175998144466,101
2024-09-20 10:35:18.588000,422.3868478291175,10
2024-09-20 10:35:18.599000,422.4073844478506,11
2024-09-20 10:35:18.602000,422.4153067157077,98
2024-09-20 10:35:18.602000,422.4451976502767,7
2024-09-20 10:35:18.635000,422.4133873157329,96
2024-09-20 10:35:18.672000,422.4432200672095,103
2024-09-20 10:35:18.683000,422.3850089492889,998
2024-09-20 10:35:18.734000,422.38621133263854,101
2024-09-20 10:35:18.778000,422.3961967325395,96
2024-09-20 10:35:18.782000,422.4101788504571,1003
2024-09-20 10:35:18.910000,422.4181556538988,7
2024-09-20 10:35:18.927000,422.4017023541693,7
2024-09-20 10:35:18.983000,422.4391211686406,1002
2024-09-20 10:35:19.004000,422.4699539039236,99
2024-09-20 10:35:19.015000,422.4329982728008,12
2024-09-20 10:35:19.026000,422.460737996947,5
2024-09-20 10:35:19.073000,422.427213319188,12
2024-09-20 10:35:19.349000,422.4339310802373,1004
2024-09-20 10:35:19.470000,422.4679328618328,15
2024-09-20 10:35:19.531000,422.4417382584626,6
2024-09-20 10:35:19.565000,422.4191819094713,104
2024-09-20 10:35:19.977000,422.4393287135026,10
2024-09-20 10:35:20.062000,422.4821461117101,5
2024-09-20 10:35:20.077000,422.4378546096655,999
2024-09-20 10:35:20.135000,422.46281103048193,1005
2024-09-20 10:35:20.273000,422.4891444125862,14
2024-09-20 10:35:20.323000,422.45733309499263,10
2024-09-20 10:35:20.330000,422.4862780655959,105
2024-09-20 10:35:20.337000,422.4342786190233,95
2024-09-20 10:35:20.379000,422.4751194024778,1001
2024-09-20 10:35:20.392000,422.5095772090422,8
2024-09-20 10:35:20.459000,422.4892228932656,100
2024-09-20 10:35:20.479000,422.46704134546576,100
2024-09-20 10:35:20.519000,422.4647745282693,99
2024-09-20 10:35:20.522000,422.47583872925935,96
2024-09-20 10:35:20.567000,422.4933375924589,101
2024-09-20 10:35:20.718000,422.4926789070292,7
2024-09-20 10:35:20.734000,422.5117561971806,1002
2024-09-20 10:35:20.751000,422.48666427338566,12
2024-09-20 10:35:20.753000,422.436531423298,13
2024-09-20 10:35:20.841000,422.4863188355704,7
2024-09-20 10:35:20.870000,422.5061230326568,999
2024-09-20 10:35:20.921000,422.49426809368265,104
2024-09-20 10:35:20.922000,422.48559738681854,6
2024-09-20 10:35:20.956000,422.4605397386099,999
2024-09-20 10:35:20.976000,422.4825693494544,10
2024-09-20 10:35:21.281000,422.4556259334702,95
2024-09-20 10:35:21.416000,422.44247579690057,1001
2024-09-20 10:35:21.452000,422.4598697652027,96
2024-09-20 10:35:21.496000,422.45324472726736,1004
2024-09-20 10:35:21.580000,422.4529250768388,1005
2024-09-20 10:35:21.621000,422.4555605614256,8
2024-09-20 10:35:21.714000,422.4593351849834,997
2024-09-20 10:35:21.861000,422.4633883097064,999
2024-09-20 10:35:21.888000,422.4440987828369,96
2024-09-20 10:35:21.986000,422.4597585962519,103
2024-09-20 10:35:22.048000,422.40731370297175,996
2024-09-20 10:35:22.055000,422.4336554691253,6
2024-09-20 10:35:22.058000,422.3800900838351,14
2024-09-20 10:35:22.075000,422.4039756684752,14
2024-09-20 10:35:22.127000,422.4388094616603,6
2024-09-20 10:35:22.181000,422.4398591673839,13
2024-09-20 10:35:22.189000,422.3899913602913,95
2024-09-20 10:35:22.227000,422.44141608770553,101
2024-09-20 10:35:22.281000,422.44598885264617,1002
2024-09-20 10:35:22.294000,422.3712426801567,101
2024-09-20 10:35:22.353000,422.4310257247595,15
2024-09-20 10:35:22.380000,422.46199601487626,95
2024-09-20 10:35:22.521000,422.4483808547844,96
2024-09-20 10:35:22.581000,422.39731230708446,998
2024-09-20 10:35:22.688000,422.452308680716,13
2024-09-20 10:35:22.758000,422.46524695027233,7
2024-09-20 10:35:22.885000,422.42084317739193,9
2024-09-20 10:35:22.924000,422.3996910861888,6
2024-09-20 10:35:23.003000,422.3692423141694,996
2024-09-20 10:35:23.013000,422.3983272212385,996
2024-09-20 10:35:23.022000,422.3648633424003,13
2024-09-20 10:35:23.097000,422.4085156391757,8
2024-09-20 10:35:23.130000,422.4023592742475,999
2024-09-20 10:35:23.170000,422.4230580756525,12
2024-09-20 10:35:23.182000,422.4089408771468,10
2024-09-20 10:35:23.246000,422.4190568069157,11
2024-09-20 10:35:23.285000,422.4075965640416,98
2024-09-20 10:35:23.333000,422.4011141225728,105
2024-09-20 10:35:23.337000,422.3825356581163,102
2024-09-20 10:35:23.388000,422.4192861027916,9
2024-09-20 10:35:23.429000,422.4118979146039,101
2024-09-20 10:35:23.575000,422.4219266447699,102
2024-09-20 10:35:23.614000,422.41476517449007,12
2024-09-20 10:35:23.640000,422.3951305617804,995
2024-09-20 10:35:23.685000,422.40710085684543,997
2024-09-20 10:35:23.739000,422.3753479102916,14
2024-09-20 10:35:23.778000,422.4163002981478,996
2024-09-20 10:35:23.852000,422.4160625800647,6
2024-09-20 10:35:23.934000,422.3983958716568,100
2024-09-20 10:35:23.976000,422.3814261073514,1004
2024-09-20 10:35:24.007000,422.3583809904309,12
2024-09-20 10:35:24.083000,422.3697222145607,95
2024-09-20 10:35:24.108000,422.3725057029055,11
2024-09-20 10:35:24.127000,422.3808458917141,1000
2024-09-20 10:35:24.175000,422.3582212078803,1000
2024-09-20 10:35:24.177000,422.3560401411896,1005
2024-09-20 10:35:24.189000,422.3514992158883,9
2024-09-20 10:35:24.210000,422.4047236784061,96
2024-09-20 10:35:24.354000,422.4003417741022,996
2024-09-20 10:35:24.360000,422.35905760125627,1005
2024-09-20 10:35:24.493000,422.4051914762969,1003
2024-09-20 10:35:24.560000,422.3610118981535,13
2024-09-20 10:35:24.608000,422.3955775970704,7
2024-09-20 10:35:24.643000,422.3955451249709,9
2024-09-20 10:35:24.718000,422.366869953681,13
2024-09-20 10:35:24.733000,422.3607772575179,102
2024-09-20 10:35:24.831000,422.3650077396023,99
2024-09-20 10:35:24.836000,422.3766546794478,104
2024-09-20 10:35:24.907000,422.3794490926725,14
2024-09-20 10:35:24.992000,422.4100667209144,101
2024-09-20 10:35:25.080000,422.3719135217713,999
2024-09-20 10:35:25.202000,422.40243565560434,996
2024-09-20 10:35:25.388000,422.41668225427753,13
2024-09-20 10:35:25.429000,422.4115681002102,998
2024-09-20 10:35:25.440000,422.3619404485101,9
2024-09-20 10:35:25.452000,422.4068590501252,13
2024-09-20 10:35:25.498000,422.37033659012303,5
2024-09-20 10:35:25.499000,422.403521939546,105
2024-09-20 10:35:25.554000,422.4056885967926,1001
2024-09-20 10:35:25.603000,422.4167964876193,5
2024-09-20 10:35:25.631000,422.3580328268153,102
2024-09-20 10:35:25.728000,422.3987094989311,99
2024-09-20 10:35:25.744000,422.3948295403241,996
2024-09-20 10:35:25.987000,422.3791104963192,104
2024-09-20 10:35:26.021000,422.3424136602154,104
2024-09-20 10:35:26.050000,422.32828414972346,11
2024-09-20 10:35:26.102000,422.3294324214462,98
2024-09-20 10:35:26.112000,422.3202178932143,15
2024-09-20 10:35:26.174000,422.3547885546477,10
2024-09-20 10:35:26.199000,422.3582609441216,101
2024-09-20 10:35:26.299000,422.37622047311527,997
2024-09-20 10:35:26.389000,422.3312194193603,1003
2024-09-20 10:35:26.436000,422.3753335735185,100
2024-09-20 10:35:26.487000,422.3681445118712,998
2024-09-20 10:35:26.605000,422.36869883159966,99
2024-09-20 10:35:26.672000,422.35933842568056,1004
2024-09-20 10:35:26.766000,422.3491250697367,15
2024-09-20 10:35:26.879000,422.3561801529472,999
2024-09-20 10:35:27.095000,422.3621311865367,9
2024-09-20 10:35:27.201000,422.3337080610242,8
2024-09-20 10:35:27.250000,422.3505840299292,996
2024-09-20 10:35:27.351000,422.31062241262856,7
2024-09-20 10:35:27.428000,422.31625611012544,13
2024-09-20 10:35:27.538000,422.33685917869656,99
2024-09-20 10:35:27.656000,422.3205437769206,103
2024-09-20 10:35:27.716000,422.3560347486374,104
2024-09-20 10:35:27.718000,422.348594175246,11
2024-09-20 10:35:27.864000,422.3735440943785,996
2024-09-20 10:35:28.196000,422.3870815520469,9
2024-09-20 10:35:28.201000,422.3915482495252,101
2024-09-20 10:35:28.376000,422.38188145710456,996
2024-09-20 10:35:28.819000,422.38175973652073,1000
2024-09-20 10:35:29.018000,422.3755230868691,995
2024-09-20 10:35:29.050000,422.35221397888034,1000
2024-09-20 10:35:29.058000,422.3287305089865,10
2024-09-20 10:35:29.090000,422.3577535741501,13
2024-09-20 10:35:29.102000,422.343730130613,11
2024-09-20 10:35:29.114000,422.3539356057869,8
2024-09-20 10:35:29.143000,422.29084366367374,995
2024-09-20 10:35:29.163000,422.3538829168895,101
2024-09-20 10:35:29.230000,422.3588670941144,8
2024-09-20 10:35:29.267000,422.361911230674,997
2024-09-20 10:35:29.275000,422.3151979190545,103
2024-09-20 10:35:29.288000,422.3734511385693,101
2024-09-20 10:35:29.298000,422.36304594564814,101
2024-09-20 10:35:29.373000,422.3677487394472,998
2024-09-20 10:35:29.454000,422.3555987070227,14
2024-09-20 10:35:29.479000,422.3585150260885,1000
2024-09-20 10:35:29.512000,422.36639411097485,95
2024-09-20 10:35:29.537000,422.36570598353,5
2024-09-20 10:35:29.545000,422.3604418209297,104
2024-09-20 10:35:29.573000,422.37298095928537,5
2024-09-20 10:35:29.580000,422.3685061945637,999
2024-09-20 10:35:29.640000,422.3443351188406,1005
2024-09-20 10:35:29.646000,422.3602053575898,104
2024-09-20 10:35:29.866000,422.3109562065925,15
2024-09-20 10:35:29.926000,422.3629507472624,6
2024-09-20 10:35:29.929000,422.3645042986851,10
2024-09-20 10:35:29.969000,422.3625562826617,95
2024-09-20 10:35:29.973000,422.3797497668628,15
2024-09-20 10:35:30.008000,422.261858976163,15
2024-09-20 10:35:30.021000,422.30035034809,998
2024-09-20 10:35:30.048000,422.3275739781742,12
2024-09-20 10:35:30.124000,422.337193253075,97
2024-09-20 10:35:30.141000,422.2675143493898,1003
2024-09-20 10:35:30.145000,422.24988523740143,12
2024-09-20 10:35:30.208000,422.3211218118981,96
2024-09-20 10:35:30.229000,422.3143442504853,98
2024-09-20 10:35:30.294000,422.33214484362446,1004
2024-09-20 10:35:30.314000,422.2968411158464,12
2024-09-20 10:35:30.316000,422.2835470333964,1002
2024-09-20 10:35:30.380000,422.2715088314234,999
2024-09-20 10:35:30.411000,422.2862729990436,99
2024-09-20 10:35:30.434000,422.2701826160354,1003
2024-09-20 10:35:30.472000,422.2555364479336,995
2024-09-20 10:35:30.527000,422.300501338436,5
2024-09-20 10:35:30.552000,422.2921586427224,10
2024-09-20 10:35:30.607000,422.2579072717329,98
2024-09-20 10:35:30.685000,422.2447256654916,996
2024-09-20 10:35:30.703000,422.2623224732265,14
2024-09-20 10:35:30.772000,422.2988943451936,997
2024-09-20 10:35:30.786000,422.34542424975456,1001
2024-09-20 10:35:30.795000,422.30446513324426,11
2024-09-20 10:35:30.882000,422.2661927348687,995
2024-09-20 10:35:30.910000,422.29057667387485,7
2024-09-20 10:35:30.911000,422.26882668331865,10
2024-09-20 10:35:30.989000,422.33687731446537,103
2024-09-20 10:35:31.027000,422.331356977501,98
2024-09-20 10:35:31.035000,422.34984093719225,14
2024-09-20 10:35:31.081000,422.3173665127505,14
2024-09-20 10:35:31.081000,422.3321493589722,100
2024-09-20 10:35:31.093000,422.33591806414114,99
2024-09-20 10:35:31.126000,422.3314866153453,102
2024-09-20 10:35:31.250000,422.3236374545012,96
2024-09-20 10:35:31.292000,422.3307344620665,10
2024-09-20 10:35:31.367000,422.34190500069786,11
2024-09-20 10:35:31.420000,422.3461100803389,1001
2024-09-20 10:35:31.423000,422.3274517418433,101
2024-09-20 10:35:31.619000,422.34945125825175,1001
2024-09-20 10:35:31.685000,422.3400888584165,1000
2024-09-20 10:35:31.778000,422.34080516439553,105
2024-09-20 10:35:31.870000,422.3325702902237,104
2024-09-20 10:35:31.975000,422.34513135481313,99
2024-09-20 10:35:32.006000,422.23921664977615,105
2024-09-20 10:35:32.031000,422.1575550297189,96
2024-09-20 10:35:32.046000,422.11887212288855,104
2024-09-20 10:35:32.074000,422.2131552392749,13
2024-09-20 10:35:32.163000,422.1131269259928,102
2024-09-20 10:35:32.311000,422.2830707300948,1001
2024-09-20 10:35:32.340000,422.14081071210177,14
2024-09-20 10:35:32.458000,422.2975101180844,99
2024-09-20 10:35:32.471000,422.2173280959533,100
2024-09-20 10:35:32.484000,422.2904366689301,995
2024-09-20 10:35:32.635000,422.3083003967538,997
2024-09-20 10:35:32.703000,422.1366924606041,9
2024-09-20 10:35:32.709000,422.26124520932046,105
2024-09-20 10:35:32.751000,422.1594864470285,5
2024-09-20 10:35:32.776000,422.2680843402596,999
2024-09-20 10:35:32.783000,422.134237977888,98
2024-09-20 10:35:32.838000,422.2261429767068,98
2024-09-20 10:35:32.842000,422.2140282190733,103
2024-09-20 10:35:32.871000,422.3084335896921,101
2024-09-20 10:35:32.883000,422.1096985024502,1005
2024-09-20 10:35:32.927000,422.1805599600549,1002
2024-09-20 10:35:32.986000,422.2140867125163,10
2024-09-20 10:35:33.011000,422.067747478266,9
2024-09-20 10:35:33.023000,422.0922846040815,5
2024-09-20 10:35:33.035000,422.07405737686105,1004
2024-09-20 10:35:33.059000,422.1441059019265,1002
2024-09-20 10:35:33.085000,422.0921799878325,8
2024-09-20 10:35:33.137000,422.0707802604787,6
2024-09-20 10:35:33.194000,422.1223955896394,996
2024-09-20 10:35:33.289000,422.0567848436982,12
2024-09-20 10:35:33.309000,422.115028466741,99
2024-09-20 10:35:33.354000,422.0788854092506,12
2024-09-20 10:35:33.390000,422.1124501072939,1001
2024-09-20 10:35:33.445000,422.07067742922993,13
2024-09-20 10:35:33.508000,422.1100233641673,1003
2024-09-20 10:35:33.541000,422.1247228334372,15
2024-09-20 10:35:33.546000,422.0778976022112,12
2024-09-20 10:35:33.557000,422.0747255623339,14
2024-09-20 10:35:33.561000,422.07118733520286,104
2024-09-20 10:35:33.612000,422.0995756010953,10
2024-09-20 10:35:33.667000,422.0941252974857,14
2024-09-20 10:35:33.680000,422.1337175622545,95
2024-09-20 10:35:33.759000,422.0821809198012,102
2024-09-20 10:35:33.773000,422.0670215104513,10
2024-09-20 10:35:33.846000,422.0807208097309,97
2024-09-20 10:35:33.872000,422.1120895314479,101
2024-09-20 10:35:33.900000,422.1196145158903,15
2024-09-20 10:35:33.919000,422.0675724502749,10
2024-09-20 10:35:34,422.069341585966,1003
2024-09-20 10:35:34.040000,422.0617820884809,10
2024-09-20 10:35:34.265000,422.066199765974,5
2024-09-20 10:35:34.391000,422.0451099205833,14
2024-09-20 10:35:34.446000,422.0711637786063,96
2024-09-20 10:35:34.601000,422.0500362268788,100
2024-09-20 10:35:34.605000,422.0456077544502,95
2024-09-20 10:35:34.684000,422.0637552375371,14
2024-09-20 10:35:34.799000,422.0652454320504,95
2024-09-20 10:35:34.867000,422.0561123758184,8
2024-09-20 10:35:34.995000,422.0578016527959,15
2024-09-20 10:35:35.020000,422.0337055268403,99
2024-09-20 10:35:35.062000,421.98666417219823,1002
2024-09-20 10:35:35.085000,422.0320708639565,13
2024-09-20 10:35:35.161000,422.01685522156737,7
2024-09-20 10:35:35.467000,422.0349578377025,997
2024-09-20 10:35:35.563000,422.03338703143146,97
2024-09-20 10:35:35.825000,422.026170982071,10
2024-09-20 10:35:35.863000,422.02117022750576,999
2024-09-20 10:35:35.964000,422.038482009369,95
2024-09-20 10:35:35.994000,422.0209505947337,5
2024-09-20 10:35:36.026000,421.9578509496486,103
2024-09-20 10:35:36.075000,422.0011760245964,12
2024-09-20 10:35:36.132000,421.9681288319948,104
2024-09-20 10:35:36.444000,421.9849892626803,996
2024-09-20 10:35:36.450000,422.01417179516255,14
2024-09-20 10:35:36.482000,421.9980845559562,14
2024-09-20 10:35:36.662000,421.99457128106513,101
2024-09-20 10:35:36.715000,421.99478024462826,105
2024-09-20 10:35:36.952000,421.9945163951296,104
2024-09-20 10:35:37.130000,421.94677974108856,1001
2024-09-20 10:35:37.191000,421.927309030387,99
2024-09-20 10:35:37.353000,421.9469003935251,998
2024-09-20 10:35:37.391000,421.95006010304905,998
2024-09-20 10:35:37.476000,421.9519765845698,13
2024-09-20 10:35:37.544000,421.94505603136366,1000
2024-09-20 10:35:37.565000,421.9441984804381,995
2024-09-20 10:35:37.778000,421.9459718767897,9
2024-09-20 10:35:37.807000,421.9405020156543,14
2024-09-20 10:35:37.839000,421.9529863625583,15
2024-09-20 10:35:37.915000,421.9214808816959,998
2024-09-20 10:35:37.933000,421.9268820207018,9
2024-09-20 10:35:37.936000,421.9361905192208,1004
2024-09-20 10:35:37.947000,421.9361610326695,10
2024-09-20 10:35:38.082000,421.95873007786906,8
2024-09-20 10:35:38.422000,421.958277749537,100
2024-09-20 10:35:38.551000,421.9529556806087,101
2024-09-20 10:35:38.578000,421.9505588467834,12
2024-09-20 10:35:38.772000,421.9250768307508,14
2024-09-20 10:35:38.989000,421.9424041591452,96
2024-09-20 10:35:39.137000,422.0066940718846,1002
2024-09-20 10:35:39.169000,421.9979542303335,13
2024-09-20 10:35:39.188000,421.9884658255789,998
2024-09-20 10:35:39.243000,422.0285851957189,1001
2024-09-20 10:35:39.252000,421.9786226554602,11
2024-09-20 10:35:39.260000,421.99294188554825,995
2024-09-20 10:35:39.288000,422.0146571958941,99
2024-09-20 10:35:39.335000,421.9978322265126,1003
2024-09-20 10:35:39.335000,422.0012800846569,998
2024-09-20 10:35:39.347000,421.9939541244679,96
2024-09-20 10:35:39.397000,422.0125787014223,13
2024-09-20 10:35:39.461000,421.9543192753249,12
2024-09-20 10:35:39.487000,421.9873797551232,10
2024-09-20 10:35:39.521000,421.9879573560094,1005
2024-09-20 10:35:39.542000,422.0138685499873,97
2024-09-20 10:35:39.579000,421.995658988179,7
2024-09-20 10:35:39.584000,421.9964341618763,105
2024-09-20 10:35:39.597000,421.9896848712614,998
2024-09-20 10:35:39.625000,422.0177349419539,105
2024-09-20 10:35:39.638000,422.00280971953066,11
2024-09-20 10:35:39.740000,422.0030899674969,5
2024-09-20 10:35:39.760000,421.9656469585876,998
2024-09-20 10:35:39.808000,421.9896688971924,5
2024-09-20 10:35:39.814000,422.0018860132874,9
2024-09-20 10:35:39.856000,422.0115386708931,99
2024-09-20 10:35:39.872000,421.9999493492989,997
2024-09-20 10:35:39.890000,421.9919932748441,7
2024-09-20 10:35:39.955000,422.0194254856019,1000
2024-09-20 10:35:39.968000,421.9878037284271,5
2024-09-20 10:35:40.031000,422.0145154138419,997
2024-09-20 10:35:40.072000,422.0065834114625,999
2024-09-20 10:35:40.114000,421.997855341732,101
2024-09-20 10:35:40.367000,422.0247895606561,105
2024-09-20 10:35:40.410000,422.0123257681512,12
2024-09-20 10:35:40.503000,422.0281014388502,100
2024-09-20 10:35:40.752000,422.0257140551752,104
2024-09-20 10:35:40.808000,422.0350860816995,11
2024-09-20 10:35:40.881000,422.0120087703297,99
2024-09-20 10:35:40.937000,422.01143416731287,1002
2024-09-20 10:35:41.022000,421.96989357825134,1005
2024-09-20 10:35:41.036000,421.9470761197717,1000
2024-09-20 10:35:41.264000,421.9731044808294,10
2024-09-20 10:35:41.266000,421.98099736111976,995
2024-09-20 10:35:41.401000,421.9510447230177,1000
2024-09-20 10:35:41.416000,421.9679108059776,1005
2024-09-20 10:35:41.426000,421.969459782854,13
2024-09-20 10:35:41.481000,421.9804061278523,1005
2024-09-20 10:35:41.489000,421.9672293094287,9
2024-09-20 10:35:41.494000,421.9710218758924,15
2024-09-20 10:35:41.593000,421.988707733282,7
2024-09-20 10:35:41.637000,421.9622158287786,9
2024-09-20 10:35:41.769000,421.9800680356264,96
2024-09-20 10:35:41.800000,421.9580405705666,14
2024-09-20 10:35:41.859000,421.9491677569658,995
2024-09-20 10:35:41.875000,421.9998459286492,996
2024-09-20 10:35:42.001000,421.9512042002589,6
2024-09-20 10:35:42.056000,421.975324463613,15
2024-09-20 10:35:42.103000,421.9796553050175,100
2024-09-20 10:35:42.152000,421.964282593551,15
2024-09-20 10:35:42.266000,421.9924943201645,97
2024-09-20 10:35:42.288000,421.9827542026232,96
2024-09-20 10:35:42.404000,421.94566437735295,101
2024-09-20 10:35:42.407000,421.9563979057127,9
2024-09-20 10:35:42.418000,421.9882915322208,103
2024-09-20 10:35:42.457000,421.96319539638665,105
2024-09-20 10:35:42.463000,421.9894615512521,96
2024-09-20 10:35:42.464000,421.9678105794509,1003
2024-09-20 10:35:42.465000,421.96515714109785,99
2024-09-20 10:35:42.474000,421.953962062012,6
2024-09-20 10:35:42.499000,421.939046978903,12
2024-09-20 10:35:42.601000,421.9522158508464,10
2024-09-20 10:35:42.621000,421.96043944960286,1003
2024-09-20 10:35:42.622000,421.98237915082495,999
2024-09-20 10:35:42.715000,421.9628516698734,9
2024-09-20 10:35:42.782000,421.9598841725364,97
2024-09-20 10:35:42.790000,421.98743768877273,13
2024-09-20 10:35:42.809000,421.97278781983977,102
2024-09-20 10:35:42.902000,421.9543117684594,14
2024-09-20 10:35:42.948000,421.9774825154642,104
2024-09-20 10:35:42.949000,421.9579330713466,9
2024-09-20 10:35:43.106000,421.93170933473215,6
2024-09-20 10:35:43.465000,421.9260748128417,12
2024-09-20 10:35:43.698000,421.91227754364286,96
2024-09-20 10:35:43.854000,421.9449152642412,1002
2024-09-20 10:35:43.886000,421.9417725243726,98
2024-09-20 10:35:44.244000,421.9078788092128,5
2024-09-20 10:35:44.337000,421.8974596801151,100
2024-09-20 10:35:44.345000,421.9011553127002,104
2024-09-20 10:35:44.442000,421.9021753011273,1000
2024-09-20 10:35:44.450000,421.9166646387286,105
2024-09-20 10:35:44.750000,421.9079987863322,95
2024-09-20 10:35:44.902000,421.9044103962121,95
2024-09-20 10:35:44.918000,421.8984397725933,105
2024-09-20 10:35:45.006000,421.9241196950486,14
2024-09-20 10:35:45.042000,421.9297092398048,15
2024-09-20 10:35:45.049000,421.9680849682788,5
2024-09-20 10:35:45.149000,421.987989174347,7
2024-09-20 10:35:45.185000,421.9720844101642,104
2024-09-20 10:35:45.257000,421.93844291174753,995
2024-09-20 10:35:45.328000,421.9829378702517,102
2024-09-20 10:35:45.351000,421.9647323648552,999
2024-09-20 10:35:45.533000,421.9317332743505,1000
2024-09-20 10:35:45.637000,421.9844624968145,5
2024-09-20 10:35:45.681000,421.92475766299344,1005
2024-09-20 10:35:45.834000,421.93837587873816,5
2024-09-20 10:35:45.838000,421.9635178512264,96
2024-09-20 10:35:45.846000,421.97466889104834,998
2024-09-20 10:35:45.970000,421.9671250156326,996
2024-09-20 10:35:46.075000,421.9244422049807,997
2024-09-20 10:35:46.108000,421.924694449297,1001
2024-09-20 10:35:46.249000,421.9470859793514,996
2024-09-20 10:35:46.368000,421.9327996426509,101
2024-09-20 10:35:46.842000,421.9103282390826,996
2024-09-20 10:35:46.966000,421.9231924901484,98
2024-09-20 10:35:46.996000,421.9327179375596,995
2024-09-20 10:35:47.025000,421.9441894613545,103
2024-09-20 10:35:47.132000,421.96367148365925,1001
2024-09-20 10:35:47.198000,421.9313610898037,1004
2024-09-20 10:35:47.219000,421.934511833018,95
2024-09-20 10:35:47.282000,421.9378320030591,13
2024-09-20 10:35:47.296000,421.9453154406344,101
2024-09-20 10:35:47.349000,421.9945583413109,101
2024-09-20 10:35:47.358000,421.9819099091634,14
2024-09-20 10:35:47.359000,421.939532350205,1000
2024-09-20 10:35:47.375000,421.9986650568501,1000
2024-09-20 10:35:47.385000,422.0207890179017,98
2024-09-20 10:35:47.419000,422.0194820728525,1002
2024-09-20 10:35:47.449000,421.9552103391238,11
2024-09-20 10:35:47.527000,422.02622617611655,1003
2024-09-20 10:35:47.536000,421.94675786035737,6
2024-09-20 10:35:47.561000,421.95131952144817,7
2024-09-20 10:35:47.564000,421.92994433977697,998
2024-09-20 10:35:47.593000,422.0073764244222,1002
2024-09-20 10:35:47.647000,421.943904611512,15
2024-09-20 10:35:47.664000,422.0365544850369,12
2024-09-20 10:35:47.705000,421.9382359677624,6
2024-09-20 10:35:47.724000,421.9591820897667,104
2024-09-20 10:35:47.849000,421.92901852708303,1005
2024-09-20 10:35:47.983000,421.94240094904376,5
2024-09-20 10:35:48.053000,422.0379720458543,12
2024-09-20 10:35:48.103000,422.0062842348199,14
2024-09-20 10:35:48.309000,422.0140371588661,1004
2024-09-20 10:35:48.607000,422.0236037701354,13
2024-09-20 10:35:48.788000,422.0437917731919,1004
2024-09-20 10:35:48.805000,422.0430838989071,105
2024-09-20 10:35:48.812000,422.0415051586816,12
2024-09-20 10:35:48.827000,422.0427561543386,5
2024-09-20 10:35:48.913000,422.0314781495073,100
2024-09-20 10:35:48.926000,422.0148294904451,11
2024-09-20 10:35:48.962000,422.0296430717692,13
2024-09-20 10:35:49.041000,422.0321676963888,11
2024-09-20 10:35:49.113000,422.036537384739,8
2024-09-20 10:35:49.172000,422.0369326569008,14
2024-09-20 10:35:49.274000,422.0230056533953,997
2024-09-20 10:35:49.301000,422.05452703013145,14
2024-09-20 10:35:49.364000,422.0653519461678,7
2024-09-20 10:35:49.398000,422.1079071298914,998
2024-09-20 10:35:49.409000,422.0523874453478,101
2024-09-20 10:35:49.490000,422.0458886765399,8
2024-09-20 10:35:49.510000,422.07359249763374,101
2024-09-20 10:35:49.571000,422.0934872854786,10
2024-09-20 10:35:49.607000,422.0485513786242,1002
2024-09-20 10:35:49.814000,422.0712364986743,102
2024-09-20 10:35:49.904000,422.0895450060662,10
2024-09-20 10:35:49.956000,422.0407945832538,105
2024-09-20 10:35:49.964000,422.0759001988383,11
2024-09-20 10:35:49.969000,422.0734996732284,105
2024-09-20 10:35:49.997000,422.05063905280497,1002
2024-09-20 10:35:50.116000,422.22025662262166,1000
2024-09-20 10:35:50.317000,422.1265724693252,10
2024-09-20 10:35:50.334000,422.1099711273315,1000
2024-09-20 10:35:50.355000,422.1452692032764,1002
2024-09-20 10:35:50.365000,422.1193506640562,1001
2024-09-20 10:35:50.370000,422.1152115666228,95
2024-09-20 10:35:50.374000,422.1790967065725,997
2024-09-20 10:35:50.438000,422.1322262957257,99
2024-09-20 10:35:50.513000,422.1194850016816,102
2024-09-20 10:35:50.579000,422.1323558218237,96
2024-09-20 10:35:50.601000,422.18862257204006,7
2024-09-20 10:35:50.673000,422.16373681162514,1002
2024-09-20 10:35:50.715000,422.1442722104379,997
2024-09-20 10:35:50.729000,422.2005138791891,1001
2024-09-20 10:35:50.743000,422.1660705589851,997
2024-09-20 10:35:50.796000,422.1346977204606,103
2024-09-20 10:35:50.804000,422.1626149508687,13
2024-09-20 10:35:50.823000,422.1864065068642,1003
2024-09-20 10:35:50.838000,422.1712784500846,1004
2024-09-20 10:35:50.888000,422.1317601975665,998
2024-09-20 10:35:50.949000,422.2213438510369,103
2024-09-20 10:35:50.959000,422.1308332076373,103
2024-09-20 10:35:51.023000,422.2744148514638,96
2024-09-20 10:35:51.041000,422.26574643010576,10
2024-09-20 10:35:51.063000,422.2403183549316,14
2024-09-20 10:35:51.183000,422.25920635046015,1002
2024-09-20 10:35:51.334000,422.2009448000825,96
2024-09-20 10:35:51.640000,422.2326288555043,8
2024-09-20 10:35:51.644000,422.2555735955508,1001
2024-09-20 10:35:51.700000,422.2565038305289,11
2024-09-20 10:35:51.741000,422.2220296983165,10
2024-09-20 10:35:51.801000,422.2543659380162,98
2024-09-20 10:35:51.815000,422.2693301333914,996
2024-09-20 10:35:51.907000,422.214627429792,98
2024-09-20 10:35:51.914000,422.2528162945206,100
2024-09-20 10:35:52.093000,422.2710837995673,98
2024-09-20 10:35:52.903000,422.268463620638,98
2024-09-20 10:35:52.984000,422.2700430702103,6
2024-09-20 10:35:53.050000,422.3501931482709,5
2024-09-20 10:35:53.117000,422.3671557082481,102
2024-09-20 10:35:53.169000,422.3167941293704,105
2024-09-20 10:35:53.186000,422.39060708969424,8
2024-09-20 10:35:53.211000,422.2994247318522,1005
2024-09-20 10:35:53.232000,422.3864007899999,997
2024-09-20 10:35:53.248000,422.39168098722746,1001
2024-09-20 10:35:53.258000,422.376198761191,14
2024-09-20 10:35:53.341000,422.385843679008,100
2024-09-20 10:35:53.373000,422.3020504186554,1003
2024-09-20 10:35:53.471000,422.3918438611814,1001
2024-09-20 10:35:53.502000,422.365754742359,6
2024-09-20 10:35:53.507000,422.3275499359705,12
2024-09-20 10:35:53.525000,422.3858562158897,13
2024-09-20 10:35:53.530000,422.3864598119037,96
2024-09-20 10:35:53.578000,422.3601374972499,997
2024-09-20 10:35:53.650000,422.371104455814,104
2024-09-20 10:35:53.651000,422.2832541526301,100
2024-09-20 10:35:53.663000,422.2971683315103,8
2024-09-20 10:35:53.666000,422.3712580170954,99
2024-09-20 10:35:53.820000,422.3773976248352,13
2024-09-20 10:35:53.875000,422.2937132644674,995
2024-09-20 10:35:53.928000,422.3063818464049,1002
2024-09-20 10:35:53.934000,422.3690849489881,99
2024-09-20 10:35:53.958000,422.3782649802086,999
2024-09-20 10:35:54.018000,422.402434504034,96
2024-09-20 10:35:54.047000,422.40643043479935,9
2024-09-20 10:35:54.075000,422.366541858555,102
2024-09-20 10:35:54.109000,422.4043723780408,10
2024-09-20 10:35:54.233000,422.3902539873649,11
2024-09-20 10:35:54.306000,422.40759875602265,101
2024-09-20 10:35:54.311000,422.3603884052491,96
2024-09-20 10:35:54.372000,422.3641897278782,103
2024-09-20 10:35:54.455000,422.4277329524817,13
2024-09-20 10:35:54.529000,422.4121108487843,10
2024-09-20 10:35:54.537000,422.39794563865314,6
2024-09-20 10:35:54.585000,422.4265278332197,99
2024-09-20 10:35:54.603000,422.40303799741855,102
2024-09-20 10:35:54.607000,422.4278495717312,10
2024-09-20 10:35:54.630000,422.40211540007925,1003
2024-09-20 10:35:54.705000,422.4050258449681,105
2024-09-20 10:35:54.858000,422.3919002539507,1002
2024-09-20 10:35:54.922000,422.40104696113934,99
2024-09-20 10:35:54.946000,422.387884286002,1002
2024-09-20 10:35:55.001000,422.38433557694407,1005
2024-09-20 10:35:55.084000,422.41578753525073,8
2024-09-20 10:35:55.086000,422.4192672339434,15
2024-09-20 10:35:55.105000,422.4166966243099,998
2024-09-20 10:35:55.174000,422.4056323322256,6
2024-09-20 10:35:55.287000,422.3955780749676,1004
2024-09-20 10:35:55.298000,422.3931997413957,9
2024-09-20 10:35:55.304000,422.4126831600981,6
2024-09-20 10:35:55.513000,422.40738484775846,1004
2024-09-20 10:35:55.633000,422.412146353862,102
2024-09-20 10:35:55.658000,422.3915824938789,101
2024-09-20 10:35:55.669000,422.4136589799485,998
2024-09-20 10:35:55.809000,422.40423547560766,104
2024-09-20 10:35:55.819000,422.3909819520763,95
2024-09-20 10:35:55.979000,422.4045906324812,9
2024-09-20 10:35:56.021000,422.4303307114807,1001
2024-09-20 10:35:56.471000,422.4502352115288,1002
2024-09-20 10:35:56.586000,422.4315870838433,999
2024-09-20 10:35:56.614000,422.42163419042606,997
2024-09-20 10:35:56.683000,422.4270423377991,105
2024-09-20 10:35:56.883000,422.4295109704101,105
2024-09-20 10:35:57.036000,422.4618434151833,997
2024-09-20 10:35:57.036000,422.4889080096471,95
2024-09-20 10:35:57.078000,422.4786685290112,1003
2024-09-20 10:35:57.085000,422.5057159751121,997
2024-09-20 10:35:57.114000,422.4790504550917,5
2024-09-20 10:35:57.172000,422.4840692581533,103
2024-09-20 10:35:57.173000,422.5348179856863,14
2024-09-20 10:35:57.196000,422.4576154479558,10
2024-09-20 10:35:57.203000,422.4726723800768,1004
2024-09-20 10:35:57.207000,422.5083403998071,1000
2024-09-20 10:35:57.320000,422.5128605690484,13
2024-09-20 10:35:57.344000,422.46179569806566,995
2024-09-20 10:35:57.402000,422.4694228588488,8
2024-09-20 10:35:57.618000,422.4681955340847,13
2024-09-20 10:35:57.664000,422.4543211038354,996
2024-09-20 10:35:57.715000,422.51639803871126,11
2024-09-20 10:35:57.734000,422.5269023733376,95
2024-09-20 10:35:57.767000,422.4793190849348,5
2024-09-20 10:35:57.774000,422.48082729331446,996
2024-09-20 10:35:57.779000,422.4745650028204,98
2024-09-20 10:35:57.827000,422.5201081779256,6
2024-09-20 10:35:57.884000,422.5017231826926,12
2024-09-20 10:35:57.891000,422.4632624536009,996
2024-09-20 10:35:57.904000,422.4563873006312,1000
2024-09-20 10:35:57.925000,422.4772602090017,1000
2024-09-20 10:35:57.928000,422.47831038079744,998
2024-09-20 10:35:58.058000,422.519498877276,5
2024-09-20 10:35:58.089000,422.5437086284805,997
2024-09-20 10:35:58.104000,422.4782419437549,5
2024-09-20 10:35:58.200000,422.4613833936094,1003
2024-09-20 10:35:58.248000,422.4652487298229,15
2024-09-20 10:35:58.250000,422.53480033547856,999
2024-09-20 10:35:58.270000,422.5338440561667,995
2024-09-20 10:35:58.331000,422.472511909839,9
2024-09-20 10:35:58.339000,422.5357438297951,5
2024-09-20 10:35:58.372000,422.444710229087,96
2024-09-20 10:35:58.437000,422.5383455701504,14
2024-09-20 10:35:58.487000,422.5347667227597,101
2024-09-20 10:35:58.516000,422.4156669457938,14
2024-09-20 10:35:58.565000,422.4840674927165,13
2024-09-20 10:35:58.585000,422.53739381587246,96
2024-09-20 10:35:58.655000,422.5450735689648,998
2024-09-20 10:35:58.704000,422.4887990138874,97
2024-09-20 10:35:58.729000,422.5166624167853,13
2024-09-20 10:35:58.736000,422.4818142802581,995
2024-09-20 10:35:58.743000,422.4388937797804,998
2024-09-20 10:35:58.750000,422.52841653537297,12
2024-09-20 10:35:58.763000,422.55090509718497,95
2024-09-20 10:35:58.785000,422.4740321496123,14
2024-09-20 10:35:58.828000,422.5453533217637,1000
2024-09-20 10:35:58.846000,422.5209054314765,6
2024-09-20 10:35:58.846000,422.43717556131776,104
2024-09-20 10:35:58.904000,422.5250536988255,95
2024-09-20 10:35:58.908000,422.5061078943272,15
2024-09-20 10:35:58.938000,422.4953483380521,8
2024-09-20 10:35:59.100000,422.4803824022558,1003
2024-09-20 10:35:59.212000,422.4803513070117,102
2024-09-20 10:35:59.492000,422.5010844853467,11
2024-09-20 10:35:59.550000,422.46916914237113,1001
2024-09-20 10:35:59.645000,422.4967060227406,15
2024-09-20 10:35:59.684000,422.4767004471829,97
2024-09-20 10:35:59.756000,422.4919385823923,998
2024-09-20 10:35:59.764000,422.5068907864362,997
2024-09-20 10:35:59.819000,422.4663851873674,103
2024-09-20 10:35:59.873000,422.471182272078,101
2024-09-20 10:35:59.905000,422.48562025022727,7
2024-09-20 10:35:59.928000,422.4952532413388,998
