Timestamp,Price,Size
2024-09-20 12:08:00.063000,428.8574803086533,103
2024-09-20 12:08:00.154000,428.8375913617106,995
2024-09-20 12:08:00.167000,428.8500183118167,99
2024-09-20 12:08:00.167000,428.8568232013656,8
2024-09-20 12:08:00.186000,428.8235840479901,1005
2024-09-20 12:08:00.209000,428.83710757611686,103
2024-09-20 12:08:00.334000,428.8392091330704,102
2024-09-20 12:08:00.362000,428.8455371486199,996
2024-09-20 12:08:00.383000,428.8564582184619,996
2024-09-20 12:08:00.396000,428.8370148413507,95
2024-09-20 12:08:00.402000,428.8254712246368,13
2024-09-20 12:08:00.414000,428.83045441012734,998
2024-09-20 12:08:00.462000,428.846672387947,98
2024-09-20 12:08:00.476000,428.8526429748928,9
2024-09-20 12:08:00.481000,428.8551842619365,104
2024-09-20 12:08:00.539000,428.8356637237016,12
2024-09-20 12:08:00.568000,428.8719562125895,105
2024-09-20 12:08:00.613000,428.8512874312056,100
2024-09-20 12:08:00.657000,428.8332827534568,995
2024-09-20 12:08:00.678000,428.8528127381722,8
2024-09-20 12:08:00.682000,428.8544923561457,10
2024-09-20 12:08:00.691000,428.85052938587273,7
2024-09-20 12:08:00.710000,428.8327786467879,1001
2024-09-20 12:08:00.721000,428.8174588380602,6
2024-09-20 12:08:00.767000,428.8293402223324,1002
2024-09-20 12:08:00.784000,428.8395413075565,105
2024-09-20 12:08:00.847000,428.84692047602726,99
2024-09-20 12:08:00.854000,428.83344303943807,1002
2024-09-20 12:08:01.021000,428.85913997790607,996
2024-09-20 12:08:01.160000,428.8973261519411,996
2024-09-20 12:08:01.171000,428.8781528117028,1001
2024-09-20 12:08:01.233000,428.8564079425779,104
2024-09-20 12:08:01.234000,428.8769348462556,102
2024-09-20 12:08:01.326000,428.843976155862,997
2024-09-20 12:08:01.374000,428.88784004695526,13
2024-09-20 12:08:01.377000,428.8442244678534,15
2024-09-20 12:08:01.384000,428.8681035376583,5
2024-09-20 12:08:01.460000,428.8896773578722,97
2024-09-20 12:08:01.543000,428.8752067543304,10
2024-09-20 12:08:01.571000,428.8717796236169,998
2024-09-20 12:08:01.619000,428.87664874428816,9
2024-09-20 12:08:01.728000,428.8462773741009,99
2024-09-20 12:08:01.789000,428.8673767744039,997
2024-09-20 12:08:01.790000,428.86731938378017,103
2024-09-20 12:08:01.809000,428.8013073841915,105
2024-09-20 12:08:01.840000,428.8924902742394,14
2024-09-20 12:08:01.882000,428.87210216548766,103
2024-09-20 12:08:01.889000,428.8753263432373,1002
2024-09-20 12:08:01.946000,428.82156529849465,1005
2024-09-20 12:08:01.952000,428.87330130029727,14
2024-09-20 12:08:01.962000,428.8466344453088,995
2024-09-20 12:08:01.970000,428.8786492883323,98
2024-09-20 12:08:02.231000,428.812678968149,101
2024-09-20 12:08:02.408000,428.8184277687883,98
2024-09-20 12:08:02.896000,428.8095959837179,10
2024-09-20 12:08:03,428.682508748482,1002
2024-09-20 12:08:03.025000,428.6989781737629,1003
2024-09-20 12:08:03.149000,428.6627805717386,99
2024-09-20 12:08:03.208000,428.7871782890472,12
2024-09-20 12:08:03.223000,428.7441432408888,5
2024-09-20 12:08:03.271000,428.7757179966802,998
2024-09-20 12:08:03.271000,428.7218886147128,6
2024-09-20 12:08:03.368000,428.8077997086366,12
2024-09-20 12:08:03.430000,428.6799783816199,995
2024-09-20 12:08:03.447000,428.6944504667303,101
2024-09-20 12:08:03.456000,428.7891199104039,98
2024-09-20 12:08:03.514000,428.6936827083782,1003
2024-09-20 12:08:03.557000,428.6928948349994,97
2024-09-20 12:08:03.563000,428.703714106725,9
2024-09-20 12:08:03.577000,428.8029762886749,1001
2024-09-20 12:08:03.616000,428.662851756221,8
2024-09-20 12:08:03.660000,428.6782009198297,15
2024-09-20 12:08:03.730000,428.7561339622428,104
2024-09-20 12:08:03.737000,428.6700753678421,1001
2024-09-20 12:08:03.749000,428.7046846985085,101
2024-09-20 12:08:03.792000,428.6922664900714,1000
2024-09-20 12:08:03.833000,428.6766858603296,95
2024-09-20 12:08:03.861000,428.69638657891386,998
2024-09-20 12:08:03.871000,428.66545021767234,96
2024-09-20 12:08:03.914000,428.76601276270674,995
2024-09-20 12:08:03.951000,428.69171006255135,95
2024-09-20 12:08:04.038000,428.701879224537,104
2024-09-20 12:08:04.145000,428.6739104923084,1004
2024-09-20 12:08:04.164000,428.6721424552823,14
2024-09-20 12:08:04.307000,428.6538881048588,1003
2024-09-20 12:08:04.377000,428.6881889057466,105
2024-09-20 12:08:04.620000,428.6559848328744,1004
2024-09-20 12:08:04.650000,428.6717504898741,1005
2024-09-20 12:08:04.684000,428.6782796973127,6
2024-09-20 12:08:04.712000,428.700755981908,14
2024-09-20 12:08:04.728000,428.66866192901614,8
2024-09-20 12:08:04.743000,428.67632690906055,998
2024-09-20 12:08:04.788000,428.6786052520253,8
2024-09-20 12:08:04.809000,428.7115205794677,1003
2024-09-20 12:08:04.959000,428.6857974782168,999
2024-09-20 12:08:05.178000,428.6987362428867,998
2024-09-20 12:08:05.913000,428.70289890945145,103
2024-09-20 12:08:05.989000,428.7091693140985,13
2024-09-20 12:08:06.006000,428.702371343157,11
2024-09-20 12:08:06.158000,428.6666306796313,11
2024-09-20 12:08:06.417000,428.6766109680405,97
2024-09-20 12:08:06.453000,428.65252064513385,15
2024-09-20 12:08:06.462000,428.6681338418544,6
2024-09-20 12:08:06.486000,428.6770099127705,1005
2024-09-20 12:08:06.521000,428.6720931947754,1001
2024-09-20 12:08:06.538000,428.6463597325968,15
2024-09-20 12:08:06.591000,428.6672980724077,997
2024-09-20 12:08:06.680000,428.6836591565838,95
2024-09-20 12:08:06.693000,428.6754381918471,9
2024-09-20 12:08:06.873000,428.6696133973394,95
2024-09-20 12:08:06.879000,428.6472688996373,102
2024-09-20 12:08:06.883000,428.66158333940655,12
2024-09-20 12:08:06.889000,428.6542087845565,5
2024-09-20 12:08:06.895000,428.68425979993066,1005
2024-09-20 12:08:06.913000,428.7075865726767,1002
2024-09-20 12:08:06.913000,428.6589796108971,998
2024-09-20 12:08:06.980000,428.63839506054114,1003
2024-09-20 12:08:07.011000,428.6993622641841,15
2024-09-20 12:08:07.047000,428.67001522842014,10
2024-09-20 12:08:07.152000,428.6790010574237,11
2024-09-20 12:08:07.211000,428.6780685783324,8
2024-09-20 12:08:07.432000,428.6948289840064,97
2024-09-20 12:08:07.455000,428.678401145354,6
2024-09-20 12:08:07.504000,428.7015786259281,8
2024-09-20 12:08:07.712000,428.685774007143,97
2024-09-20 12:08:07.856000,428.71214213790296,104
2024-09-20 12:08:07.949000,428.6796304570064,6
2024-09-20 12:08:08.362000,428.650895511636,100
2024-09-20 12:08:08.392000,428.65337582208986,96
2024-09-20 12:08:08.402000,428.62336223933335,15
2024-09-20 12:08:08.636000,428.63518888664686,99
2024-09-20 12:08:08.637000,428.61092779056656,99
2024-09-20 12:08:08.653000,428.6471258156472,10
2024-09-20 12:08:08.737000,428.6484096795501,8
2024-09-20 12:08:08.754000,428.6647531213871,11
2024-09-20 12:08:08.763000,428.6680871983195,997
2024-09-20 12:08:08.965000,428.62350642617776,103
2024-09-20 12:08:09.095000,428.61634752034985,95
2024-09-20 12:08:09.168000,428.5803823552959,14
2024-09-20 12:08:09.221000,428.5708582222192,5
2024-09-20 12:08:09.324000,428.5518181411729,15
2024-09-20 12:08:09.330000,428.6276871468416,8
2024-09-20 12:08:09.432000,428.5805858206316,1000
2024-09-20 12:08:09.528000,428.58407598267,105
2024-09-20 12:08:09.622000,428.573393468261,96
2024-09-20 12:08:09.634000,428.60533460976177,15
2024-09-20 12:08:09.757000,428.5716476414309,98
2024-09-20 12:08:09.856000,428.5839486067002,999
2024-09-20 12:08:09.975000,428.5857106482942,98
2024-09-20 12:08:10.428000,428.6421924951256,14
2024-09-20 12:08:11.201000,428.6230684351809,9
2024-09-20 12:08:11.416000,428.6363373728217,1005
2024-09-20 12:08:11.490000,428.6485298767226,9
2024-09-20 12:08:11.711000,428.6556366917421,995
2024-09-20 12:08:11.811000,428.6366139514068,998
2024-09-20 12:08:11.883000,428.61403072237965,997
2024-09-20 12:08:11.904000,428.6460221330258,1000
2024-09-20 12:08:12.562000,428.6040829511704,5
2024-09-20 12:08:12.589000,428.5867573480989,6
2024-09-20 12:08:12.624000,428.5920800721789,102
2024-09-20 12:08:13.161000,428.58498696142976,11
2024-09-20 12:08:13.171000,428.5894404361857,8
2024-09-20 12:08:13.208000,428.5825892146965,101
2024-09-20 12:08:13.380000,428.5888805312503,9
2024-09-20 12:08:13.614000,428.5894959038661,98
2024-09-20 12:08:13.664000,428.593602255624,1001
2024-09-20 12:08:13.704000,428.59358918129766,6
2024-09-20 12:08:13.944000,428.591931356619,12
2024-09-20 12:08:14.182000,428.5842096624164,6
2024-09-20 12:08:15.009000,428.5755416247,12
2024-09-20 12:08:15.009000,428.5843815706272,15
2024-09-20 12:08:15.048000,428.5443421372021,14
2024-09-20 12:08:15.048000,428.5483441750994,104
2024-09-20 12:08:15.152000,428.58947950535935,95
2024-09-20 12:08:15.195000,428.5234592109587,105
2024-09-20 12:08:15.282000,428.56798907032913,104
2024-09-20 12:08:15.284000,428.5646990977752,11
2024-09-20 12:08:15.291000,428.5591284059895,997
2024-09-20 12:08:15.426000,428.5185206574308,6
2024-09-20 12:08:15.502000,428.5827118966236,1002
2024-09-20 12:08:15.514000,428.5861350945835,999
2024-09-20 12:08:15.573000,428.58121949999565,995
2024-09-20 12:08:15.627000,428.521184888126,105
2024-09-20 12:08:15.643000,428.5301222318177,101
2024-09-20 12:08:15.743000,428.5188972558598,12
2024-09-20 12:08:15.758000,428.5848107744963,8
2024-09-20 12:08:15.794000,428.5801436826391,102
2024-09-20 12:08:15.847000,428.5848350635658,1000
2024-09-20 12:08:15.949000,428.5369505630365,7
2024-09-20 12:08:15.952000,428.535320342767,1005
2024-09-20 12:08:15.959000,428.5678800464306,104
2024-09-20 12:08:16.160000,428.5349526129853,102
2024-09-20 12:08:16.337000,428.539732397507,998
2024-09-20 12:08:16.459000,428.5451266653836,1005
2024-09-20 12:08:16.940000,428.52516532536106,997
2024-09-20 12:08:17.266000,428.5564168777331,1002
2024-09-20 12:08:17.325000,428.5825795718993,7
2024-09-20 12:08:17.595000,428.5372349096888,9
2024-09-20 12:08:17.762000,428.5770894365648,99
2024-09-20 12:08:18.133000,428.63373142112073,1003
2024-09-20 12:08:18.145000,428.6398599763141,1000
2024-09-20 12:08:18.158000,428.649414989092,1004
2024-09-20 12:08:18.189000,428.627841720648,98
2024-09-20 12:08:18.421000,428.7004251728876,8
2024-09-20 12:08:18.424000,428.6860159848083,97
2024-09-20 12:08:18.430000,428.6023102578762,6
2024-09-20 12:08:18.434000,428.6808110057795,6
2024-09-20 12:08:18.561000,428.68772804020887,1004
2024-09-20 12:08:18.575000,428.6845299316777,999
2024-09-20 12:08:18.585000,428.6217201467358,96
2024-09-20 12:08:18.613000,428.648006826285,8
2024-09-20 12:08:18.665000,428.61900942989286,5
2024-09-20 12:08:18.668000,428.6651804052874,1004
2024-09-20 12:08:18.676000,428.6730206023945,105
2024-09-20 12:08:18.699000,428.6537429644047,5
2024-09-20 12:08:18.859000,428.6369744226747,14
2024-09-20 12:08:18.898000,428.6338499639359,1000
2024-09-20 12:08:18.909000,428.6573992964504,105
2024-09-20 12:08:18.959000,428.66631966351696,5
2024-09-20 12:08:18.964000,428.6758506494903,101
2024-09-20 12:08:18.970000,428.67653170572777,96
2024-09-20 12:08:19.004000,428.614096594394,14
2024-09-20 12:08:19.070000,428.6455944517863,996
2024-09-20 12:08:19.086000,428.6166814114228,96
2024-09-20 12:08:19.113000,428.6568622184823,999
2024-09-20 12:08:19.251000,428.6746850271336,1001
2024-09-20 12:08:19.261000,428.6906985629846,998
2024-09-20 12:08:19.268000,428.62327248125536,102
2024-09-20 12:08:19.326000,428.69221211217575,96
2024-09-20 12:08:19.473000,428.6621714210601,95
2024-09-20 12:08:19.490000,428.68873182992553,15
2024-09-20 12:08:19.492000,428.65755630008505,13
2024-09-20 12:08:19.521000,428.6387856532928,1004
2024-09-20 12:08:19.532000,428.6216299294072,997
2024-09-20 12:08:19.552000,428.682829125585,96
2024-09-20 12:08:19.617000,428.671772003246,14
2024-09-20 12:08:19.683000,428.69731427798615,102
2024-09-20 12:08:19.687000,428.7162313378225,11
2024-09-20 12:08:19.689000,428.6383024843075,8
2024-09-20 12:08:19.707000,428.6400401668369,104
2024-09-20 12:08:19.742000,428.6064359425398,102
2024-09-20 12:08:19.784000,428.643883747651,96
2024-09-20 12:08:19.829000,428.68035345006143,6
2024-09-20 12:08:19.861000,428.6556726812801,999
2024-09-20 12:08:19.876000,428.64010305218,8
2024-09-20 12:08:19.879000,428.670489483139,999
2024-09-20 12:08:19.907000,428.6731102714207,100
2024-09-20 12:08:19.917000,428.6457129704502,8
2024-09-20 12:08:19.948000,428.6608145719222,100
2024-09-20 12:08:19.991000,428.64168233461066,15
2024-09-20 12:08:19.995000,428.6458816009522,9
2024-09-20 12:08:20.056000,428.7122661996901,99
2024-09-20 12:08:20.139000,428.7131372764176,97
2024-09-20 12:08:20.505000,428.7174810643562,103
2024-09-20 12:08:21.035000,428.7954991273717,8
2024-09-20 12:08:21.109000,428.7777864001759,15
2024-09-20 12:08:21.117000,428.7828534264047,101
2024-09-20 12:08:21.121000,428.8029581343656,104
2024-09-20 12:08:21.270000,428.7291543960276,998
2024-09-20 12:08:21.303000,428.735338338142,105
2024-09-20 12:08:21.384000,428.7553844133595,102
2024-09-20 12:08:21.403000,428.7329986830555,8
2024-09-20 12:08:21.409000,428.768325560743,1002
2024-09-20 12:08:21.632000,428.7338950159656,1002
2024-09-20 12:08:21.692000,428.769225525042,95
2024-09-20 12:08:21.727000,428.7226225950032,995
2024-09-20 12:08:21.739000,428.76266422637326,95
2024-09-20 12:08:21.768000,428.7114957484689,13
2024-09-20 12:08:21.781000,428.7567026445406,14
2024-09-20 12:08:21.837000,428.7623056074544,998
2024-09-20 12:08:21.865000,428.7569071578044,15
2024-09-20 12:08:21.960000,428.77649151257054,13
2024-09-20 12:08:22.096000,428.7058601167039,100
2024-09-20 12:08:22.159000,428.6985590832406,101
2024-09-20 12:08:22.274000,428.7016620267328,96
2024-09-20 12:08:22.275000,428.7258822041276,100
2024-09-20 12:08:22.477000,428.7143399787635,8
2024-09-20 12:08:22.757000,428.6915336930862,8
2024-09-20 12:08:22.765000,428.68875073153873,100
2024-09-20 12:08:22.918000,428.680662725038,6
2024-09-20 12:08:23.019000,428.6822435080067,14
2024-09-20 12:08:23.074000,428.6149635768346,103
2024-09-20 12:08:23.181000,428.6283541951443,104
2024-09-20 12:08:23.471000,428.65247888595127,999
2024-09-20 12:08:23.657000,428.63889756716975,102
2024-09-20 12:08:23.680000,428.6053920981701,96
2024-09-20 12:08:23.864000,428.6270079380061,14
2024-09-20 12:08:23.944000,428.6246089409725,1003
2024-09-20 12:08:23.993000,428.6179709217975,103
2024-09-20 12:08:23.995000,428.6742880978655,12
2024-09-20 12:08:24.099000,428.61947243174217,1003
2024-09-20 12:08:24.297000,428.61159104853033,8
2024-09-20 12:08:25.415000,428.6069665519077,105
2024-09-20 12:08:25.568000,428.60599819133154,1002
2024-09-20 12:08:25.933000,428.60470176080827,99
2024-09-20 12:08:26.380000,428.6117022390716,995
2024-09-20 12:08:27.020000,428.6437354765162,102
2024-09-20 12:08:27.063000,428.60334762446416,104
2024-09-20 12:08:27.078000,428.6480360980791,8
2024-09-20 12:08:27.094000,428.6543141864733,96
2024-09-20 12:08:27.121000,428.60480915420993,12
2024-09-20 12:08:27.155000,428.6044468490813,104
2024-09-20 12:08:27.227000,428.6146819566866,103
2024-09-20 12:08:27.279000,428.6414149330595,9
2024-09-20 12:08:27.307000,428.61597767803096,998
2024-09-20 12:08:27.344000,428.5952284238752,995
2024-09-20 12:08:27.372000,428.6251867511966,105
2024-09-20 12:08:27.468000,428.61949215214497,100
2024-09-20 12:08:27.560000,428.651595285545,1002
2024-09-20 12:08:27.568000,428.6521936402865,100
2024-09-20 12:08:27.703000,428.6285352661307,9
2024-09-20 12:08:27.743000,428.647228978569,97
2024-09-20 12:08:27.807000,428.6011076974335,998
2024-09-20 12:08:27.821000,428.6485528401774,13
2024-09-20 12:08:27.863000,428.62510916420223,999
2024-09-20 12:08:27.983000,428.6263890975207,6
2024-09-20 12:08:28.062000,428.6798548096335,102
2024-09-20 12:08:28.107000,428.66295990683466,999
2024-09-20 12:08:28.199000,428.64160123803066,15
2024-09-20 12:08:28.243000,428.6605401857216,98
2024-09-20 12:08:28.459000,428.640391824029,104
2024-09-20 12:08:28.526000,428.6653033475505,105
2024-09-20 12:08:28.570000,428.6531757571867,998
2024-09-20 12:08:28.607000,428.6566799251313,99
2024-09-20 12:08:28.654000,428.6505120502234,11
2024-09-20 12:08:28.682000,428.6589077530428,1003
2024-09-20 12:08:28.723000,428.6837244321293,997
2024-09-20 12:08:28.782000,428.66116875269046,10
2024-09-20 12:08:29.041000,428.5949029032377,13
2024-09-20 12:08:29.117000,428.573618481988,14
2024-09-20 12:08:29.119000,428.60711883213776,99
2024-09-20 12:08:29.139000,428.5745071217033,1004
2024-09-20 12:08:29.203000,428.6407952338052,98
2024-09-20 12:08:29.261000,428.66162303137736,104
2024-09-20 12:08:29.307000,428.60109045217297,997
2024-09-20 12:08:29.356000,428.5849611072783,103
2024-09-20 12:08:29.416000,428.6322589586291,104
2024-09-20 12:08:29.436000,428.6479592656772,998
2024-09-20 12:08:29.438000,428.6355001985507,14
2024-09-20 12:08:29.457000,428.6226177924773,10
2024-09-20 12:08:29.478000,428.6354405060517,100
2024-09-20 12:08:29.483000,428.6607833569101,10
2024-09-20 12:08:29.497000,428.63305531262966,1002
2024-09-20 12:08:29.504000,428.573075090187,98
2024-09-20 12:08:29.601000,428.6016802752236,95
2024-09-20 12:08:29.610000,428.6377001601135,997
2024-09-20 12:08:29.648000,428.62633022357744,98
2024-09-20 12:08:29.717000,428.6122605750054,999
2024-09-20 12:08:29.789000,428.6347258540997,11
2024-09-20 12:08:29.799000,428.61483312453566,95
2024-09-20 12:08:29.804000,428.5888245710548,104
2024-09-20 12:08:29.820000,428.582450687907,96
2024-09-20 12:08:29.858000,428.6457176822293,1005
2024-09-20 12:08:29.947000,428.65717706749655,999
2024-09-20 12:08:29.959000,428.6562604481288,102
2024-09-20 12:08:30.029000,428.6491706914797,96
2024-09-20 12:08:30.111000,428.6271349808464,998
2024-09-20 12:08:30.143000,428.59944505420617,997
2024-09-20 12:08:30.146000,428.6638076802277,98
2024-09-20 12:08:30.265000,428.6503802720295,1000
2024-09-20 12:08:30.291000,428.6901426969485,14
2024-09-20 12:08:30.301000,428.63898744945055,95
2024-09-20 12:08:30.309000,428.5833097099946,996
2024-09-20 12:08:30.319000,428.6232815568392,1003
2024-09-20 12:08:30.397000,428.6814290536152,95
2024-09-20 12:08:30.423000,428.616193377111,1002
2024-09-20 12:08:30.436000,428.6212872260876,102
2024-09-20 12:08:30.454000,428.6241027529494,7
2024-09-20 12:08:30.501000,428.6346754521202,99
2024-09-20 12:08:30.514000,428.6588781223044,1005
2024-09-20 12:08:30.548000,428.61786829700577,13
2024-09-20 12:08:30.550000,428.6044881031079,998
2024-09-20 12:08:30.662000,428.6459150822412,97
2024-09-20 12:08:30.692000,428.62345765336346,999
2024-09-20 12:08:30.722000,428.65433669329286,1003
2024-09-20 12:08:30.764000,428.6198483778932,12
2024-09-20 12:08:30.768000,428.67649545446056,999
2024-09-20 12:08:30.792000,428.6315074126593,95
2024-09-20 12:08:30.812000,428.6489287711023,1003
2024-09-20 12:08:30.838000,428.63776051271225,95
2024-09-20 12:08:30.916000,428.6474828955716,103
2024-09-20 12:08:31.076000,428.6293738450708,1000
2024-09-20 12:08:31.134000,428.635274369996,104
2024-09-20 12:08:31.313000,428.62062350980045,97
2024-09-20 12:08:31.359000,428.6692735882096,99
2024-09-20 12:08:31.461000,428.6114815936389,1000
2024-09-20 12:08:31.570000,428.6654772674689,999
2024-09-20 12:08:32.014000,428.6515422686984,1003
2024-09-20 12:08:32.031000,428.6345387713967,1002
2024-09-20 12:08:32.058000,428.6579592248731,1001
2024-09-20 12:08:32.118000,428.6197295130776,7
2024-09-20 12:08:32.136000,428.6431011889244,104
2024-09-20 12:08:32.187000,428.6596245468662,10
2024-09-20 12:08:32.243000,428.6548202322984,105
2024-09-20 12:08:32.247000,428.65764836854186,102
2024-09-20 12:08:32.260000,428.6372139751148,104
2024-09-20 12:08:32.273000,428.6611308316794,1005
2024-09-20 12:08:32.301000,428.6648434258424,104
2024-09-20 12:08:32.413000,428.65692153974175,1002
2024-09-20 12:08:32.429000,428.6335891917826,95
2024-09-20 12:08:32.621000,428.6558084491064,103
2024-09-20 12:08:32.678000,428.62533546982326,13
2024-09-20 12:08:32.681000,428.6527790414384,105
2024-09-20 12:08:32.753000,428.6479279973056,10
2024-09-20 12:08:32.845000,428.60785372019154,1003
2024-09-20 12:08:32.867000,428.6758375700554,13
2024-09-20 12:08:32.869000,428.6361750731504,995
2024-09-20 12:08:32.897000,428.6335530833969,96
2024-09-20 12:08:32.932000,428.6747343171021,96
2024-09-20 12:08:32.963000,428.631263811113,95
2024-09-20 12:08:32.970000,428.6455919033577,1001
2024-09-20 12:08:32.984000,428.665919629157,6
2024-09-20 12:08:33.088000,428.612937985107,97
2024-09-20 12:08:33.104000,428.6016896284455,997
2024-09-20 12:08:33.250000,428.6043672880408,8
2024-09-20 12:08:33.269000,428.6102956469428,104
2024-09-20 12:08:33.327000,428.6131754311382,1005
2024-09-20 12:08:33.349000,428.6124988955776,9
2024-09-20 12:08:33.373000,428.62299856766055,997
2024-09-20 12:08:33.419000,428.6533329259864,99
2024-09-20 12:08:33.512000,428.6638638111386,1001
2024-09-20 12:08:33.525000,428.618509945758,1001
2024-09-20 12:08:33.550000,428.6077822209269,1002
2024-09-20 12:08:33.554000,428.57294849144336,97
2024-09-20 12:08:33.728000,428.5979685971527,998
2024-09-20 12:08:33.751000,428.6409631331816,1001
2024-09-20 12:08:33.758000,428.5976363860907,10
2024-09-20 12:08:33.761000,428.5813307283824,999
2024-09-20 12:08:33.764000,428.6851991118398,5
2024-09-20 12:08:33.790000,428.5864808978928,100
2024-09-20 12:08:33.832000,428.6693047795292,1002
2024-09-20 12:08:33.926000,428.5582045244652,995
2024-09-20 12:08:34.411000,428.5690192141804,14
2024-09-20 12:08:34.413000,428.55182016606193,1000
2024-09-20 12:08:34.415000,428.5496841170103,13
2024-09-20 12:08:34.732000,428.576212420799,105
2024-09-20 12:08:34.735000,428.55741098177015,1001
2024-09-20 12:08:34.838000,428.5761473319891,1004
2024-09-20 12:08:34.999000,428.565551984411,6
2024-09-20 12:08:35.008000,428.5131383682865,1000
2024-09-20 12:08:35.009000,428.50174478772857,104
2024-09-20 12:08:35.009000,428.4802724505499,10
2024-09-20 12:08:35.030000,428.5100126803024,11
2024-09-20 12:08:35.122000,428.5606986447688,997
2024-09-20 12:08:35.143000,428.5018867172889,101
2024-09-20 12:08:35.178000,428.5690505166765,997
2024-09-20 12:08:35.216000,428.5178986016014,99
2024-09-20 12:08:35.296000,428.5198921930944,96
2024-09-20 12:08:35.428000,428.5166874285402,6
2024-09-20 12:08:35.460000,428.5211812840094,102
2024-09-20 12:08:35.501000,428.529403321817,999
2024-09-20 12:08:35.508000,428.5579806085457,101
2024-09-20 12:08:35.518000,428.5502829307665,103
2024-09-20 12:08:35.531000,428.4988433832413,13
2024-09-20 12:08:35.532000,428.5488306147924,1003
2024-09-20 12:08:35.603000,428.512362091131,12
2024-09-20 12:08:35.757000,428.5616896700472,999
2024-09-20 12:08:35.835000,428.5499404526742,1001
2024-09-20 12:08:35.886000,428.5078193621155,6
2024-09-20 12:08:35.984000,428.5591848118548,102
2024-09-20 12:08:35.996000,428.5578511237153,10
2024-09-20 12:08:35.999000,428.5319269764333,5
2024-09-20 12:08:36.055000,428.47040017507874,14
2024-09-20 12:08:36.107000,428.49222554216175,999
2024-09-20 12:08:36.112000,428.4450652082802,8
2024-09-20 12:08:36.222000,428.4278103926525,101
2024-09-20 12:08:36.242000,428.4493469950393,6
2024-09-20 12:08:36.268000,428.4440295457689,1004
2024-09-20 12:08:36.303000,428.4343126353703,13
2024-09-20 12:08:36.322000,428.537315609239,1004
2024-09-20 12:08:36.379000,428.463059704518,101
2024-09-20 12:08:36.422000,428.4521292226451,102
2024-09-20 12:08:36.508000,428.4532473536962,95
2024-09-20 12:08:36.512000,428.45814894205614,100
2024-09-20 12:08:36.532000,428.4365402387819,100
2024-09-20 12:08:36.603000,428.4611736289252,9
2024-09-20 12:08:36.648000,428.462495351778,100
2024-09-20 12:08:36.661000,428.476327237375,98
2024-09-20 12:08:36.661000,428.4227298928338,999
2024-09-20 12:08:36.679000,428.4479562573887,104
2024-09-20 12:08:36.682000,428.4422472938188,104
2024-09-20 12:08:36.711000,428.5024976054027,9
2024-09-20 12:08:36.739000,428.4744091828387,1003
2024-09-20 12:08:36.762000,428.5040296928949,102
2024-09-20 12:08:36.773000,428.4238105681873,13
2024-09-20 12:08:36.856000,428.55664801383847,104
2024-09-20 12:08:36.868000,428.4560765604065,100
2024-09-20 12:08:36.872000,428.44701476512415,1002
2024-09-20 12:08:36.877000,428.4220202655658,11
2024-09-20 12:08:36.975000,428.44104183435786,1003
2024-09-20 12:08:37.088000,428.4262186076527,11
2024-09-20 12:08:37.131000,428.4404753665676,7
2024-09-20 12:08:37.134000,428.4233973139336,95
2024-09-20 12:08:37.139000,428.4518569396647,1003
2024-09-20 12:08:37.140000,428.4260670081943,995
2024-09-20 12:08:37.199000,428.4375182315275,98
2024-09-20 12:08:37.259000,428.4471020148339,101
2024-09-20 12:08:37.345000,428.4233795210953,1003
2024-09-20 12:08:37.503000,428.4237782971583,8
2024-09-20 12:08:37.553000,428.43659776165697,15
2024-09-20 12:08:37.580000,428.44620168420886,98
2024-09-20 12:08:37.610000,428.4279171159494,103
2024-09-20 12:08:37.610000,428.4175390092565,996
2024-09-20 12:08:37.611000,428.4285918565608,13
2024-09-20 12:08:37.639000,428.45364273364265,103
2024-09-20 12:08:37.690000,428.4520338035336,103
2024-09-20 12:08:37.776000,428.465384444594,14
2024-09-20 12:08:37.973000,428.4289185232852,1002
2024-09-20 12:08:37.996000,428.4453207609696,15
2024-09-20 12:08:38.184000,428.5084154775223,101
2024-09-20 12:08:38.239000,428.5167931644612,995
2024-09-20 12:08:38.320000,428.4502244385601,8
2024-09-20 12:08:38.325000,428.5029116835108,9
2024-09-20 12:08:38.406000,428.5194185586764,105
2024-09-20 12:08:38.476000,428.4467777880396,1001
2024-09-20 12:08:38.558000,428.5018335324686,101
2024-09-20 12:08:38.656000,428.5114626367335,98
2024-09-20 12:08:38.743000,428.4915320075453,1005
2024-09-20 12:08:38.974000,428.46416111717207,996
2024-09-20 12:08:39.038000,428.55601949143824,1001
2024-09-20 12:08:39.043000,428.57894855585937,997
2024-09-20 12:08:39.200000,428.5758990206908,996
2024-09-20 12:08:39.419000,428.5239216731173,1002
2024-09-20 12:08:39.430000,428.54550785212,13
2024-09-20 12:08:39.439000,428.5800015352687,1003
2024-09-20 12:08:39.489000,428.5436188896388,1003
2024-09-20 12:08:39.574000,428.5881295662501,13
2024-09-20 12:08:39.625000,428.5857967421173,101
2024-09-20 12:08:39.634000,428.5736583628215,104
2024-09-20 12:08:39.743000,428.566515114107,96
2024-09-20 12:08:40.009000,428.5613275542583,1004
2024-09-20 12:08:40.080000,428.546154730931,104
2024-09-20 12:08:40.169000,428.49143439068064,1001
2024-09-20 12:08:40.170000,428.5462164593085,6
2024-09-20 12:08:40.185000,428.5578543476513,12
2024-09-20 12:08:40.222000,428.5468960849662,97
2024-09-20 12:08:40.274000,428.5455753860823,98
2024-09-20 12:08:40.368000,428.5433052788502,11
2024-09-20 12:08:40.392000,428.5405599728103,7
2024-09-20 12:08:40.494000,428.5590281530388,103
2024-09-20 12:08:40.517000,428.5215562897434,11
2024-09-20 12:08:40.528000,428.5440938214023,9
2024-09-20 12:08:40.685000,428.48451809127096,12
2024-09-20 12:08:40.709000,428.5558771033101,95
2024-09-20 12:08:40.713000,428.4782451578123,997
2024-09-20 12:08:40.810000,428.5552602083972,95
2024-09-20 12:08:40.859000,428.4843297785159,99
2024-09-20 12:08:41.089000,428.5103614485282,14
2024-09-20 12:08:41.116000,428.48256033979845,9
2024-09-20 12:08:41.119000,428.4825907615661,95
2024-09-20 12:08:41.137000,428.4921634645045,14
2024-09-20 12:08:41.158000,428.5025092868503,104
2024-09-20 12:08:41.328000,428.519514136776,12
2024-09-20 12:08:41.337000,428.5050076092167,7
2024-09-20 12:08:41.363000,428.4975729954079,13
2024-09-20 12:08:41.398000,428.50097739314464,95
2024-09-20 12:08:41.498000,428.5146512525499,98
2024-09-20 12:08:41.507000,428.4761116754086,1005
2024-09-20 12:08:41.552000,428.462018394794,996
2024-09-20 12:08:41.579000,428.5196778030948,5
2024-09-20 12:08:41.600000,428.5146315670215,1000
2024-09-20 12:08:41.811000,428.50046863539256,995
2024-09-20 12:08:41.850000,428.5057623434525,103
2024-09-20 12:08:41.865000,428.4883181959093,104
2024-09-20 12:08:42.080000,428.50378261991017,1005
2024-09-20 12:08:42.107000,428.5237737420225,102
2024-09-20 12:08:42.115000,428.51243686800814,998
2024-09-20 12:08:42.160000,428.51588645603726,10
2024-09-20 12:08:42.210000,428.5151862743795,14
2024-09-20 12:08:42.290000,428.51398719365136,104
2024-09-20 12:08:42.293000,428.4904865787087,1001
2024-09-20 12:08:42.324000,428.509188372538,5
2024-09-20 12:08:42.368000,428.4913203752996,95
2024-09-20 12:08:42.371000,428.51052266295056,6
2024-09-20 12:08:42.511000,428.512717202557,11
2024-09-20 12:08:42.516000,428.5110585510067,5
2024-09-20 12:08:42.539000,428.5058537509741,999
2024-09-20 12:08:42.611000,428.54065915361946,999
2024-09-20 12:08:42.620000,428.51086786673307,105
2024-09-20 12:08:42.621000,428.4927156496126,6
2024-09-20 12:08:42.651000,428.521399563132,1000
2024-09-20 12:08:42.706000,428.50649404738107,1001
2024-09-20 12:08:42.714000,428.5224324160756,100
2024-09-20 12:08:42.720000,428.5095328784183,7
2024-09-20 12:08:42.758000,428.47687232005376,996
2024-09-20 12:08:42.761000,428.4943147248573,96
2024-09-20 12:08:42.811000,428.4835717360378,102
2024-09-20 12:08:42.838000,428.5085275267999,96
2024-09-20 12:08:42.934000,428.51280671089046,6
2024-09-20 12:08:42.964000,428.5197856624034,1003
2024-09-20 12:08:43.047000,428.6023543430003,1003
2024-09-20 12:08:43.057000,428.53145346568914,97
2024-09-20 12:08:43.060000,428.5877051491875,15
2024-09-20 12:08:43.102000,428.5957007835128,11
2024-09-20 12:08:43.143000,428.55124036487854,102
2024-09-20 12:08:43.158000,428.58800163297326,1004
2024-09-20 12:08:43.234000,428.54890887211445,6
2024-09-20 12:08:43.238000,428.5457166561304,1004
2024-09-20 12:08:43.274000,428.51804811739294,999
2024-09-20 12:08:43.341000,428.5336240904504,999
2024-09-20 12:08:43.358000,428.5352022011765,7
2024-09-20 12:08:43.394000,428.5861153801233,105
2024-09-20 12:08:43.535000,428.548249374126,8
2024-09-20 12:08:43.607000,428.564474107946,103
2024-09-20 12:08:43.660000,428.5828884088749,6
2024-09-20 12:08:43.687000,428.6036290938894,996
2024-09-20 12:08:43.690000,428.5914451526575,1004
2024-09-20 12:08:43.699000,428.59456023090735,1002
2024-09-20 12:08:43.712000,428.5877739824579,99
2024-09-20 12:08:43.720000,428.6114584296728,103
2024-09-20 12:08:43.738000,428.5785068595063,95
2024-09-20 12:08:43.752000,428.5975336678145,7
2024-09-20 12:08:43.812000,428.5956879555295,11
2024-09-20 12:08:43.826000,428.5991385031993,1004
2024-09-20 12:08:43.845000,428.5616693875889,102
2024-09-20 12:08:43.875000,428.5966539356556,99
2024-09-20 12:08:43.893000,428.617194027733,998
2024-09-20 12:08:43.942000,428.54568144731854,8
2024-09-20 12:08:43.950000,428.5929110465555,97
2024-09-20 12:08:43.994000,428.54619794385417,102
2024-09-20 12:08:44.028000,428.5216048748986,1004
2024-09-20 12:08:44.217000,428.5210903828981,13
2024-09-20 12:08:44.267000,428.5591445832714,7
2024-09-20 12:08:44.273000,428.5706225002074,1005
2024-09-20 12:08:44.275000,428.5564936044454,1002
2024-09-20 12:08:44.341000,428.5424397971682,6
2024-09-20 12:08:44.360000,428.5351397142337,15
2024-09-20 12:08:44.363000,428.5741416990347,99
2024-09-20 12:08:44.372000,428.5627070764915,99
2024-09-20 12:08:44.439000,428.5347828198124,99
2024-09-20 12:08:44.523000,428.5314065197406,9
2024-09-20 12:08:44.601000,428.5398098271539,12
2024-09-20 12:08:44.643000,428.5404203037225,6
2024-09-20 12:08:44.666000,428.5208515639083,1005
2024-09-20 12:08:44.703000,428.56726819529024,104
2024-09-20 12:08:44.730000,428.5772351040004,1005
2024-09-20 12:08:44.754000,428.5568982686941,96
2024-09-20 12:08:44.811000,428.5663518628878,997
2024-09-20 12:08:44.815000,428.51515584024025,8
2024-09-20 12:08:44.851000,428.5075262747643,97
2024-09-20 12:08:44.867000,428.5501655825011,105
2024-09-20 12:08:44.885000,428.5408566434267,1001
2024-09-20 12:08:44.885000,428.54122955974265,998
2024-09-20 12:08:44.913000,428.5185339248836,15
2024-09-20 12:08:44.937000,428.53316539292575,995
2024-09-20 12:08:44.952000,428.5598106395127,5
2024-09-20 12:08:44.965000,428.5572538345672,1001
2024-09-20 12:08:44.989000,428.53582639745713,7
2024-09-20 12:08:45.008000,428.4877366654555,7
2024-09-20 12:08:45.066000,428.4869189303595,10
2024-09-20 12:08:45.111000,428.5150133802711,101
2024-09-20 12:08:45.143000,428.4788163279008,103
2024-09-20 12:08:45.162000,428.5073315482187,95
2024-09-20 12:08:45.215000,428.5038528244318,103
2024-09-20 12:08:45.223000,428.4848242315097,996
2024-09-20 12:08:45.429000,428.4719720528212,999
2024-09-20 12:08:45.436000,428.4717605567884,995
2024-09-20 12:08:45.481000,428.5017383487224,96
2024-09-20 12:08:45.634000,428.50120946954974,13
2024-09-20 12:08:45.702000,428.4925751829919,7
2024-09-20 12:08:45.738000,428.4794936355504,995
2024-09-20 12:08:45.964000,428.4871633900184,97
2024-09-20 12:08:46.049000,428.56978184494767,7
2024-09-20 12:08:46.115000,428.4892345801698,995
2024-09-20 12:08:46.138000,428.53880970687135,1005
2024-09-20 12:08:46.139000,428.5397447493201,996
2024-09-20 12:08:46.241000,428.57362365423,102
2024-09-20 12:08:46.277000,428.5581194504344,103
2024-09-20 12:08:46.305000,428.5852288738211,101
2024-09-20 12:08:46.317000,428.5911282872359,97
2024-09-20 12:08:46.323000,428.5253578181917,14
2024-09-20 12:08:46.425000,428.5814311513705,996
2024-09-20 12:08:46.435000,428.5445210496758,998
2024-09-20 12:08:46.454000,428.5845973217012,7
2024-09-20 12:08:46.462000,428.4759976312847,1005
2024-09-20 12:08:46.558000,428.5785608436215,98
2024-09-20 12:08:46.609000,428.5812004576444,98
2024-09-20 12:08:46.743000,428.6008973939087,999
2024-09-20 12:08:46.792000,428.5938885708812,8
2024-09-20 12:08:46.865000,428.58880608226985,105
2024-09-20 12:08:46.994000,428.5609414760119,98
2024-09-20 12:08:47.101000,428.59007572044186,997
2024-09-20 12:08:47.176000,428.6249246484662,1001
2024-09-20 12:08:47.230000,428.6156758896026,95
2024-09-20 12:08:47.292000,428.6148833549731,96
2024-09-20 12:08:47.294000,428.6487439620526,14
2024-09-20 12:08:47.354000,428.6038483237137,996
2024-09-20 12:08:47.400000,428.6169604467013,7
2024-09-20 12:08:47.419000,428.59675018565656,1001
2024-09-20 12:08:47.448000,428.5961041482077,6
2024-09-20 12:08:47.450000,428.6410605035654,998
2024-09-20 12:08:47.470000,428.64003707545686,1002
2024-09-20 12:08:47.576000,428.6044819438585,10
2024-09-20 12:08:47.619000,428.62380181568136,96
2024-09-20 12:08:47.690000,428.5733242340015,97
2024-09-20 12:08:47.694000,428.6231896521999,95
2024-09-20 12:08:47.694000,428.6489164039455,8
2024-09-20 12:08:47.744000,428.634522387436,101
2024-09-20 12:08:47.818000,428.5963792547655,997
2024-09-20 12:08:47.909000,428.6208567681696,15
2024-09-20 12:08:47.921000,428.6044124561244,8
2024-09-20 12:08:47.976000,428.62616624354496,13
2024-09-20 12:08:48.003000,428.5685585767528,8
2024-09-20 12:08:48.462000,428.5684208243966,97
2024-09-20 12:08:48.606000,428.5522878591565,13
2024-09-20 12:08:48.666000,428.5681951787892,995
2024-09-20 12:08:48.710000,428.5612819516396,7
2024-09-20 12:08:49.028000,428.5186381003401,12
2024-09-20 12:08:49.183000,428.5054305168029,96
2024-09-20 12:08:49.204000,428.5170878913284,104
2024-09-20 12:08:49.261000,428.5480381804511,104
2024-09-20 12:08:49.269000,428.55331998800784,997
2024-09-20 12:08:49.291000,428.5354467778664,999
2024-09-20 12:08:49.309000,428.52426781873214,103
2024-09-20 12:08:49.355000,428.535304548715,9
2024-09-20 12:08:49.407000,428.50223979794606,96
2024-09-20 12:08:49.565000,428.5221455196739,1003
2024-09-20 12:08:49.622000,428.5163021491778,5
2024-09-20 12:08:49.647000,428.51864620386726,11
2024-09-20 12:08:49.704000,428.5278749166995,6
2024-09-20 12:08:49.805000,428.5113596695272,97
2024-09-20 12:08:49.893000,428.5495076033071,95
2024-09-20 12:08:49.931000,428.526771775224,1005
2024-09-20 12:08:49.946000,428.5342315517216,100
2024-09-20 12:08:50.109000,428.4743489969465,100
2024-09-20 12:08:50.164000,428.50418014384616,97
2024-09-20 12:08:50.216000,428.47746745443055,999
2024-09-20 12:08:50.375000,428.5101002274265,11
2024-09-20 12:08:50.509000,428.4921233335112,99
2024-09-20 12:08:50.629000,428.47603966033375,98
2024-09-20 12:08:50.657000,428.4855368556268,104
2024-09-20 12:08:50.748000,428.5119542678074,103
2024-09-20 12:08:50.823000,428.5112052488625,97
2024-09-20 12:08:50.854000,428.51396088414936,997
2024-09-20 12:08:50.868000,428.48265329066805,103
2024-09-20 12:08:50.919000,428.4816309263786,100
2024-09-20 12:08:50.932000,428.49776061250833,95
2024-09-20 12:08:50.952000,428.517817688412,1004
2024-09-20 12:08:50.952000,428.4648248594015,11
2024-09-20 12:08:50.990000,428.51344487861513,103
2024-09-20 12:08:51.012000,428.4840325290141,12
2024-09-20 12:08:51.027000,428.4294877935711,101
2024-09-20 12:08:51.032000,428.4411686352792,95
2024-09-20 12:08:51.158000,428.4616934283026,8
2024-09-20 12:08:51.239000,428.4455661201793,100
2024-09-20 12:08:51.249000,428.47549012673215,12
2024-09-20 12:08:51.268000,428.483575308537,997
2024-09-20 12:08:51.273000,428.42851410036616,95
2024-09-20 12:08:51.321000,428.4427238068692,1000
2024-09-20 12:08:51.402000,428.4324705375789,999
2024-09-20 12:08:51.506000,428.4424691121126,98
2024-09-20 12:08:51.516000,428.4295540392172,95
2024-09-20 12:08:51.592000,428.48186168102256,9
2024-09-20 12:08:51.663000,428.4734423382209,998
2024-09-20 12:08:51.727000,428.4838379659838,1003
2024-09-20 12:08:51.892000,428.4308299953952,1001
2024-09-20 12:08:51.992000,428.4301076567516,1005
2024-09-20 12:08:52.020000,428.47346849156617,100
2024-09-20 12:08:52.023000,428.4051584565549,14
2024-09-20 12:08:52.030000,428.42723828512,105
2024-09-20 12:08:52.059000,428.4948660624767,11
2024-09-20 12:08:52.059000,428.42284728814,15
2024-09-20 12:08:52.180000,428.4268952625363,95
2024-09-20 12:08:52.215000,428.4873231756996,103
2024-09-20 12:08:52.217000,428.4591818945465,995
2024-09-20 12:08:52.324000,428.4511268796695,10
2024-09-20 12:08:52.375000,428.4319255986375,1000
2024-09-20 12:08:52.391000,428.405692941774,999
2024-09-20 12:08:52.484000,428.4589289650765,96
2024-09-20 12:08:52.500000,428.4774364053265,5
2024-09-20 12:08:52.603000,428.4391863114422,999
2024-09-20 12:08:52.612000,428.4135070946359,9
2024-09-20 12:08:52.623000,428.4125543831038,1002
2024-09-20 12:08:52.753000,428.52525496175537,97
2024-09-20 12:08:52.803000,428.5142081657357,95
2024-09-20 12:08:52.863000,428.3934773481219,1002
2024-09-20 12:08:52.969000,428.4984049912746,996
2024-09-20 12:08:52.982000,428.5234806444147,103
2024-09-20 12:08:52.990000,428.5127313393163,96
2024-09-20 12:08:53.006000,428.5054315464666,7
2024-09-20 12:08:53.084000,428.5265271239514,99
2024-09-20 12:08:53.188000,428.5053101324765,1001
2024-09-20 12:08:53.197000,428.5121736961272,100
2024-09-20 12:08:53.308000,428.524832399068,102
2024-09-20 12:08:53.374000,428.5542096358967,98
2024-09-20 12:08:53.439000,428.5191669880403,998
2024-09-20 12:08:53.441000,428.5358155992458,12
2024-09-20 12:08:53.460000,428.49224510060606,1001
2024-09-20 12:08:53.504000,428.52731613214473,13
2024-09-20 12:08:53.547000,428.51310982496926,997
2024-09-20 12:08:53.562000,428.5057699909504,13
2024-09-20 12:08:53.681000,428.5269496374946,995
2024-09-20 12:08:53.728000,428.5297996596002,1002
2024-09-20 12:08:53.730000,428.5440952298128,98
2024-09-20 12:08:53.754000,428.5363267266357,13
2024-09-20 12:08:53.760000,428.5199754601457,997
2024-09-20 12:08:53.794000,428.5305833178907,95
2024-09-20 12:08:53.905000,428.5185074745752,96
2024-09-20 12:08:53.908000,428.5011110558116,1003
2024-09-20 12:08:54.255000,428.5570203944848,99
2024-09-20 12:08:54.469000,428.54855633270734,13
2024-09-20 12:08:55.302000,428.5551666018992,1000
2024-09-20 12:08:55.330000,428.59070007093527,8
2024-09-20 12:08:55.360000,428.5622245223892,5
2024-09-20 12:08:55.582000,428.5509741676816,997
2024-09-20 12:08:55.614000,428.5604025114024,995
2024-09-20 12:08:55.807000,428.5724020476685,997
2024-09-20 12:08:55.887000,428.5562817697594,101
2024-09-20 12:08:55.977000,428.5790819729405,1005
2024-09-20 12:08:56.045000,428.4993268176291,997
2024-09-20 12:08:56.049000,428.5316856177373,15
2024-09-20 12:08:56.055000,428.5426652854353,13
2024-09-20 12:08:56.115000,428.5659192107776,1005
2024-09-20 12:08:56.160000,428.5689836896581,6
2024-09-20 12:08:56.185000,428.5628176807789,102
2024-09-20 12:08:56.208000,428.5220161256084,7
2024-09-20 12:08:56.258000,428.5805450792375,1002
2024-09-20 12:08:56.294000,428.5719829981285,6
2024-09-20 12:08:56.305000,428.5410057389297,995
2024-09-20 12:08:56.318000,428.5611657844191,1001
2024-09-20 12:08:56.429000,428.5148111794605,95
2024-09-20 12:08:56.458000,428.5631062750919,95
2024-09-20 12:08:56.477000,428.4906689063904,997
2024-09-20 12:08:56.496000,428.5741084444572,102
2024-09-20 12:08:56.521000,428.5835628274823,99
2024-09-20 12:08:56.592000,428.5658745271397,996
2024-09-20 12:08:56.596000,428.5543724306767,1001
2024-09-20 12:08:56.605000,428.54352364100856,1003
2024-09-20 12:08:56.704000,428.5345166289628,15
2024-09-20 12:08:56.745000,428.5127348363552,995
2024-09-20 12:08:56.759000,428.4943935840235,6
2024-09-20 12:08:56.836000,428.56717547035225,9
2024-09-20 12:08:56.865000,428.56247235348775,7
2024-09-20 12:08:56.947000,428.56431961001454,101
2024-09-20 12:08:56.961000,428.5187750236309,1003
2024-09-20 12:08:57.050000,428.6137585529179,997
2024-09-20 12:08:57.107000,428.5917233518204,997
2024-09-20 12:08:57.108000,428.5814021552987,103
2024-09-20 12:08:57.167000,428.5528608004637,1002
2024-09-20 12:08:57.212000,428.54525554280434,98
2024-09-20 12:08:57.226000,428.5800072378298,11
2024-09-20 12:08:57.275000,428.5767316528399,102
2024-09-20 12:08:57.447000,428.570335228146,1003
2024-09-20 12:08:57.479000,428.57716492415136,997
2024-09-20 12:08:57.508000,428.57685385360287,1004
2024-09-20 12:08:57.513000,428.5884249421997,13
2024-09-20 12:08:57.522000,428.5921167730215,11
2024-09-20 12:08:57.558000,428.5664989669109,11
2024-09-20 12:08:57.570000,428.5955005350234,97
2024-09-20 12:08:57.587000,428.6016372700389,13
2024-09-20 12:08:57.592000,428.5919601947303,14
2024-09-20 12:08:57.676000,428.5766059149116,1001
2024-09-20 12:08:57.677000,428.5536138462874,101
2024-09-20 12:08:57.692000,428.5565633556748,10
2024-09-20 12:08:57.693000,428.5544238898673,1003
2024-09-20 12:08:57.711000,428.596485773078,1005
2024-09-20 12:08:57.734000,428.5331292312127,5
2024-09-20 12:08:57.756000,428.5740779199333,8
2024-09-20 12:08:57.808000,428.5496009763434,1003
2024-09-20 12:08:57.852000,428.55695872779575,996
2024-09-20 12:08:57.923000,428.551338289021,7
2024-09-20 12:08:57.937000,428.58474339142487,96
2024-09-20 12:08:58.063000,428.551492977173,1000
2024-09-20 12:08:58.345000,428.5333136619441,105
2024-09-20 12:08:58.521000,428.5263128373501,1005
2024-09-20 12:08:58.831000,428.55941230112046,105
2024-09-20 12:08:58.856000,428.5546903136707,8
2024-09-20 12:08:58.966000,428.5527162172066,1002
2024-09-20 12:08:59,428.5372103930304,13
2024-09-20 12:08:59,428.51015103319423,996
2024-09-20 12:08:59.028000,428.50714030959546,103
2024-09-20 12:08:59.164000,428.5450575841953,95
2024-09-20 12:08:59.248000,428.5244452762572,100
2024-09-20 12:08:59.260000,428.5354577226984,1004
2024-09-20 12:08:59.359000,428.5323598521105,13
2024-09-20 12:08:59.618000,428.5257719624031,995
2024-09-20 12:08:59.626000,428.5352775524679,14
2024-09-20 12:08:59.641000,428.51447132873017,997
2024-09-20 12:08:59.644000,428.5238406802733,1001
2024-09-20 12:08:59.674000,428.52705704869066,1004
2024-09-20 12:08:59.779000,428.5370587710185,1004
2024-09-20 12:08:59.803000,428.5147283120789,101
2024-09-20 12:08:59.836000,428.5093129844706,1003
2024-09-20 12:08:59.847000,428.5215858298861,9
2024-09-20 12:08:59.886000,428.51201567706886,14
2024-09-20 12:08:59.903000,428.5433939832617,1004
2024-09-20 12:08:59.926000,428.5355635716151,1000
2024-09-20 12:08:59.936000,428.53558712661095,99
2024-09-20 12:08:59.938000,428.5134102012773,1002
2024-09-20 12:08:59.944000,428.5303083812324,8
2024-09-20 12:08:59.995000,428.51237738818713,99
