Timestamp,Price,Size
2024-09-17 13:52:00.036000,401.577887393234,998
2024-09-17 13:52:00.056000,401.4997710814674,104
2024-09-17 13:52:00.071000,401.5104040417434,101
2024-09-17 13:52:00.085000,401.4796907573501,9
2024-09-17 13:52:00.090000,401.4740113267892,105
2024-09-17 13:52:00.107000,401.4658170228534,104
2024-09-17 13:52:00.110000,401.5300295758402,13
2024-09-17 13:52:00.147000,401.5261346305514,1002
2024-09-17 13:52:00.157000,401.5356944910161,999
2024-09-17 13:52:00.187000,401.538942982348,96
2024-09-17 13:52:00.276000,401.4525437310264,102
2024-09-17 13:52:00.324000,401.512318310104,997
2024-09-17 13:52:00.377000,401.52161052917296,1005
2024-09-17 13:52:00.421000,401.5151195608738,6
2024-09-17 13:52:00.428000,401.5387610152608,1004
2024-09-17 13:52:00.430000,401.5326156174683,100
2024-09-17 13:52:00.435000,401.5400105152983,997
2024-09-17 13:52:00.631000,401.46403749197,11
2024-09-17 13:52:00.650000,401.4956489829851,98
2024-09-17 13:52:00.793000,401.4565202193007,996
2024-09-17 13:52:00.813000,401.4902532984468,105
2024-09-17 13:52:00.827000,401.5081810195004,13
2024-09-17 13:52:00.831000,401.5306695223962,1001
2024-09-17 13:52:00.846000,401.5599483001772,6
2024-09-17 13:52:00.852000,401.46911711721935,10
2024-09-17 13:52:00.946000,401.4383677211952,14
2024-09-17 13:52:00.980000,401.5200522187397,103
2024-09-17 13:52:02.058000,401.4470719592173,98
2024-09-17 13:52:02.125000,401.392902952331,995
2024-09-17 13:52:02.181000,401.4340082623397,102
2024-09-17 13:52:02.237000,401.4605486779165,1001
2024-09-17 13:52:02.262000,401.3773025426898,12
2024-09-17 13:52:02.295000,401.4317116293215,99
2024-09-17 13:52:02.314000,401.4354875248064,96
2024-09-17 13:52:02.323000,401.4442658191952,9
2024-09-17 13:52:02.339000,401.4024865930135,10
2024-09-17 13:52:02.356000,401.4171940945267,996
2024-09-17 13:52:02.420000,401.448329257346,96
2024-09-17 13:52:02.440000,401.4461145145633,104
2024-09-17 13:52:02.457000,401.4007188179103,10
2024-09-17 13:52:02.569000,401.4456774054728,7
2024-09-17 13:52:02.612000,401.408132476548,96
2024-09-17 13:52:02.616000,401.4392474571811,15
2024-09-17 13:52:02.628000,401.4420907140551,7
2024-09-17 13:52:02.633000,401.388590875651,104
2024-09-17 13:52:02.637000,401.46334101119294,96
2024-09-17 13:52:02.685000,401.472783264415,10
2024-09-17 13:52:02.686000,401.4147377653076,105
2024-09-17 13:52:02.810000,401.3821178904438,995
2024-09-17 13:52:02.880000,401.3936569887965,1001
2024-09-17 13:52:02.883000,401.4518479964477,97
2024-09-17 13:52:02.919000,401.3896916625372,995
2024-09-17 13:52:02.969000,401.44379973742525,11
2024-09-17 13:52:02.976000,401.4329506416783,101
2024-09-17 13:52:02.978000,401.43047127866106,104
2024-09-17 13:52:03.050000,401.4364666463739,6
2024-09-17 13:52:03.123000,401.42602819552735,10
2024-09-17 13:52:03.184000,401.4601135952081,6
2024-09-17 13:52:03.218000,401.3796540471832,96
2024-09-17 13:52:03.222000,401.3696848188784,101
2024-09-17 13:52:03.500000,401.4038987001138,104
2024-09-17 13:52:03.514000,401.4366261735031,1002
2024-09-17 13:52:03.627000,401.4228354525345,98
2024-09-17 13:52:03.675000,401.37927849753584,104
2024-09-17 13:52:03.687000,401.3672564996237,13
2024-09-17 13:52:03.778000,401.4421255286889,10
2024-09-17 13:52:03.895000,401.4310159300071,5
2024-09-17 13:52:03.968000,401.4363574046227,15
2024-09-17 13:52:04.071000,401.3741051440216,997
2024-09-17 13:52:04.244000,401.3949509775911,99
2024-09-17 13:52:04.457000,401.365161254213,1000
2024-09-17 13:52:04.460000,401.3899759062251,98
2024-09-17 13:52:04.492000,401.3872536574781,105
2024-09-17 13:52:04.680000,401.3827570907127,102
2024-09-17 13:52:04.683000,401.4037924456246,996
2024-09-17 13:52:04.685000,401.36984707104494,10
2024-09-17 13:52:04.795000,401.3692275373557,7
2024-09-17 13:52:05.022000,401.41148230021207,999
2024-09-17 13:52:05.058000,401.3881178584533,97
2024-09-17 13:52:05.140000,401.3887670903566,11
2024-09-17 13:52:05.311000,401.3939363854973,999
2024-09-17 13:52:05.403000,401.3802797881855,14
2024-09-17 13:52:05.419000,401.385771835643,104
2024-09-17 13:52:05.444000,401.38430575189824,998
2024-09-17 13:52:05.465000,401.384152001338,100
2024-09-17 13:52:05.517000,401.3793943339553,996
2024-09-17 13:52:05.518000,401.3724745791572,995
2024-09-17 13:52:05.579000,401.3873721740191,996
2024-09-17 13:52:05.695000,401.3987497963752,1003
2024-09-17 13:52:05.803000,401.39805064792256,105
2024-09-17 13:52:05.816000,401.3903449934939,96
2024-09-17 13:52:05.906000,401.4035968499693,1005
2024-09-17 13:52:05.948000,401.3926072180009,1001
2024-09-17 13:52:06.187000,401.3908708397031,1004
2024-09-17 13:52:06.296000,401.3806085202071,1001
2024-09-17 13:52:06.363000,401.3897526928673,101
2024-09-17 13:52:06.586000,401.38894939093785,14
2024-09-17 13:52:06.652000,401.38802103917646,11
2024-09-17 13:52:06.656000,401.3997156890508,10
2024-09-17 13:52:06.795000,401.3891081937875,15
2024-09-17 13:52:06.899000,401.3965785089247,6
2024-09-17 13:52:06.934000,401.37367768617344,997
2024-09-17 13:52:06.950000,401.3849451643327,14
2024-09-17 13:52:07.315000,401.43351710908905,101
2024-09-17 13:52:07.501000,401.39207861131536,1004
2024-09-17 13:52:07.681000,401.4013341532248,1004
2024-09-17 13:52:07.733000,401.4036080633424,1001
2024-09-17 13:52:07.780000,401.424340402078,5
2024-09-17 13:52:07.932000,401.3906520014864,102
2024-09-17 13:52:08.001000,401.5155534578012,999
2024-09-17 13:52:08.123000,401.4577893649909,999
2024-09-17 13:52:08.246000,401.4472569647831,1001
2024-09-17 13:52:08.256000,401.5060724889612,96
2024-09-17 13:52:08.331000,401.510558849737,6
2024-09-17 13:52:08.344000,401.5115513952423,12
2024-09-17 13:52:08.390000,401.4391438776636,1005
2024-09-17 13:52:08.432000,401.4778214297788,95
2024-09-17 13:52:08.559000,401.4376777218808,8
2024-09-17 13:52:08.640000,401.4512443900662,1004
2024-09-17 13:52:08.653000,401.452213034553,95
2024-09-17 13:52:08.825000,401.447858315527,5
2024-09-17 13:52:08.925000,401.4986808037119,1003
2024-09-17 13:52:09.193000,401.5036763123232,105
2024-09-17 13:52:09.294000,401.5023422340763,1002
2024-09-17 13:52:10.762000,401.4976119010924,997
2024-09-17 13:52:11.005000,401.5141375391758,996
2024-09-17 13:52:11.048000,401.5462206578589,6
2024-09-17 13:52:11.161000,401.5055663304735,999
2024-09-17 13:52:11.240000,401.533729744136,7
2024-09-17 13:52:11.381000,401.5475457533285,97
2024-09-17 13:52:11.390000,401.51873248898585,9
2024-09-17 13:52:11.403000,401.5174817894234,1005
2024-09-17 13:52:11.411000,401.5322959328116,13
2024-09-17 13:52:11.466000,401.500621269208,996
2024-09-17 13:52:11.476000,401.5476761426439,7
2024-09-17 13:52:11.566000,401.4883299753352,996
2024-09-17 13:52:11.580000,401.5395441379807,97
2024-09-17 13:52:11.671000,401.5331217223271,1004
2024-09-17 13:52:11.687000,401.4842903869851,998
2024-09-17 13:52:11.706000,401.5043354431001,104
2024-09-17 13:52:11.831000,401.5270174333574,12
2024-09-17 13:52:11.841000,401.5416805707909,996
2024-09-17 13:52:11.862000,401.5235979384169,1000
2024-09-17 13:52:11.884000,401.5002279108799,996
2024-09-17 13:52:11.929000,401.55768424815767,7
2024-09-17 13:52:11.935000,401.52115755792,14
2024-09-17 13:52:12.122000,401.5578546899798,9
2024-09-17 13:52:12.349000,401.55976506124273,105
2024-09-17 13:52:12.384000,401.5460666112039,97
2024-09-17 13:52:12.504000,401.5364149138089,6
2024-09-17 13:52:12.541000,401.5338837352515,9
2024-09-17 13:52:12.615000,401.5393570550961,11
2024-09-17 13:52:12.889000,401.53771365645895,996
2024-09-17 13:52:13.045000,401.5107525940058,995
2024-09-17 13:52:13.098000,401.5114199713087,1005
2024-09-17 13:52:13.102000,401.5236830033848,8
2024-09-17 13:52:13.112000,401.4673370549524,95
2024-09-17 13:52:13.125000,401.5086154197208,14
2024-09-17 13:52:13.171000,401.4642841536293,98
2024-09-17 13:52:13.175000,401.5043969106415,97
2024-09-17 13:52:13.202000,401.4880122479856,996
2024-09-17 13:52:13.214000,401.49706327338936,998
2024-09-17 13:52:13.228000,401.5133576423495,95
2024-09-17 13:52:13.268000,401.4796449293068,104
2024-09-17 13:52:13.340000,401.5113341735285,95
2024-09-17 13:52:13.391000,401.473710974934,995
2024-09-17 13:52:13.431000,401.5030342634648,103
2024-09-17 13:52:13.467000,401.49139332473146,996
2024-09-17 13:52:13.498000,401.5094196088037,13
2024-09-17 13:52:13.523000,401.518634470719,14
2024-09-17 13:52:13.535000,401.5001323484666,14
2024-09-17 13:52:13.586000,401.494656503072,12
2024-09-17 13:52:13.590000,401.4730653206062,97
2024-09-17 13:52:13.601000,401.4931973991805,1003
2024-09-17 13:52:13.626000,401.5153854361213,99
2024-09-17 13:52:13.675000,401.5089289012517,1001
2024-09-17 13:52:13.738000,401.51001932707567,6
2024-09-17 13:52:13.794000,401.5216170490524,12
2024-09-17 13:52:13.821000,401.5084112103149,13
2024-09-17 13:52:13.830000,401.4791350863191,105
2024-09-17 13:52:13.849000,401.4956374540005,14
2024-09-17 13:52:13.865000,401.5063455249117,105
2024-09-17 13:52:14.066000,401.4807000963596,11
2024-09-17 13:52:14.169000,401.4720457212451,104
2024-09-17 13:52:14.341000,401.4831704661596,1005
2024-09-17 13:52:14.674000,401.4956290972677,9
2024-09-17 13:52:14.722000,401.4692698744551,102
2024-09-17 13:52:14.725000,401.4791268054256,5
2024-09-17 13:52:14.866000,401.4709249444982,1001
2024-09-17 13:52:15.005000,401.4771673447832,100
2024-09-17 13:52:15.039000,401.4919131336607,997
2024-09-17 13:52:15.129000,401.47558509409146,105
2024-09-17 13:52:15.301000,401.4909335663461,11
2024-09-17 13:52:15.484000,401.46778824376565,1003
2024-09-17 13:52:15.585000,401.478983814864,13
2024-09-17 13:52:15.655000,401.487319274588,9
2024-09-17 13:52:15.726000,401.4698983395149,1005
2024-09-17 13:52:15.969000,401.47549682588254,97
2024-09-17 13:52:16.008000,401.4599698625176,13
2024-09-17 13:52:16.253000,401.4883211979744,998
2024-09-17 13:52:16.276000,401.4853179634811,12
2024-09-17 13:52:16.365000,401.4799497238464,999
2024-09-17 13:52:16.394000,401.50404609987066,95
2024-09-17 13:52:16.410000,401.4506603336053,101
2024-09-17 13:52:16.418000,401.5024321651888,5
2024-09-17 13:52:16.421000,401.5117186056415,11
2024-09-17 13:52:16.490000,401.444918515784,995
2024-09-17 13:52:16.537000,401.4690875312896,1000
2024-09-17 13:52:16.561000,401.45015580764885,997
2024-09-17 13:52:16.605000,401.484117873364,95
2024-09-17 13:52:16.661000,401.4722434197376,999
2024-09-17 13:52:16.719000,401.4648962092729,7
2024-09-17 13:52:16.891000,401.4926910982147,15
2024-09-17 13:52:17.960000,401.4538630798757,101
2024-09-17 13:52:18.005000,401.4762072967762,12
2024-09-17 13:52:18.020000,401.4157039541587,10
2024-09-17 13:52:18.385000,401.47963744200536,6
2024-09-17 13:52:18.418000,401.4937618510235,1004
2024-09-17 13:52:18.464000,401.4712022832522,96
2024-09-17 13:52:18.579000,401.4906088055409,7
2024-09-17 13:52:18.581000,401.469440949039,5
2024-09-17 13:52:18.585000,401.45002283961446,15
2024-09-17 13:52:18.627000,401.4078878824723,9
2024-09-17 13:52:18.650000,401.5025604934583,1004
2024-09-17 13:52:18.710000,401.44521859820713,96
2024-09-17 13:52:18.796000,401.4826368680701,11
2024-09-17 13:52:18.827000,401.4546376208514,5
2024-09-17 13:52:18.850000,401.433308961377,98
2024-09-17 13:52:18.884000,401.4848056759716,14
2024-09-17 13:52:18.905000,401.4051531743408,996
2024-09-17 13:52:18.930000,401.47067658948737,97
2024-09-17 13:52:18.944000,401.4802439004361,14
2024-09-17 13:52:18.946000,401.4248251580255,13
2024-09-17 13:52:18.982000,401.4450597503812,104
2024-09-17 13:52:19.009000,401.5346087855403,995
2024-09-17 13:52:19.090000,401.50823180960685,100
2024-09-17 13:52:19.181000,401.5340631770911,13
2024-09-17 13:52:19.189000,401.5203714462385,101
2024-09-17 13:52:19.193000,401.4130867180488,100
2024-09-17 13:52:19.193000,401.4413576549824,1003
2024-09-17 13:52:19.231000,401.4997505310816,95
2024-09-17 13:52:19.255000,401.3911533692397,98
2024-09-17 13:52:19.260000,401.4649835472037,1005
2024-09-17 13:52:19.381000,401.49969406248096,1001
2024-09-17 13:52:19.425000,401.3992237873616,13
2024-09-17 13:52:19.431000,401.4773407615427,14
2024-09-17 13:52:19.481000,401.4922265992661,1002
2024-09-17 13:52:19.518000,401.44984843529033,5
2024-09-17 13:52:19.549000,401.4177108579445,7
2024-09-17 13:52:19.559000,401.4915349007534,101
2024-09-17 13:52:19.562000,401.5029393376598,6
2024-09-17 13:52:19.636000,401.4671038486293,13
2024-09-17 13:52:19.640000,401.4296442192692,6
2024-09-17 13:52:19.688000,401.4602629907768,12
2024-09-17 13:52:19.728000,401.4423038418842,1002
2024-09-17 13:52:19.780000,401.5357504931472,9
2024-09-17 13:52:19.793000,401.4837787479778,1001
2024-09-17 13:52:19.835000,401.4696058919199,10
2024-09-17 13:52:19.866000,401.48570493200606,1001
2024-09-17 13:52:19.948000,401.5194066526487,101
2024-09-17 13:52:20.150000,401.523562106061,11
2024-09-17 13:52:20.384000,401.5343367103352,102
2024-09-17 13:52:20.530000,401.514951397053,7
2024-09-17 13:52:21.516000,401.4996050245954,101
2024-09-17 13:52:21.594000,401.5178008380642,104
2024-09-17 13:52:21.759000,401.50804465830953,10
2024-09-17 13:52:21.931000,401.5102044208245,999
2024-09-17 13:52:21.985000,401.5302935406689,6
2024-09-17 13:52:21.994000,401.51139911571767,1004
2024-09-17 13:52:22.032000,401.53952482442594,103
2024-09-17 13:52:22.058000,401.4947289169359,104
2024-09-17 13:52:22.096000,401.485214617586,5
2024-09-17 13:52:22.175000,401.524834738917,98
2024-09-17 13:52:22.181000,401.4754966885228,1005
2024-09-17 13:52:22.263000,401.5484067462917,1004
2024-09-17 13:52:22.326000,401.4993902098454,15
2024-09-17 13:52:22.344000,401.5558867083362,97
2024-09-17 13:52:22.362000,401.531988061197,1000
2024-09-17 13:52:22.363000,401.52570218909074,1004
2024-09-17 13:52:22.371000,401.5068248108237,13
2024-09-17 13:52:22.403000,401.5189366709157,1005
2024-09-17 13:52:22.541000,401.54784106734775,15
2024-09-17 13:52:22.615000,401.53145672993,997
2024-09-17 13:52:22.734000,401.4984136994106,7
2024-09-17 13:52:22.746000,401.50127020640457,1001
2024-09-17 13:52:22.863000,401.5264898813787,6
2024-09-17 13:52:22.965000,401.50534824817606,997
2024-09-17 13:52:22.976000,401.5075454666643,996
2024-09-17 13:52:23.036000,401.5416774159329,98
2024-09-17 13:52:23.135000,401.5888193059548,101
2024-09-17 13:52:23.161000,401.5045754609801,1003
2024-09-17 13:52:23.220000,401.5780749893567,95
2024-09-17 13:52:23.263000,401.5225763082408,7
2024-09-17 13:52:23.278000,401.5363687242894,103
2024-09-17 13:52:23.285000,401.5857962431245,998
2024-09-17 13:52:23.352000,401.5458322015908,99
2024-09-17 13:52:23.381000,401.5832001673712,6
2024-09-17 13:52:23.465000,401.55349123408223,1000
2024-09-17 13:52:23.466000,401.5199455615954,98
2024-09-17 13:52:23.529000,401.57077261442186,15
2024-09-17 13:52:23.540000,401.5600126946492,101
2024-09-17 13:52:23.543000,401.5697447166248,99
2024-09-17 13:52:23.626000,401.5351989563332,100
2024-09-17 13:52:23.632000,401.5421735875333,5
2024-09-17 13:52:23.660000,401.56256705966337,1003
2024-09-17 13:52:23.668000,401.5700165290088,11
2024-09-17 13:52:23.730000,401.5161538800616,105
2024-09-17 13:52:23.779000,401.58597942117854,6
2024-09-17 13:52:23.810000,401.5316704031201,99
2024-09-17 13:52:23.890000,401.5313147925994,1005
2024-09-17 13:52:23.914000,401.50701879005766,103
2024-09-17 13:52:23.921000,401.5670685961744,101
2024-09-17 13:52:23.986000,401.5410489614915,1001
2024-09-17 13:52:23.998000,401.5513117525373,98
2024-09-17 13:52:24.002000,401.5094144705104,105
2024-09-17 13:52:24.002000,401.5030187506975,1003
2024-09-17 13:52:24.101000,401.4993034365763,7
2024-09-17 13:52:24.165000,401.5363630213019,1002
2024-09-17 13:52:24.179000,401.5238566968901,10
2024-09-17 13:52:24.252000,401.5302579114774,7
2024-09-17 13:52:24.305000,401.4946467832651,1005
2024-09-17 13:52:24.374000,401.5124541716791,1002
2024-09-17 13:52:24.411000,401.5209748184283,1002
2024-09-17 13:52:24.658000,401.5215542563645,1004
2024-09-17 13:52:24.693000,401.52004170254565,95
2024-09-17 13:52:24.847000,401.49142450480593,99
2024-09-17 13:52:25.367000,401.49048337928224,1001
2024-09-17 13:52:26.029000,401.5164291126488,1004
2024-09-17 13:52:26.064000,401.489821603816,101
2024-09-17 13:52:26.112000,401.5087387006072,13
2024-09-17 13:52:26.145000,401.5203576430739,1005
2024-09-17 13:52:26.149000,401.50853766353697,101
2024-09-17 13:52:26.188000,401.51206566652303,104
2024-09-17 13:52:26.215000,401.5156286946226,98
2024-09-17 13:52:26.320000,401.50020722749554,6
2024-09-17 13:52:26.382000,401.5146701618325,1003
2024-09-17 13:52:26.399000,401.4854795216903,1001
2024-09-17 13:52:26.421000,401.5051386476159,12
2024-09-17 13:52:26.566000,401.50145172900005,7
2024-09-17 13:52:26.595000,401.5048916258552,11
2024-09-17 13:52:26.597000,401.5020374958932,999
2024-09-17 13:52:26.600000,401.4911648836911,105
2024-09-17 13:52:26.691000,401.4972536794012,104
2024-09-17 13:52:26.714000,401.4722974312693,1005
2024-09-17 13:52:26.795000,401.51090669400094,97
2024-09-17 13:52:26.801000,401.4996047149541,996
2024-09-17 13:52:26.831000,401.4923410211897,6
2024-09-17 13:52:26.833000,401.4753794010546,104
2024-09-17 13:52:26.924000,401.5055417440232,998
2024-09-17 13:52:26.959000,401.50987952206384,1002
2024-09-17 13:52:27.160000,401.529809197814,97
2024-09-17 13:52:27.276000,401.51758295172345,95
2024-09-17 13:52:28.024000,401.485973343376,12
2024-09-17 13:52:28.050000,401.5141549430363,105
2024-09-17 13:52:28.070000,401.4743541313834,1000
2024-09-17 13:52:28.075000,401.476768166987,1004
2024-09-17 13:52:28.132000,401.438732313116,102
2024-09-17 13:52:28.232000,401.4812072036036,99
2024-09-17 13:52:28.280000,401.49149815809454,1001
2024-09-17 13:52:28.330000,401.53006685499855,1000
2024-09-17 13:52:29.081000,401.4226039259076,996
2024-09-17 13:52:29.138000,401.4293679552,103
2024-09-17 13:52:29.145000,401.434820327989,103
2024-09-17 13:52:29.210000,401.4387686916143,7
2024-09-17 13:52:29.286000,401.4324936026532,8
2024-09-17 13:52:29.552000,401.432503576698,95
2024-09-17 13:52:29.807000,401.43792795409104,1005
2024-09-17 13:52:29.837000,401.4334265255104,998
2024-09-17 13:52:29.847000,401.42810167835273,11
2024-09-17 13:52:30.134000,401.40426195257146,15
2024-09-17 13:52:30.152000,401.4458699801876,100
2024-09-17 13:52:30.161000,401.4285809996024,100
2024-09-17 13:52:30.212000,401.3890651440949,8
2024-09-17 13:52:30.279000,401.4224628572156,101
2024-09-17 13:52:30.294000,401.3927467847159,8
2024-09-17 13:52:30.355000,401.4196893304624,13
2024-09-17 13:52:30.357000,401.4091838564117,1005
2024-09-17 13:52:30.358000,401.42638375706144,100
2024-09-17 13:52:30.488000,401.4406987976331,11
2024-09-17 13:52:30.503000,401.40817969161657,101
2024-09-17 13:52:30.517000,401.4262738624196,103
2024-09-17 13:52:30.517000,401.42688325667,996
2024-09-17 13:52:30.618000,401.43334194251247,1000
2024-09-17 13:52:30.701000,401.4285801577639,11
2024-09-17 13:52:30.742000,401.4262552820504,1004
2024-09-17 13:52:30.767000,401.3953311094296,996
2024-09-17 13:52:30.801000,401.4414956239341,997
2024-09-17 13:52:30.816000,401.4120980190864,7
2024-09-17 13:52:30.890000,401.4087916791927,998
2024-09-17 13:52:30.909000,401.4004691070759,96
2024-09-17 13:52:30.940000,401.4102362639631,1000
2024-09-17 13:52:31.086000,401.4219124407562,5
2024-09-17 13:52:31.089000,401.3765298558536,1002
2024-09-17 13:52:31.102000,401.38811290048926,10
2024-09-17 13:52:31.159000,401.3977988125809,105
2024-09-17 13:52:31.382000,401.3675206730142,1000
2024-09-17 13:52:31.422000,401.4415970768529,1004
2024-09-17 13:52:31.481000,401.437601019425,5
2024-09-17 13:52:31.573000,401.4092564366394,999
2024-09-17 13:52:31.615000,401.4281770937794,103
2024-09-17 13:52:31.744000,401.4079195139516,98
2024-09-17 13:52:31.796000,401.4453589324834,1005
2024-09-17 13:52:31.889000,401.40861675852494,100
2024-09-17 13:52:32.031000,401.38361343182265,99
2024-09-17 13:52:32.109000,401.3443871006336,99
2024-09-17 13:52:32.141000,401.368039478089,6
2024-09-17 13:52:32.149000,401.3567325774181,1003
2024-09-17 13:52:32.160000,401.3624136541587,9
2024-09-17 13:52:32.181000,401.39900310383183,104
2024-09-17 13:52:32.360000,401.3434166017959,101
2024-09-17 13:52:32.398000,401.3531064476344,8
2024-09-17 13:52:32.478000,401.4080799840622,101
2024-09-17 13:52:32.496000,401.3736827891366,15
2024-09-17 13:52:32.556000,401.3994765353072,1000
2024-09-17 13:52:32.569000,401.3689425081971,103
2024-09-17 13:52:32.613000,401.3999046633214,13
2024-09-17 13:52:32.641000,401.3497560726877,1005
2024-09-17 13:52:32.750000,401.3875420318032,8
2024-09-17 13:52:32.769000,401.39741429654674,101
2024-09-17 13:52:32.861000,401.3773578172903,1002
2024-09-17 13:52:32.866000,401.40744909177806,14
2024-09-17 13:52:32.875000,401.3537231959897,15
2024-09-17 13:52:32.892000,401.3820137586745,998
2024-09-17 13:52:32.939000,401.37532056556415,997
2024-09-17 13:52:32.940000,401.3959958280916,95
2024-09-17 13:52:33.062000,401.403672285806,1003
2024-09-17 13:52:33.093000,401.3901397636776,105
2024-09-17 13:52:33.244000,401.3466884974012,97
2024-09-17 13:52:33.281000,401.4063870923597,1004
2024-09-17 13:52:33.401000,401.3700973662629,9
2024-09-17 13:52:33.426000,401.40440931988667,103
2024-09-17 13:52:33.447000,401.4122562944065,8
2024-09-17 13:52:33.465000,401.3753378599429,96
2024-09-17 13:52:33.558000,401.39659816813446,100
2024-09-17 13:52:33.618000,401.36637173021376,96
2024-09-17 13:52:33.650000,401.3949860978836,6
2024-09-17 13:52:33.668000,401.3527452666713,1001
2024-09-17 13:52:33.688000,401.38597576352174,10
2024-09-17 13:52:33.772000,401.39292637193006,98
2024-09-17 13:52:33.818000,401.3836264757514,996
2024-09-17 13:52:33.916000,401.3742324502493,1000
2024-09-17 13:52:33.926000,401.395603600533,11
2024-09-17 13:52:33.935000,401.4107654752926,102
2024-09-17 13:52:33.987000,401.4164682657121,12
2024-09-17 13:52:33.997000,401.3705857724627,1005
2024-09-17 13:52:34.109000,401.3822090615273,101
2024-09-17 13:52:34.119000,401.36990776290094,11
2024-09-17 13:52:34.193000,401.345910642532,6
2024-09-17 13:52:34.240000,401.3355527759822,997
2024-09-17 13:52:34.358000,401.3563053656798,104
2024-09-17 13:52:34.394000,401.3886496572037,14
2024-09-17 13:52:34.513000,401.3835560281907,101
2024-09-17 13:52:34.651000,401.3478918176453,100
2024-09-17 13:52:34.675000,401.3397347564662,100
2024-09-17 13:52:34.685000,401.4047587280279,998
2024-09-17 13:52:34.774000,401.35866366744,14
2024-09-17 13:52:34.797000,401.39118239766856,11
2024-09-17 13:52:35.361000,401.3837260238362,5
2024-09-17 13:52:35.533000,401.3960262283766,12
2024-09-17 13:52:35.837000,401.3831275304121,7
2024-09-17 13:52:35.933000,401.4028740306797,9
2024-09-17 13:52:36.021000,401.36993304683415,11
2024-09-17 13:52:36.046000,401.3984348504593,5
2024-09-17 13:52:36.097000,401.3902881413834,7
2024-09-17 13:52:36.167000,401.3913638010724,95
2024-09-17 13:52:36.245000,401.4142073664302,14
2024-09-17 13:52:36.275000,401.4297738064604,12
2024-09-17 13:52:36.288000,401.4003422029424,98
2024-09-17 13:52:36.344000,401.4034862659001,102
2024-09-17 13:52:36.381000,401.3752770733644,104
2024-09-17 13:52:36.425000,401.39158088715646,101
2024-09-17 13:52:36.501000,401.40124568127897,999
2024-09-17 13:52:36.581000,401.4050760558925,103
2024-09-17 13:52:36.603000,401.3866486594294,1001
2024-09-17 13:52:36.614000,401.4068855139649,1004
2024-09-17 13:52:36.668000,401.4026348851604,1002
2024-09-17 13:52:36.702000,401.3935003011608,102
2024-09-17 13:52:36.710000,401.39053544665694,999
2024-09-17 13:52:36.813000,401.4179659329456,999
2024-09-17 13:52:36.825000,401.402645303453,105
2024-09-17 13:52:36.908000,401.3898377083268,12
2024-09-17 13:52:36.978000,401.4045429886096,8
2024-09-17 13:52:37.001000,401.4394565170123,1003
2024-09-17 13:52:37.056000,401.4452283097583,5
2024-09-17 13:52:37.293000,401.4521931126582,5
2024-09-17 13:52:37.436000,401.42969515623366,998
2024-09-17 13:52:37.679000,401.4110382944595,13
2024-09-17 13:52:37.772000,401.3921116211054,998
2024-09-17 13:52:38.006000,401.4373913427768,1004
2024-09-17 13:52:38.176000,401.43724204624505,6
2024-09-17 13:52:38.237000,401.4328290814239,1001
2024-09-17 13:52:38.254000,401.4247832546492,1002
2024-09-17 13:52:38.302000,401.4333019619023,14
2024-09-17 13:52:38.312000,401.4287340955667,995
2024-09-17 13:52:38.352000,401.4045021375308,1002
2024-09-17 13:52:38.364000,401.4318428335957,14
2024-09-17 13:52:38.427000,401.44164765107047,996
2024-09-17 13:52:38.479000,401.4523032829685,14
2024-09-17 13:52:38.517000,401.4312744747035,15
2024-09-17 13:52:38.533000,401.4291163736129,5
2024-09-17 13:52:38.579000,401.444875367544,10
2024-09-17 13:52:38.615000,401.440859424798,98
2024-09-17 13:52:38.776000,401.4498127711263,101
2024-09-17 13:52:38.988000,401.4311837658416,101
2024-09-17 13:52:39.016000,401.4684380616516,996
2024-09-17 13:52:39.016000,401.4412049096763,98
2024-09-17 13:52:39.042000,401.4465227925404,101
2024-09-17 13:52:39.058000,401.4262483107488,1003
2024-09-17 13:52:39.071000,401.50418034115046,996
2024-09-17 13:52:39.097000,401.511908775561,998
2024-09-17 13:52:39.114000,401.498494373266,13
2024-09-17 13:52:39.131000,401.4404923061984,8
2024-09-17 13:52:39.132000,401.4468895519933,101
2024-09-17 13:52:39.166000,401.4860815387326,999
2024-09-17 13:52:39.171000,401.5316311462747,101
2024-09-17 13:52:39.206000,401.4353327198515,95
2024-09-17 13:52:39.213000,401.5057480488124,1005
2024-09-17 13:52:39.219000,401.50444434865074,996
2024-09-17 13:52:39.263000,401.5003313383925,104
2024-09-17 13:52:39.280000,401.5130458573659,999
2024-09-17 13:52:39.290000,401.524108601008,98
2024-09-17 13:52:39.351000,401.504516117929,1002
2024-09-17 13:52:39.369000,401.52264052372783,95
2024-09-17 13:52:39.614000,401.505690817506,5
2024-09-17 13:52:39.654000,401.4448246349765,99
2024-09-17 13:52:39.735000,401.4425345511045,997
2024-09-17 13:52:39.805000,401.4499770480125,995
2024-09-17 13:52:39.809000,401.49848782343975,102
2024-09-17 13:52:39.923000,401.50258336957967,97
2024-09-17 13:52:40.025000,401.570867329061,1005
2024-09-17 13:52:40.047000,401.61851703911896,12
2024-09-17 13:52:40.082000,401.6011042093822,998
2024-09-17 13:52:40.117000,401.5357018752717,1004
2024-09-17 13:52:40.353000,401.6222722450798,6
2024-09-17 13:52:40.401000,401.5913709154086,15
2024-09-17 13:52:40.461000,401.5549190230145,97
2024-09-17 13:52:40.517000,401.5266559335239,1005
2024-09-17 13:52:40.642000,401.59875497110494,98
2024-09-17 13:52:40.700000,401.5277387280771,996
2024-09-17 13:52:40.713000,401.610571203618,997
2024-09-17 13:52:40.725000,401.608364212092,97
2024-09-17 13:52:40.733000,401.54937545214887,99
2024-09-17 13:52:40.898000,401.53421446639743,1005
2024-09-17 13:52:41.041000,401.5539168944662,102
2024-09-17 13:52:41.161000,401.5785625152516,96
2024-09-17 13:52:41.195000,401.4374374754869,96
2024-09-17 13:52:41.246000,401.4865648289443,98
2024-09-17 13:52:41.267000,401.437345723692,100
2024-09-17 13:52:41.274000,401.4647467171064,104
2024-09-17 13:52:41.309000,401.45714860188974,5
2024-09-17 13:52:41.310000,401.51580529742745,104
2024-09-17 13:52:41.314000,401.589304324901,99
2024-09-17 13:52:41.323000,401.4430195021616,101
2024-09-17 13:52:41.381000,401.4377292043203,100
2024-09-17 13:52:41.430000,401.457996428228,11
2024-09-17 13:52:41.431000,401.55865996427633,101
2024-09-17 13:52:41.436000,401.46387288974233,11
2024-09-17 13:52:41.560000,401.5132036445912,98
2024-09-17 13:52:41.580000,401.4733974843257,102
2024-09-17 13:52:41.638000,401.527551041896,998
2024-09-17 13:52:41.642000,401.4419969040575,15
2024-09-17 13:52:41.746000,401.4424734150627,10
2024-09-17 13:52:41.761000,401.45706723918994,97
2024-09-17 13:52:41.809000,401.4864365855481,9
2024-09-17 13:52:41.824000,401.5046911641821,96
2024-09-17 13:52:41.829000,401.442920518282,1004
2024-09-17 13:52:41.840000,401.4883179204367,95
2024-09-17 13:52:41.887000,401.4613244567753,12
2024-09-17 13:52:41.910000,401.4523320249088,1001
2024-09-17 13:52:41.917000,401.4689736426856,999
2024-09-17 13:52:41.972000,401.5807561342496,97
2024-09-17 13:52:41.992000,401.4757103863812,12
2024-09-17 13:52:42.383000,401.4407774866128,5
2024-09-17 13:52:42.911000,401.4378489761015,98
2024-09-17 13:52:42.929000,401.4429423303328,102
2024-09-17 13:52:43.008000,401.3880546296999,103
2024-09-17 13:52:43.035000,401.43476771779024,95
2024-09-17 13:52:43.079000,401.394062176976,100
2024-09-17 13:52:43.316000,401.3682229435044,1004
2024-09-17 13:52:43.319000,401.3837237267472,10
2024-09-17 13:52:43.341000,401.4130857092323,999
2024-09-17 13:52:43.412000,401.38096071408745,101
2024-09-17 13:52:43.497000,401.3813168427627,104
2024-09-17 13:52:43.501000,401.3889681228294,9
2024-09-17 13:52:43.514000,401.3732809321722,7
2024-09-17 13:52:43.640000,401.426341207219,101
2024-09-17 13:52:43.644000,401.37144155474766,997
2024-09-17 13:52:43.650000,401.4046392637362,101
2024-09-17 13:52:43.667000,401.4263821449659,98
2024-09-17 13:52:43.692000,401.4067584716765,1005
2024-09-17 13:52:43.802000,401.3751544081841,1002
2024-09-17 13:52:43.823000,401.3755341479982,1002
2024-09-17 13:52:43.844000,401.3791257131292,11
2024-09-17 13:52:43.847000,401.3844662922716,1003
2024-09-17 13:52:43.920000,401.39025564386,9
2024-09-17 13:52:43.975000,401.414965755716,13
2024-09-17 13:52:44.348000,401.40724687917407,15
2024-09-17 13:52:44.402000,401.4069561584748,996
2024-09-17 13:52:44.429000,401.4063512435198,97
2024-09-17 13:52:44.484000,401.42263948487096,7
2024-09-17 13:52:44.541000,401.41381692869857,98
2024-09-17 13:52:44.679000,401.411820845725,13
2024-09-17 13:52:45.010000,401.4457118862838,8
2024-09-17 13:52:45.035000,401.4950842484444,1002
2024-09-17 13:52:45.125000,401.50172693453993,12
2024-09-17 13:52:45.145000,401.5121532031439,103
2024-09-17 13:52:45.162000,401.4410832126935,6
2024-09-17 13:52:45.172000,401.48076511884057,1003
2024-09-17 13:52:45.178000,401.4317628805453,13
2024-09-17 13:52:45.297000,401.4407365322136,14
2024-09-17 13:52:45.304000,401.4617002045688,999
2024-09-17 13:52:45.451000,401.45981410748726,1005
2024-09-17 13:52:45.454000,401.42885980181103,12
2024-09-17 13:52:45.505000,401.4562993200067,1003
2024-09-17 13:52:45.533000,401.4390128260406,12
2024-09-17 13:52:45.568000,401.4452364647688,12
2024-09-17 13:52:45.647000,401.457940317592,102
2024-09-17 13:52:45.692000,401.5062415854834,100
2024-09-17 13:52:45.706000,401.5072753848241,13
2024-09-17 13:52:45.706000,401.4874904549297,5
2024-09-17 13:52:45.721000,401.4385896623423,98
2024-09-17 13:52:45.731000,401.5010354941613,995
2024-09-17 13:52:45.755000,401.5031220043296,7
2024-09-17 13:52:45.804000,401.45481848633545,1004
2024-09-17 13:52:45.848000,401.4483091679483,12
2024-09-17 13:52:45.864000,401.4665580817264,10
2024-09-17 13:52:45.908000,401.4711874118186,101
2024-09-17 13:52:45.994000,401.45710592748014,13
2024-09-17 13:52:46.912000,401.5073451133268,1003
2024-09-17 13:52:47.003000,401.4883820483847,104
2024-09-17 13:52:47.070000,401.4680900385965,8
2024-09-17 13:52:47.093000,401.5333388739846,14
2024-09-17 13:52:47.141000,401.5216345440905,997
2024-09-17 13:52:47.147000,401.5327746495047,104
2024-09-17 13:52:47.189000,401.50895198026336,7
2024-09-17 13:52:47.199000,401.4860607561589,1002
2024-09-17 13:52:47.204000,401.5319679632057,100
2024-09-17 13:52:47.264000,401.5125444459825,14
2024-09-17 13:52:47.298000,401.5357491966258,14
2024-09-17 13:52:47.346000,401.5174147348033,13
2024-09-17 13:52:47.364000,401.4949739352664,98
2024-09-17 13:52:47.436000,401.4768521274272,12
2024-09-17 13:52:47.492000,401.531386735671,1002
2024-09-17 13:52:47.634000,401.544827454844,105
2024-09-17 13:52:47.674000,401.5030359638,13
2024-09-17 13:52:47.736000,401.4931537561997,1002
2024-09-17 13:52:47.750000,401.4984439832432,1001
2024-09-17 13:52:47.823000,401.5049407036959,104
2024-09-17 13:52:47.830000,401.47629459133327,15
2024-09-17 13:52:47.888000,401.5257395190086,997
2024-09-17 13:52:47.902000,401.5409553011708,99
2024-09-17 13:52:47.915000,401.5288590798604,15
2024-09-17 13:52:47.922000,401.5131788057077,12
2024-09-17 13:52:47.964000,401.5263571363437,6
2024-09-17 13:52:47.969000,401.4999641185336,14
2024-09-17 13:52:47.987000,401.4820432861404,99
2024-09-17 13:52:48.128000,401.560809997895,1002
2024-09-17 13:52:48.213000,401.56220115712085,11
2024-09-17 13:52:48.214000,401.55286359454936,101
2024-09-17 13:52:48.226000,401.55665932570577,1001
2024-09-17 13:52:48.311000,401.5645422899853,100
2024-09-17 13:52:48.328000,401.56041524483993,999
2024-09-17 13:52:48.342000,401.5588808521608,10
2024-09-17 13:52:48.366000,401.5110422088066,1005
2024-09-17 13:52:48.398000,401.55904183803153,996
2024-09-17 13:52:48.406000,401.5088588778868,7
2024-09-17 13:52:48.515000,401.57181642909296,11
2024-09-17 13:52:48.519000,401.5565390797782,97
2024-09-17 13:52:48.561000,401.5694122457373,995
2024-09-17 13:52:48.616000,401.54215934527394,9
2024-09-17 13:52:48.618000,401.547558755024,98
2024-09-17 13:52:48.712000,401.5594840538699,998
2024-09-17 13:52:48.734000,401.5743116850612,5
2024-09-17 13:52:48.767000,401.5643965725509,1005
2024-09-17 13:52:48.818000,401.566556080467,5
2024-09-17 13:52:48.830000,401.5275364512751,105
2024-09-17 13:52:48.838000,401.5636200509862,12
2024-09-17 13:52:48.981000,401.5311783413606,103
2024-09-17 13:52:48.995000,401.5700556690395,995
2024-09-17 13:52:49.030000,401.5671562534117,8
2024-09-17 13:52:49.141000,401.5538081737945,995
2024-09-17 13:52:49.170000,401.54039936938017,995
2024-09-17 13:52:49.228000,401.54957901748486,6
2024-09-17 13:52:49.230000,401.5413538574686,998
2024-09-17 13:52:49.273000,401.566175339209,995
2024-09-17 13:52:49.437000,401.5667103002162,6
2024-09-17 13:52:49.456000,401.5655975453436,103
2024-09-17 13:52:49.488000,401.5289139438648,98
2024-09-17 13:52:49.583000,401.51445701711526,99
2024-09-17 13:52:49.591000,401.543635021552,1003
2024-09-17 13:52:49.647000,401.55257401388553,97
2024-09-17 13:52:49.750000,401.5626991054888,12
2024-09-17 13:52:49.750000,401.5685235402946,102
2024-09-17 13:52:49.828000,401.5409665836498,96
2024-09-17 13:52:49.901000,401.5593625240047,98
2024-09-17 13:52:49.994000,401.5580352364992,1002
2024-09-17 13:52:50.071000,401.5475162329223,15
2024-09-17 13:52:50.099000,401.57312869988704,98
2024-09-17 13:52:50.223000,401.524539241902,13
2024-09-17 13:52:50.349000,401.5682855311173,996
2024-09-17 13:52:50.357000,401.5402911861525,105
2024-09-17 13:52:50.531000,401.5638558610044,14
2024-09-17 13:52:50.604000,401.5647389938426,102
2024-09-17 13:52:50.680000,401.54507307940366,1004
2024-09-17 13:52:50.741000,401.53288881786034,9
2024-09-17 13:52:52.009000,401.55196834913016,11
2024-09-17 13:52:52.066000,401.530340909756,96
2024-09-17 13:52:52.092000,401.56283051866126,105
2024-09-17 13:52:52.102000,401.56466745635214,15
2024-09-17 13:52:52.126000,401.5574095846607,995
2024-09-17 13:52:52.134000,401.5697939324888,1002
2024-09-17 13:52:52.192000,401.5577348468424,997
2024-09-17 13:52:52.287000,401.5689249421035,5
2024-09-17 13:52:52.423000,401.5438066562103,100
2024-09-17 13:52:52.488000,401.5509879146034,101
2024-09-17 13:52:52.531000,401.5048810309123,11
2024-09-17 13:52:52.539000,401.5268151220925,7
2024-09-17 13:52:52.546000,401.52294062708376,996
2024-09-17 13:52:52.578000,401.54928187375526,1003
2024-09-17 13:52:52.582000,401.5418748062223,995
2024-09-17 13:52:52.588000,401.5471286506415,996
2024-09-17 13:52:52.591000,401.5544668523924,1004
2024-09-17 13:52:52.636000,401.5571445590795,1003
2024-09-17 13:52:52.677000,401.5504649237106,9
2024-09-17 13:52:52.691000,401.56932086656514,15
2024-09-17 13:52:52.694000,401.5925732198688,995
2024-09-17 13:52:52.722000,401.5266178078352,98
2024-09-17 13:52:52.736000,401.56055727495504,999
2024-09-17 13:52:52.763000,401.5510203512873,7
2024-09-17 13:52:53.006000,401.5252095087898,15
2024-09-17 13:52:53.082000,401.5133680820941,13
2024-09-17 13:52:53.140000,401.5361115794816,997
2024-09-17 13:52:53.157000,401.5153795551088,998
2024-09-17 13:52:53.213000,401.4928443958071,98
2024-09-17 13:52:53.327000,401.5184903534128,98
2024-09-17 13:52:53.346000,401.5210138020389,13
2024-09-17 13:52:53.419000,401.48585346474135,105
2024-09-17 13:52:53.421000,401.5035247811803,97
2024-09-17 13:52:53.423000,401.5148298573462,103
2024-09-17 13:52:53.431000,401.5155940255281,998
2024-09-17 13:52:53.433000,401.4966124280278,104
2024-09-17 13:52:53.450000,401.5062338903298,996
2024-09-17 13:52:53.461000,401.49450341907993,102
2024-09-17 13:52:53.475000,401.5280952469114,104
2024-09-17 13:52:53.571000,401.5300238570041,103
2024-09-17 13:52:53.616000,401.5372270934609,13
2024-09-17 13:52:53.700000,401.5041395257433,95
2024-09-17 13:52:53.783000,401.4965815600012,9
2024-09-17 13:52:53.807000,401.5067434787858,996
2024-09-17 13:52:53.832000,401.4929912547936,999
2024-09-17 13:52:53.843000,401.4862064684132,14
2024-09-17 13:52:53.884000,401.53037383073297,103
2024-09-17 13:52:53.925000,401.5237096043435,1000
2024-09-17 13:52:53.938000,401.5477557836436,103
2024-09-17 13:52:54.139000,401.4269638162441,997
2024-09-17 13:52:54.157000,401.4687982348996,104
2024-09-17 13:52:54.240000,401.4449533818106,104
2024-09-17 13:52:54.409000,401.4736090219377,1003
2024-09-17 13:52:54.420000,401.431163686374,95
2024-09-17 13:52:54.449000,401.4462044276201,14
2024-09-17 13:52:54.505000,401.4616731463353,95
2024-09-17 13:52:54.582000,401.47220152219046,100
2024-09-17 13:52:54.604000,401.4918721117509,7
2024-09-17 13:52:54.675000,401.4665917775719,5
2024-09-17 13:52:54.793000,401.4225031433496,998
2024-09-17 13:52:54.924000,401.431993511848,997
2024-09-17 13:52:55.017000,401.3564275621978,101
2024-09-17 13:52:55.021000,401.44653443312,101
2024-09-17 13:52:55.081000,401.3672045214289,995
2024-09-17 13:52:55.096000,401.3700739849041,995
2024-09-17 13:52:55.294000,401.4551469900873,96
2024-09-17 13:52:55.327000,401.35814859263184,96
2024-09-17 13:52:55.361000,401.3789763125782,1000
2024-09-17 13:52:55.367000,401.4353834940594,9
2024-09-17 13:52:55.385000,401.4424886981669,13
2024-09-17 13:52:55.399000,401.4579294458597,96
2024-09-17 13:52:55.409000,401.3864498634065,100
2024-09-17 13:52:55.413000,401.32722427716845,9
2024-09-17 13:52:55.425000,401.34993121091657,13
2024-09-17 13:52:55.463000,401.3584988321623,10
2024-09-17 13:52:55.516000,401.4452520099829,1001
2024-09-17 13:52:55.539000,401.44164319073184,104
2024-09-17 13:52:55.586000,401.4091842453771,15
2024-09-17 13:52:55.595000,401.44116056621,5
2024-09-17 13:52:55.677000,401.3692635474612,998
2024-09-17 13:52:55.679000,401.4177891237315,104
2024-09-17 13:52:55.713000,401.34906981312406,997
2024-09-17 13:52:55.735000,401.43413144483895,998
2024-09-17 13:52:55.855000,401.3716003386556,96
2024-09-17 13:52:55.858000,401.3835892638508,1004
2024-09-17 13:52:55.916000,401.35861705979295,5
2024-09-17 13:52:55.980000,401.44348817399583,1002
2024-09-17 13:52:56.036000,401.3562760323157,15
2024-09-17 13:52:56.106000,401.3034169337684,103
2024-09-17 13:52:56.130000,401.333312086636,11
2024-09-17 13:52:56.275000,401.350302857782,1005
2024-09-17 13:52:56.296000,401.3608195976224,102
2024-09-17 13:52:56.334000,401.2966294311773,6
2024-09-17 13:52:56.424000,401.3267279204012,7
2024-09-17 13:52:56.428000,401.33587149318464,102
2024-09-17 13:52:56.555000,401.3204684409558,1005
2024-09-17 13:52:56.568000,401.3022257181353,102
2024-09-17 13:52:56.584000,401.35865426696046,1004
2024-09-17 13:52:56.659000,401.3663215642276,1003
2024-09-17 13:52:56.661000,401.35607651623707,14
2024-09-17 13:52:56.754000,401.3549684779701,13
2024-09-17 13:52:56.857000,401.331649238352,997
2024-09-17 13:52:56.934000,401.32495757530654,104
2024-09-17 13:52:56.950000,401.3397030335231,97
2024-09-17 13:52:56.953000,401.3711117988349,98
2024-09-17 13:52:57,401.33041318327935,999
2024-09-17 13:52:57.007000,401.3508155051607,1000
2024-09-17 13:52:57.078000,401.3368672664288,1001
2024-09-17 13:52:57.079000,401.3191467342877,104
2024-09-17 13:52:57.104000,401.3422031331263,998
2024-09-17 13:52:57.114000,401.34480571535,102
2024-09-17 13:52:57.168000,401.3306682972948,1000
2024-09-17 13:52:57.436000,401.36132264562815,14
2024-09-17 13:52:57.448000,401.3146824686691,6
2024-09-17 13:52:57.477000,401.3123514515445,9
2024-09-17 13:52:57.488000,401.326417538277,6
2024-09-17 13:52:57.626000,401.37380619457537,13
2024-09-17 13:52:57.723000,401.3472676868364,98
2024-09-17 13:52:57.745000,401.3368139447168,11
2024-09-17 13:52:57.895000,401.3138380206208,1005
2024-09-17 13:52:58.055000,401.3587950050701,1004
2024-09-17 13:52:58.059000,401.3623691158229,104
2024-09-17 13:52:58.176000,401.3723908617242,5
2024-09-17 13:52:58.176000,401.370127441997,96
2024-09-17 13:52:58.191000,401.3645360466912,997
2024-09-17 13:52:58.214000,401.3735635709715,5
2024-09-17 13:52:58.307000,401.3708278833504,14
2024-09-17 13:52:58.320000,401.3736692393017,7
2024-09-17 13:52:58.335000,401.3987535935012,6
2024-09-17 13:52:58.511000,401.3743292911312,97
2024-09-17 13:52:58.515000,401.3845970597746,9
2024-09-17 13:52:58.525000,401.3840055801448,999
2024-09-17 13:52:58.643000,401.38623409464935,15
2024-09-17 13:52:58.758000,401.3771435284991,1005
2024-09-17 13:52:58.791000,401.36350207632034,14
2024-09-17 13:52:58.839000,401.3526977384426,11
2024-09-17 13:52:58.944000,401.37419538182456,10
2024-09-17 13:52:59.107000,401.4465550013649,11
2024-09-17 13:52:59.389000,401.4305227303004,101
2024-09-17 13:52:59.426000,401.4508778371177,103
2024-09-17 13:52:59.626000,401.4532042943407,1004
2024-09-17 13:52:59.845000,401.44408567936927,13
