Timestamp,Price,Size
2024-09-17 10:36:00.067000,414.7037426317225,104
2024-09-17 10:36:00.325000,414.74483624455365,98
2024-09-17 10:36:00.546000,414.7536009174249,103
2024-09-17 10:36:00.591000,414.6966144459397,12
2024-09-17 10:36:00.660000,414.7220637223836,103
2024-09-17 10:36:01.030000,414.7261088519389,997
2024-09-17 10:36:01.049000,414.6609942314926,5
2024-09-17 10:36:01.127000,414.7009428788513,98
2024-09-17 10:36:01.206000,414.6844438842333,99
2024-09-17 10:36:01.218000,414.69488064797326,998
2024-09-17 10:36:01.221000,414.70723255070624,6
2024-09-17 10:36:01.350000,414.692529190188,9
2024-09-17 10:36:01.448000,414.70536125927794,103
2024-09-17 10:36:01.505000,414.66997784897467,1001
2024-09-17 10:36:01.514000,414.6835322173014,999
2024-09-17 10:36:01.527000,414.70142417739646,999
2024-09-17 10:36:01.535000,414.718028062838,997
2024-09-17 10:36:01.546000,414.6908616887424,14
2024-09-17 10:36:01.612000,414.7188697831239,103
2024-09-17 10:36:01.716000,414.70274629600016,995
2024-09-17 10:36:01.839000,414.6994210065576,1000
2024-09-17 10:36:02.016000,414.6484242680978,998
2024-09-17 10:36:02.018000,414.626581712899,15
2024-09-17 10:36:02.041000,414.6374641692818,105
2024-09-17 10:36:02.074000,414.6637568548714,100
2024-09-17 10:36:02.093000,414.6396592205833,11
2024-09-17 10:36:02.097000,414.6386303378165,14
2024-09-17 10:36:02.173000,414.6277690124777,997
2024-09-17 10:36:02.247000,414.6560836791281,1001
2024-09-17 10:36:02.309000,414.6357319225749,102
2024-09-17 10:36:02.334000,414.6400113531628,1005
2024-09-17 10:36:02.423000,414.64426495770766,14
2024-09-17 10:36:02.492000,414.6415917108561,95
2024-09-17 10:36:02.549000,414.6478222818921,104
2024-09-17 10:36:02.570000,414.6408359895012,12
2024-09-17 10:36:02.815000,414.6432478102004,1004
2024-09-17 10:36:02.817000,414.6467725779244,100
2024-09-17 10:36:02.820000,414.6370692261329,13
2024-09-17 10:36:02.823000,414.6193252914223,1005
2024-09-17 10:36:02.889000,414.6360668644658,100
2024-09-17 10:36:02.943000,414.6657005530795,995
2024-09-17 10:36:03.023000,414.6488362659607,9
2024-09-17 10:36:03.044000,414.651552570211,8
2024-09-17 10:36:03.115000,414.63527638211247,9
2024-09-17 10:36:03.187000,414.6261732995189,1001
2024-09-17 10:36:03.259000,414.6553592272157,98
2024-09-17 10:36:03.295000,414.6617231622133,103
2024-09-17 10:36:03.300000,414.64456518248176,96
2024-09-17 10:36:03.313000,414.6474164700221,998
2024-09-17 10:36:03.355000,414.6577775613152,1004
2024-09-17 10:36:03.410000,414.63741040208,996
2024-09-17 10:36:03.481000,414.63777841054326,12
2024-09-17 10:36:03.637000,414.6555786771647,5
2024-09-17 10:36:03.670000,414.6542389403958,95
2024-09-17 10:36:03.701000,414.6576591125774,100
2024-09-17 10:36:03.711000,414.6373649056845,997
2024-09-17 10:36:03.810000,414.64774234431377,996
2024-09-17 10:36:03.938000,414.6448799978353,97
2024-09-17 10:36:04.158000,414.6814309361847,15
2024-09-17 10:36:04.184000,414.647043420724,11
2024-09-17 10:36:04.216000,414.7052096877127,100
2024-09-17 10:36:04.279000,414.6678019237524,7
2024-09-17 10:36:04.440000,414.6622015413883,104
2024-09-17 10:36:04.521000,414.6918124598402,97
2024-09-17 10:36:04.610000,414.6699891033716,10
2024-09-17 10:36:04.650000,414.65410996944513,996
2024-09-17 10:36:04.684000,414.6491548773312,104
2024-09-17 10:36:04.738000,414.64682568044793,104
2024-09-17 10:36:04.878000,414.6901160799422,9
2024-09-17 10:36:04.884000,414.6494300202872,10
2024-09-17 10:36:05.049000,414.6781497013613,1001
2024-09-17 10:36:05.088000,414.699220683588,997
2024-09-17 10:36:05.369000,414.6754908674624,5
2024-09-17 10:36:05.396000,414.6896143920444,998
2024-09-17 10:36:05.434000,414.6913000690813,11
2024-09-17 10:36:05.488000,414.69151801277553,96
2024-09-17 10:36:05.508000,414.7060350972623,996
2024-09-17 10:36:05.580000,414.6711207909468,7
2024-09-17 10:36:05.603000,414.6929154326391,102
2024-09-17 10:36:05.622000,414.67503009466833,10
2024-09-17 10:36:05.647000,414.68222780319405,96
2024-09-17 10:36:05.775000,414.68717100143886,102
2024-09-17 10:36:05.783000,414.6911230813935,12
2024-09-17 10:36:05.802000,414.70226586439526,995
2024-09-17 10:36:05.850000,414.71496683479154,995
2024-09-17 10:36:05.862000,414.6768106477919,7
2024-09-17 10:36:05.900000,414.69199743751307,9
2024-09-17 10:36:05.970000,414.6865872192488,105
2024-09-17 10:36:05.987000,414.7097721069374,105
2024-09-17 10:36:06.062000,414.6764362505789,996
2024-09-17 10:36:06.192000,414.681942029265,99
2024-09-17 10:36:06.259000,414.68865002366215,95
2024-09-17 10:36:06.263000,414.688011267145,101
2024-09-17 10:36:06.414000,414.7006839597598,1005
2024-09-17 10:36:06.634000,414.6940259353557,9
2024-09-17 10:36:06.694000,414.7085510090577,11
2024-09-17 10:36:06.870000,414.7075705676543,14
2024-09-17 10:36:06.943000,414.7180777810012,997
2024-09-17 10:36:07.058000,414.79420314034553,96
2024-09-17 10:36:07.078000,414.7159902446329,14
2024-09-17 10:36:07.112000,414.7813838090098,102
2024-09-17 10:36:07.126000,414.7070369955464,996
2024-09-17 10:36:07.154000,414.8000057468065,1002
2024-09-17 10:36:07.201000,414.7981749026951,100
2024-09-17 10:36:07.260000,414.8082325430075,96
2024-09-17 10:36:07.328000,414.7914269608948,1001
2024-09-17 10:36:07.347000,414.7911973761764,105
2024-09-17 10:36:07.435000,414.8198680206668,1001
2024-09-17 10:36:07.466000,414.7218298353748,102
2024-09-17 10:36:07.477000,414.78732097238895,98
2024-09-17 10:36:07.484000,414.8040655036436,103
2024-09-17 10:36:07.495000,414.7634333640779,12
2024-09-17 10:36:07.538000,414.8039885038477,97
2024-09-17 10:36:07.543000,414.7799030984883,999
2024-09-17 10:36:07.572000,414.80149741590384,10
2024-09-17 10:36:07.602000,414.792013961854,1004
2024-09-17 10:36:07.682000,414.8283593035331,13
2024-09-17 10:36:07.831000,414.8277470754758,14
2024-09-17 10:36:07.846000,414.814796491601,7
2024-09-17 10:36:07.853000,414.8387143891829,95
2024-09-17 10:36:07.867000,414.8139094707913,15
2024-09-17 10:36:07.891000,414.8012623143946,102
2024-09-17 10:36:07.901000,414.7330238420328,103
2024-09-17 10:36:07.934000,414.7849623641021,995
2024-09-17 10:36:07.960000,414.81536741778433,104
2024-09-17 10:36:08.078000,414.8331643635251,14
2024-09-17 10:36:08.228000,414.8397624755148,1002
2024-09-17 10:36:08.494000,414.8300139896751,100
2024-09-17 10:36:08.529000,414.8191888986309,6
2024-09-17 10:36:08.611000,414.8261446701517,104
2024-09-17 10:36:08.659000,414.8147961384394,102
2024-09-17 10:36:08.732000,414.8294027178784,997
2024-09-17 10:36:08.734000,414.818973102467,1005
2024-09-17 10:36:08.817000,414.8418589094188,1002
2024-09-17 10:36:08.920000,414.8367861018912,12
2024-09-17 10:36:09.011000,414.8083934047304,100
2024-09-17 10:36:09.021000,414.79848519525007,7
2024-09-17 10:36:09.023000,414.8396919647605,9
2024-09-17 10:36:09.135000,414.8122613544784,12
2024-09-17 10:36:09.229000,414.8261618480123,999
2024-09-17 10:36:09.260000,414.8154391050711,102
2024-09-17 10:36:09.288000,414.8004242235828,101
2024-09-17 10:36:09.329000,414.8618028768258,9
2024-09-17 10:36:09.401000,414.8415119124544,1002
2024-09-17 10:36:09.401000,414.8106290125624,101
2024-09-17 10:36:09.405000,414.8215885255655,996
2024-09-17 10:36:09.411000,414.86327081048296,9
2024-09-17 10:36:09.427000,414.8015192091254,98
2024-09-17 10:36:09.531000,414.79208560737567,1001
2024-09-17 10:36:09.536000,414.7929523083416,7
2024-09-17 10:36:09.576000,414.80761119807295,96
2024-09-17 10:36:09.614000,414.78701741455006,5
2024-09-17 10:36:09.634000,414.79553322139446,1005
2024-09-17 10:36:09.646000,414.7995154064382,5
2024-09-17 10:36:09.702000,414.82964371552464,8
2024-09-17 10:36:09.772000,414.8303963283894,105
2024-09-17 10:36:09.775000,414.7852966709811,997
2024-09-17 10:36:09.785000,414.81147600477874,103
2024-09-17 10:36:09.827000,414.8051964697862,13
2024-09-17 10:36:09.832000,414.7951345488625,1004
2024-09-17 10:36:09.937000,414.8436202275864,1004
2024-09-17 10:36:10.005000,414.8184364322048,995
2024-09-17 10:36:10.438000,414.82842214280606,99
2024-09-17 10:36:10.819000,414.8015160411773,9
2024-09-17 10:36:10.931000,414.7958393435789,998
2024-09-17 10:36:10.967000,414.8133921501276,1004
2024-09-17 10:36:11.379000,414.7861913050728,1002
2024-09-17 10:36:13.019000,414.7322831260148,9
2024-09-17 10:36:13.037000,414.69718804758287,102
2024-09-17 10:36:13.057000,414.6837400198719,14
2024-09-17 10:36:13.089000,414.7562738566741,95
2024-09-17 10:36:13.113000,414.72038630777627,15
2024-09-17 10:36:13.366000,414.7055422498655,97
2024-09-17 10:36:13.664000,414.7334511431939,100
2024-09-17 10:36:13.742000,414.7538236743036,6
2024-09-17 10:36:13.846000,414.70425506728526,997
2024-09-17 10:36:13.886000,414.7794058573815,5
2024-09-17 10:36:14.005000,414.7313357793476,96
2024-09-17 10:36:14.024000,414.7742557549784,99
2024-09-17 10:36:14.082000,414.7286944707894,997
2024-09-17 10:36:14.088000,414.762673943149,96
2024-09-17 10:36:14.148000,414.6903551008775,1003
2024-09-17 10:36:14.176000,414.7424842504157,999
2024-09-17 10:36:14.234000,414.7217223625693,15
2024-09-17 10:36:14.248000,414.6898071883077,6
2024-09-17 10:36:14.254000,414.6905057884966,11
2024-09-17 10:36:14.258000,414.7676714072592,1001
2024-09-17 10:36:14.271000,414.6907438412349,103
2024-09-17 10:36:14.283000,414.77010787574346,100
2024-09-17 10:36:14.291000,414.7763074346383,10
2024-09-17 10:36:14.391000,414.76219999180734,996
2024-09-17 10:36:14.428000,414.7831767824092,95
2024-09-17 10:36:14.481000,414.74970631949697,9
2024-09-17 10:36:14.504000,414.7264969464494,1005
2024-09-17 10:36:14.569000,414.73270612778623,102
2024-09-17 10:36:14.634000,414.7036330349233,105
2024-09-17 10:36:14.635000,414.72900223198224,997
2024-09-17 10:36:14.663000,414.700378744927,999
2024-09-17 10:36:14.667000,414.7017616082951,97
2024-09-17 10:36:14.849000,414.7148462361473,1000
2024-09-17 10:36:14.904000,414.73923751589575,10
2024-09-17 10:36:14.928000,414.7264153147468,14
2024-09-17 10:36:14.957000,414.7212727014524,7
2024-09-17 10:36:14.964000,414.7717726968265,102
2024-09-17 10:36:14.965000,414.6956672421999,100
2024-09-17 10:36:15.076000,414.77267368143936,5
2024-09-17 10:36:15.089000,414.7720292028619,96
2024-09-17 10:36:15.122000,414.7972429232423,97
2024-09-17 10:36:15.187000,414.7859102145027,1004
2024-09-17 10:36:15.291000,414.7766232048729,11
2024-09-17 10:36:15.308000,414.79222179655386,103
2024-09-17 10:36:15.320000,414.8097334039278,95
2024-09-17 10:36:15.351000,414.7601110666205,1000
2024-09-17 10:36:15.356000,414.8032638028749,1005
2024-09-17 10:36:15.430000,414.7712242459908,1005
2024-09-17 10:36:15.508000,414.8267090902109,103
2024-09-17 10:36:15.564000,414.7566542055639,95
2024-09-17 10:36:15.707000,414.76168658824594,9
2024-09-17 10:36:15.867000,414.771000452404,12
2024-09-17 10:36:15.948000,414.7955212822857,1001
2024-09-17 10:36:16.035000,414.832343507366,102
2024-09-17 10:36:16.386000,414.8246028044964,105
2024-09-17 10:36:17.011000,414.81479585342566,995
2024-09-17 10:36:17.014000,414.8194702986788,11
2024-09-17 10:36:17.330000,414.82040268644033,995
2024-09-17 10:36:17.429000,414.82071520568167,6
2024-09-17 10:36:18.100000,414.8231364448976,11
2024-09-17 10:36:18.279000,414.74393174177015,101
2024-09-17 10:36:18.314000,414.80863614062906,996
2024-09-17 10:36:18.474000,414.7798211952607,998
2024-09-17 10:36:18.481000,414.8102252894305,103
2024-09-17 10:36:18.524000,414.8114941039023,1000
2024-09-17 10:36:18.602000,414.7887578336374,99
2024-09-17 10:36:18.633000,414.8152340474107,101
2024-09-17 10:36:18.740000,414.8078920214953,8
2024-09-17 10:36:18.745000,414.8225798054246,995
2024-09-17 10:36:18.840000,414.74984019892827,102
2024-09-17 10:36:18.856000,414.7644040083971,997
2024-09-17 10:36:18.861000,414.80254620696354,1001
2024-09-17 10:36:18.867000,414.7730517668773,13
2024-09-17 10:36:19.054000,414.75791938439255,999
2024-09-17 10:36:19.157000,414.7366889683237,95
2024-09-17 10:36:19.175000,414.7553449319846,99
2024-09-17 10:36:19.194000,414.7578789293853,97
2024-09-17 10:36:19.236000,414.7375666597314,104
2024-09-17 10:36:19.406000,414.7539452954695,14
2024-09-17 10:36:19.509000,414.7192664528585,15
2024-09-17 10:36:19.573000,414.7289174681639,1005
2024-09-17 10:36:19.608000,414.74802320744425,101
2024-09-17 10:36:19.632000,414.7269900112466,103
2024-09-17 10:36:19.690000,414.73369382062856,1002
2024-09-17 10:36:19.841000,414.7079952668941,13
2024-09-17 10:36:19.933000,414.7082160318601,7
2024-09-17 10:36:19.980000,414.7363255265009,998
2024-09-17 10:36:20.013000,414.6931193833993,1001
2024-09-17 10:36:20.813000,414.6725038775472,98
2024-09-17 10:36:20.997000,414.7067946493052,99
2024-09-17 10:36:21.002000,414.6602495679082,103
2024-09-17 10:36:21.038000,414.651112431828,9
2024-09-17 10:36:21.137000,414.6463185191183,999
2024-09-17 10:36:21.165000,414.65993060675913,96
2024-09-17 10:36:21.197000,414.640626126683,102
2024-09-17 10:36:21.289000,414.6545364284913,97
2024-09-17 10:36:21.292000,414.67056796474577,98
2024-09-17 10:36:21.319000,414.6754387716365,1005
2024-09-17 10:36:21.356000,414.6266455053644,103
2024-09-17 10:36:21.475000,414.67612727995805,5
2024-09-17 10:36:21.505000,414.69101175026,1005
2024-09-17 10:36:21.521000,414.6872612323464,1004
2024-09-17 10:36:21.527000,414.6452917812884,997
2024-09-17 10:36:21.541000,414.6682672483544,9
2024-09-17 10:36:21.676000,414.65996589957473,996
2024-09-17 10:36:21.752000,414.6421061538354,1001
2024-09-17 10:36:21.775000,414.6825030192154,7
2024-09-17 10:36:21.792000,414.6323203301885,9
2024-09-17 10:36:21.804000,414.6821078366407,1000
2024-09-17 10:36:21.905000,414.6155225188772,998
2024-09-17 10:36:21.960000,414.62747744815215,12
2024-09-17 10:36:21.975000,414.6817372018989,102
2024-09-17 10:36:22.244000,414.65675277216087,6
2024-09-17 10:36:22.466000,414.6719018554479,103
2024-09-17 10:36:22.559000,414.6738696106474,995
2024-09-17 10:36:23.065000,414.66016639691634,998
2024-09-17 10:36:23.067000,414.6767189052639,998
2024-09-17 10:36:23.303000,414.6735000714866,5
2024-09-17 10:36:23.357000,414.6489209262579,1001
2024-09-17 10:36:23.598000,414.6550291117484,995
2024-09-17 10:36:23.783000,414.6866707292518,1000
2024-09-17 10:36:23.839000,414.6552078037748,99
2024-09-17 10:36:24.443000,414.6439866621225,12
2024-09-17 10:36:24.461000,414.6236491005227,100
2024-09-17 10:36:24.483000,414.64154741492,1002
2024-09-17 10:36:24.623000,414.6328203868821,102
2024-09-17 10:36:24.723000,414.6272461197047,5
2024-09-17 10:36:24.879000,414.6376185971266,13
2024-09-17 10:36:25.024000,414.7090616539881,5
2024-09-17 10:36:25.067000,414.644448113856,997
2024-09-17 10:36:25.101000,414.8197205327599,97
2024-09-17 10:36:25.184000,414.8008591591769,1005
2024-09-17 10:36:25.226000,414.7369437573429,999
2024-09-17 10:36:25.268000,414.70238192693193,1001
2024-09-17 10:36:25.428000,414.81189860904266,1000
2024-09-17 10:36:25.435000,414.81504097950216,997
2024-09-17 10:36:25.444000,414.72065948752487,11
2024-09-17 10:36:25.464000,414.8168328196957,97
2024-09-17 10:36:25.522000,414.6436355726782,10
2024-09-17 10:36:25.602000,414.6677070309536,7
2024-09-17 10:36:25.606000,414.65986858049496,105
2024-09-17 10:36:25.629000,414.64696359684456,102
2024-09-17 10:36:25.635000,414.8246773522403,97
2024-09-17 10:36:25.649000,414.7479925272081,13
2024-09-17 10:36:25.701000,414.7741300268041,105
2024-09-17 10:36:25.710000,414.70902894600056,97
2024-09-17 10:36:25.721000,414.8091755063169,996
2024-09-17 10:36:25.810000,414.7139569771519,12
2024-09-17 10:36:25.812000,414.7935334482713,104
2024-09-17 10:36:25.830000,414.6730021097902,103
2024-09-17 10:36:25.852000,414.80481903560377,996
2024-09-17 10:36:25.880000,414.76210791185815,98
2024-09-17 10:36:25.972000,414.6521785346236,1003
2024-09-17 10:36:26.012000,414.85819481474937,1004
2024-09-17 10:36:26.043000,414.85018515621937,998
2024-09-17 10:36:26.105000,414.8115192052177,1003
2024-09-17 10:36:26.110000,414.7824638078833,5
2024-09-17 10:36:26.114000,414.79378358123887,14
2024-09-17 10:36:26.162000,414.8124196682584,997
2024-09-17 10:36:26.188000,414.8542762469736,103
2024-09-17 10:36:26.238000,414.791018894194,997
2024-09-17 10:36:26.292000,414.81341416049344,13
2024-09-17 10:36:26.394000,414.8547129891728,995
2024-09-17 10:36:26.407000,414.8411464067132,6
2024-09-17 10:36:26.492000,414.8241184760524,995
2024-09-17 10:36:26.583000,414.78430060711617,99
2024-09-17 10:36:26.622000,414.8412550906648,95
2024-09-17 10:36:26.703000,414.8384226561562,95
2024-09-17 10:36:26.761000,414.8462553414624,10
2024-09-17 10:36:26.830000,414.77949898548457,103
2024-09-17 10:36:26.888000,414.7717772824272,9
2024-09-17 10:36:26.938000,414.8102086567614,100
2024-09-17 10:36:26.965000,414.7685143193319,15
2024-09-17 10:36:26.982000,414.7966950311102,11
2024-09-17 10:36:26.996000,414.8539564161559,13
2024-09-17 10:36:27.107000,414.8454853666448,102
2024-09-17 10:36:27.159000,414.8551131666054,96
2024-09-17 10:36:27.179000,414.8431297597741,104
2024-09-17 10:36:27.252000,414.8635094246855,7
2024-09-17 10:36:27.295000,414.870055770069,7
2024-09-17 10:36:27.364000,414.84827609162056,98
2024-09-17 10:36:27.380000,414.8371216146009,95
2024-09-17 10:36:27.411000,414.86542681164144,995
2024-09-17 10:36:27.505000,414.8567744753594,5
2024-09-17 10:36:27.525000,414.8622650034124,11
2024-09-17 10:36:27.556000,414.8539638168234,1001
2024-09-17 10:36:27.615000,414.8712751357114,11
2024-09-17 10:36:27.642000,414.8643563320982,998
2024-09-17 10:36:27.717000,414.8630716878868,13
2024-09-17 10:36:27.720000,414.8316411412197,103
2024-09-17 10:36:27.953000,414.8367076515103,1002
2024-09-17 10:36:28.034000,414.8308678957154,98
2024-09-17 10:36:28.055000,414.8537235738863,999
2024-09-17 10:36:28.126000,414.8128925671907,9
2024-09-17 10:36:28.143000,414.8580375664727,10
2024-09-17 10:36:28.193000,414.84104977627527,100
2024-09-17 10:36:28.209000,414.8189810651724,97
2024-09-17 10:36:28.329000,414.8146719755952,101
2024-09-17 10:36:28.412000,414.8232190894527,95
2024-09-17 10:36:28.496000,414.853516891017,8
2024-09-17 10:36:28.637000,414.8344127981251,996
2024-09-17 10:36:28.743000,414.84693124709,13
2024-09-17 10:36:28.761000,414.8255323561546,100
2024-09-17 10:36:28.867000,414.83930980318365,8
2024-09-17 10:36:28.879000,414.8317447982558,996
2024-09-17 10:36:29.121000,414.8595951971034,6
2024-09-17 10:36:29.242000,414.8377332048364,105
2024-09-17 10:36:29.317000,414.8498813210375,995
2024-09-17 10:36:29.393000,414.8522410398637,999
2024-09-17 10:36:30.068000,414.8500528266161,104
2024-09-17 10:36:30.180000,414.8090226406604,9
2024-09-17 10:36:30.227000,414.8312660234676,7
2024-09-17 10:36:30.270000,414.84794634971456,1003
2024-09-17 10:36:30.540000,414.7955978030869,95
2024-09-17 10:36:30.543000,414.8192951067909,101
2024-09-17 10:36:30.671000,414.8147978704996,101
2024-09-17 10:36:30.721000,414.80315885144864,995
2024-09-17 10:36:30.804000,414.8140467558624,104
2024-09-17 10:36:30.913000,414.8101405916855,100
2024-09-17 10:36:30.931000,414.79986007280615,997
2024-09-17 10:36:31.027000,414.8079754130075,1001
2024-09-17 10:36:31.181000,414.8214801378522,996
2024-09-17 10:36:31.753000,414.8009108973276,98
2024-09-17 10:36:32.009000,414.7810001790125,8
2024-09-17 10:36:32.012000,414.8117776742792,13
2024-09-17 10:36:32.174000,414.8071146048244,995
2024-09-17 10:36:32.179000,414.8052789502889,104
2024-09-17 10:36:32.194000,414.8517751841986,1004
2024-09-17 10:36:32.220000,414.826968627484,99
2024-09-17 10:36:32.244000,414.7988951486992,1002
2024-09-17 10:36:32.310000,414.8336996538151,8
2024-09-17 10:36:32.328000,414.8280689439282,7
2024-09-17 10:36:32.380000,414.85567261865657,97
2024-09-17 10:36:32.408000,414.7947382171871,997
2024-09-17 10:36:32.444000,414.8034781392303,9
2024-09-17 10:36:32.447000,414.8693790577825,6
2024-09-17 10:36:32.511000,414.7958494954546,105
2024-09-17 10:36:32.726000,414.7932551290824,98
2024-09-17 10:36:32.729000,414.8403928970263,100
2024-09-17 10:36:32.775000,414.85456017180303,14
2024-09-17 10:36:32.812000,414.826762356643,105
2024-09-17 10:36:32.864000,414.7899543784739,96
2024-09-17 10:36:32.876000,414.8394299336864,101
2024-09-17 10:36:32.891000,414.7893813350294,103
2024-09-17 10:36:33.020000,414.8592349752458,99
2024-09-17 10:36:33.068000,414.8072922053278,95
2024-09-17 10:36:33.125000,414.8114352864845,96
2024-09-17 10:36:33.166000,414.85090090601153,98
2024-09-17 10:36:33.167000,414.83943508180175,105
2024-09-17 10:36:33.234000,414.8897416867225,9
2024-09-17 10:36:33.303000,414.8083279996738,1002
2024-09-17 10:36:33.304000,414.8055347566542,997
2024-09-17 10:36:33.334000,414.86935829652407,105
2024-09-17 10:36:33.627000,414.8489295477396,98
2024-09-17 10:36:33.671000,414.8648872324232,5
2024-09-17 10:36:33.777000,414.89249912693856,998
2024-09-17 10:36:33.829000,414.8264013121837,8
2024-09-17 10:36:33.933000,414.8291443622431,6
2024-09-17 10:36:33.945000,414.8824166264205,15
2024-09-17 10:36:34.073000,414.8957293884051,97
2024-09-17 10:36:34.138000,414.8912437675495,1003
2024-09-17 10:36:34.157000,414.93493720744,1001
2024-09-17 10:36:34.228000,414.8775365378239,10
2024-09-17 10:36:34.228000,414.9087963111922,15
2024-09-17 10:36:34.247000,414.9106359432593,998
2024-09-17 10:36:34.386000,414.8984426907345,996
2024-09-17 10:36:34.432000,414.9123859451024,999
2024-09-17 10:36:34.461000,414.9070141324516,96
2024-09-17 10:36:34.488000,414.8911902712875,96
2024-09-17 10:36:34.523000,414.9134068269934,1005
2024-09-17 10:36:34.701000,414.8903291241913,997
2024-09-17 10:36:34.833000,414.9009802529972,105
2024-09-17 10:36:34.834000,414.91383625561735,14
2024-09-17 10:36:34.845000,414.8716380411606,11
2024-09-17 10:36:34.875000,414.9413594417457,1000
2024-09-17 10:36:34.875000,414.8819794082439,9
2024-09-17 10:36:34.972000,414.9169449230548,102
2024-09-17 10:36:34.991000,414.8724925560909,1002
2024-09-17 10:36:35.115000,414.8708743740681,1004
2024-09-17 10:36:35.246000,414.84886454493744,97
2024-09-17 10:36:35.254000,414.8894893039141,9
2024-09-17 10:36:35.304000,414.83047037519685,101
2024-09-17 10:36:35.355000,414.84643920628633,96
2024-09-17 10:36:35.357000,414.86054159639474,5
2024-09-17 10:36:35.435000,414.8650683662548,99
2024-09-17 10:36:35.458000,414.8776228869488,1003
2024-09-17 10:36:35.465000,414.85725842341145,13
2024-09-17 10:36:35.493000,414.8597771779137,104
2024-09-17 10:36:35.500000,414.87682654001225,12
2024-09-17 10:36:35.716000,414.8567563743593,997
2024-09-17 10:36:35.772000,414.8837425885396,1003
2024-09-17 10:36:35.871000,414.9001087434703,8
2024-09-17 10:36:35.988000,414.8870111104376,97
2024-09-17 10:36:36.033000,414.859587642466,1000
2024-09-17 10:36:36.077000,414.8679389192925,1003
2024-09-17 10:36:36.158000,414.89328546978686,101
2024-09-17 10:36:36.370000,414.8964696292617,95
2024-09-17 10:36:36.476000,414.895684267846,102
2024-09-17 10:36:36.495000,414.8466175740752,1002
2024-09-17 10:36:36.582000,414.8455509060368,1005
2024-09-17 10:36:36.757000,414.8561479648267,104
2024-09-17 10:36:36.774000,414.85998846915146,97
2024-09-17 10:36:36.812000,414.8738930065048,96
2024-09-17 10:36:36.835000,414.872665786504,15
2024-09-17 10:36:36.918000,414.872424297147,1000
2024-09-17 10:36:36.936000,414.8876975594238,100
2024-09-17 10:36:37.006000,414.82872301257913,101
2024-09-17 10:36:37.017000,414.836075506857,999
2024-09-17 10:36:37.256000,414.82658787152064,1001
2024-09-17 10:36:37.328000,414.8310731670298,100
2024-09-17 10:36:37.466000,414.8339460631285,5
2024-09-17 10:36:37.482000,414.8364248903854,15
2024-09-17 10:36:37.540000,414.826374892316,1000
2024-09-17 10:36:37.663000,414.84285365129045,1002
2024-09-17 10:36:37.922000,414.84026753547374,11
2024-09-17 10:36:37.963000,414.8372428121468,96
2024-09-17 10:36:37.974000,414.8318120380634,95
2024-09-17 10:36:37.982000,414.8393452028887,99
2024-09-17 10:36:38.080000,414.83157435581205,6
2024-09-17 10:36:38.158000,414.8373663952987,1000
2024-09-17 10:36:38.172000,414.86678587527314,15
2024-09-17 10:36:38.283000,414.8619933552827,995
2024-09-17 10:36:38.324000,414.8581689390808,999
2024-09-17 10:36:38.355000,414.8528829126751,1003
2024-09-17 10:36:38.466000,414.88240311664975,999
2024-09-17 10:36:38.482000,414.856977463616,99
2024-09-17 10:36:38.504000,414.87372657246414,99
2024-09-17 10:36:38.525000,414.8113345011226,104
2024-09-17 10:36:38.561000,414.8407363435093,98
2024-09-17 10:36:38.567000,414.8674434894672,7
2024-09-17 10:36:38.757000,414.8416716416262,6
2024-09-17 10:36:38.882000,414.8450265267562,105
2024-09-17 10:36:38.905000,414.85361773049874,101
2024-09-17 10:36:39.061000,414.8054083191272,101
2024-09-17 10:36:39.292000,414.829438729357,102
2024-09-17 10:36:39.334000,414.86452878852,6
2024-09-17 10:36:39.519000,414.8081231386636,1004
2024-09-17 10:36:39.554000,414.8419623156033,103
2024-09-17 10:36:39.729000,414.8079173015698,100
2024-09-17 10:36:39.745000,414.8296365942269,102
2024-09-17 10:36:40.098000,414.7942566714084,6
2024-09-17 10:36:41.156000,414.8331418398005,102
2024-09-17 10:36:41.173000,414.8097480234002,5
2024-09-17 10:36:41.210000,414.78574798104665,97
2024-09-17 10:36:41.217000,414.81317322118696,996
2024-09-17 10:36:41.263000,414.8090858755627,997
2024-09-17 10:36:41.380000,414.8071058172493,997
2024-09-17 10:36:41.424000,414.8252326049032,6
2024-09-17 10:36:41.456000,414.7833254725184,101
2024-09-17 10:36:41.499000,414.8230040977055,1001
2024-09-17 10:36:41.574000,414.78834123125785,998
2024-09-17 10:36:41.600000,414.8816119649913,8
2024-09-17 10:36:41.616000,414.80585752016464,1003
2024-09-17 10:36:41.645000,414.8256425194418,12
2024-09-17 10:36:41.661000,414.80618625314935,10
2024-09-17 10:36:41.703000,414.7808024263026,98
2024-09-17 10:36:41.722000,414.8638631891442,1000
2024-09-17 10:36:41.736000,414.8164824847615,8
2024-09-17 10:36:41.752000,414.8365087364088,9
2024-09-17 10:36:41.781000,414.83284085232987,102
2024-09-17 10:36:41.812000,414.8076570545469,8
2024-09-17 10:36:41.851000,414.82162844492046,995
2024-09-17 10:36:41.867000,414.8668314432765,99
2024-09-17 10:36:41.899000,414.7982452216876,98
2024-09-17 10:36:41.983000,414.864741977877,104
2024-09-17 10:36:42.162000,414.854084435374,102
2024-09-17 10:36:42.163000,414.8295508154354,12
2024-09-17 10:36:42.185000,414.8368039957151,8
2024-09-17 10:36:42.385000,414.8071307394824,98
2024-09-17 10:36:42.456000,414.83779786088655,1000
2024-09-17 10:36:42.481000,414.88348814342,15
2024-09-17 10:36:42.555000,414.778033891325,103
2024-09-17 10:36:42.812000,414.7963239718194,996
2024-09-17 10:36:42.821000,414.8675011449211,1003
2024-09-17 10:36:42.828000,414.83702009821815,1003
2024-09-17 10:36:42.974000,414.79559928685217,12
2024-09-17 10:36:43.030000,414.7304412667206,95
2024-09-17 10:36:43.040000,414.81183723963,100
2024-09-17 10:36:43.044000,414.73248895979225,13
2024-09-17 10:36:43.059000,414.7527201879478,5
2024-09-17 10:36:43.085000,414.8097057515406,100
2024-09-17 10:36:43.172000,414.7663330938432,99
2024-09-17 10:36:43.274000,414.7877272536105,12
2024-09-17 10:36:43.275000,414.81306106906095,10
2024-09-17 10:36:43.282000,414.8374159375393,5
2024-09-17 10:36:43.304000,414.82439268845326,101
2024-09-17 10:36:43.304000,414.7915913161115,9
2024-09-17 10:36:43.330000,414.74159923174943,12
2024-09-17 10:36:43.392000,414.79384972513947,97
2024-09-17 10:36:43.420000,414.8189021465776,5
2024-09-17 10:36:43.422000,414.814729810557,14
2024-09-17 10:36:43.428000,414.8025375170271,6
2024-09-17 10:36:43.452000,414.7968771210567,995
2024-09-17 10:36:43.549000,414.7598206383786,9
2024-09-17 10:36:43.683000,414.8246886527819,1005
2024-09-17 10:36:43.697000,414.79674624315805,7
2024-09-17 10:36:43.703000,414.8273101053675,6
2024-09-17 10:36:43.750000,414.812494484668,103
2024-09-17 10:36:43.790000,414.7515515596235,99
2024-09-17 10:36:43.822000,414.8044142537349,96
2024-09-17 10:36:43.835000,414.801862829752,10
2024-09-17 10:36:43.850000,414.807747586904,1005
2024-09-17 10:36:43.958000,414.7637148379768,11
2024-09-17 10:36:43.965000,414.773749489,98
2024-09-17 10:36:43.999000,414.7509447148235,103
2024-09-17 10:36:44.004000,414.8086542119713,1004
2024-09-17 10:36:44.058000,414.7684880543736,96
2024-09-17 10:36:44.082000,414.8228921051407,101
2024-09-17 10:36:44.089000,414.83006197628816,996
2024-09-17 10:36:44.141000,414.8162668821176,12
2024-09-17 10:36:44.359000,414.7826049003496,1005
2024-09-17 10:36:44.385000,414.8682947810639,15
2024-09-17 10:36:44.436000,414.7704656131408,10
2024-09-17 10:36:44.515000,414.8591764638112,1002
2024-09-17 10:36:44.530000,414.7676476470909,996
2024-09-17 10:36:44.555000,414.83849605362144,103
2024-09-17 10:36:44.579000,414.7714151443233,104
2024-09-17 10:36:44.593000,414.8314191355384,13
2024-09-17 10:36:44.620000,414.7722962907933,995
2024-09-17 10:36:44.659000,414.77104829940544,997
2024-09-17 10:36:44.716000,414.7800815742419,1003
2024-09-17 10:36:44.860000,414.8266733805596,14
2024-09-17 10:36:44.879000,414.8361638725067,7
2024-09-17 10:36:44.885000,414.7978176591281,96
2024-09-17 10:36:45.020000,414.7572066269324,7
2024-09-17 10:36:45.021000,414.7460190669743,7
2024-09-17 10:36:45.105000,414.73281331904826,99
2024-09-17 10:36:45.224000,414.7707866954296,15
2024-09-17 10:36:45.227000,414.74199764867865,103
2024-09-17 10:36:45.239000,414.7397765897117,998
2024-09-17 10:36:45.372000,414.75075037702135,1002
2024-09-17 10:36:45.373000,414.767092533382,14
2024-09-17 10:36:45.572000,414.7285551719718,996
2024-09-17 10:36:45.790000,414.7894416074851,7
2024-09-17 10:36:45.861000,414.7805636626635,1005
2024-09-17 10:36:45.892000,414.76824734484376,8
2024-09-17 10:36:45.935000,414.7490681886366,1005
2024-09-17 10:36:45.953000,414.7292132769143,5
2024-09-17 10:36:45.988000,414.7367937194644,1003
2024-09-17 10:36:46.025000,414.746073803314,100
2024-09-17 10:36:46.138000,414.756045074949,11
2024-09-17 10:36:46.157000,414.7471829131969,1004
2024-09-17 10:36:46.158000,414.8088594592048,1005
2024-09-17 10:36:46.165000,414.7820769324564,15
2024-09-17 10:36:46.190000,414.74513353049537,1002
2024-09-17 10:36:46.206000,414.7503109608968,95
2024-09-17 10:36:46.218000,414.7514152112432,8
2024-09-17 10:36:46.275000,414.816047813674,998
2024-09-17 10:36:46.364000,414.7438775257168,13
2024-09-17 10:36:46.382000,414.7360463913953,997
2024-09-17 10:36:46.384000,414.737960995867,5
2024-09-17 10:36:46.423000,414.82129149963777,8
2024-09-17 10:36:46.487000,414.8109861343909,1001
2024-09-17 10:36:46.493000,414.8254645811084,6
2024-09-17 10:36:46.512000,414.77133234787215,996
2024-09-17 10:36:46.540000,414.8113872919719,103
2024-09-17 10:36:46.551000,414.7963755811948,100
2024-09-17 10:36:46.672000,414.757319520449,996
2024-09-17 10:36:46.677000,414.7669650232697,11
2024-09-17 10:36:46.701000,414.78851413317074,1004
2024-09-17 10:36:46.759000,414.8082666448913,997
2024-09-17 10:36:46.764000,414.7530014384686,7
2024-09-17 10:36:46.815000,414.7552173929101,1002
2024-09-17 10:36:46.839000,414.76196540134606,6
2024-09-17 10:36:46.891000,414.7952585114086,103
2024-09-17 10:36:46.901000,414.7349523477603,1002
2024-09-17 10:36:46.957000,414.7520624353731,15
2024-09-17 10:36:47.095000,414.79551979024654,1004
2024-09-17 10:36:47.150000,414.80841291669486,12
2024-09-17 10:36:47.161000,414.7918937255441,99
2024-09-17 10:36:47.207000,414.7897009744797,96
2024-09-17 10:36:47.284000,414.765622360649,995
2024-09-17 10:36:47.318000,414.7746767526182,1000
2024-09-17 10:36:47.361000,414.79127439858,99
2024-09-17 10:36:47.635000,414.81014885820537,1005
2024-09-17 10:36:47.677000,414.7951875649981,1000
2024-09-17 10:36:47.860000,414.77706078959767,102
2024-09-17 10:36:47.909000,414.7818253424245,97
2024-09-17 10:36:47.912000,414.75163593016384,7
2024-09-17 10:36:47.935000,414.77964139922057,998
2024-09-17 10:36:48.145000,414.8149063380652,1005
2024-09-17 10:36:48.555000,414.7986052830336,11
2024-09-17 10:36:48.580000,414.812054361709,14
2024-09-17 10:36:48.732000,414.8063821546142,96
2024-09-17 10:36:48.969000,414.80096177352993,14
2024-09-17 10:36:49.018000,414.8761330129838,8
2024-09-17 10:36:49.063000,414.8548680598296,13
2024-09-17 10:36:49.092000,414.8584626565975,10
2024-09-17 10:36:49.191000,414.8551709086972,105
2024-09-17 10:36:49.270000,414.82159920609,105
2024-09-17 10:36:49.287000,414.853697795045,101
2024-09-17 10:36:49.302000,414.839331022657,6
2024-09-17 10:36:49.410000,414.8750284929949,103
2024-09-17 10:36:49.464000,414.85364634709714,102
2024-09-17 10:36:49.638000,414.8349805819525,1000
2024-09-17 10:36:49.650000,414.82927718845656,104
2024-09-17 10:36:49.705000,414.8469602617597,99
2024-09-17 10:36:49.751000,414.8323678204337,105
2024-09-17 10:36:49.773000,414.81555433935,1001
2024-09-17 10:36:49.782000,414.8564868189763,102
2024-09-17 10:36:49.805000,414.8051327843757,103
2024-09-17 10:36:49.808000,414.85460707952217,104
2024-09-17 10:36:49.923000,414.8485855859312,1003
2024-09-17 10:36:49.925000,414.8137578018678,1000
2024-09-17 10:36:49.928000,414.8514235718951,97
2024-09-17 10:36:50.015000,414.8671520649892,101
2024-09-17 10:36:50.107000,414.8411473969885,12
2024-09-17 10:36:50.130000,414.87545158896296,1000
2024-09-17 10:36:50.194000,414.91281936871854,15
2024-09-17 10:36:50.240000,414.8856562409164,1003
2024-09-17 10:36:50.300000,414.9257071861571,103
2024-09-17 10:36:50.378000,414.9036714665485,1005
2024-09-17 10:36:50.429000,414.8535155646269,104
2024-09-17 10:36:50.431000,414.8724252172796,101
2024-09-17 10:36:50.432000,414.8421534404835,15
2024-09-17 10:36:50.499000,414.8672365960419,999
2024-09-17 10:36:50.512000,414.84159409828106,1001
2024-09-17 10:36:50.538000,414.9369141285711,13
2024-09-17 10:36:50.605000,414.83498979013376,1004
2024-09-17 10:36:50.624000,414.9312714039848,6
2024-09-17 10:36:50.738000,414.8734587543444,102
2024-09-17 10:36:50.741000,414.9284090942278,6
2024-09-17 10:36:50.796000,414.929587282246,96
2024-09-17 10:36:50.812000,414.9359948565781,96
2024-09-17 10:36:50.819000,414.9159120566189,99
2024-09-17 10:36:50.873000,414.9279535856061,7
2024-09-17 10:36:50.899000,414.8906450567378,999
2024-09-17 10:36:50.918000,414.9193149606868,1002
2024-09-17 10:36:51.013000,414.9021491187753,97
2024-09-17 10:36:51.669000,414.9126628011819,103
2024-09-17 10:36:51.783000,414.9234443949958,105
2024-09-17 10:36:52.021000,414.8962702328631,102
2024-09-17 10:36:52.711000,414.88986685116646,13
2024-09-17 10:36:53.225000,414.872005212883,5
2024-09-17 10:36:53.416000,414.8774937080301,100
2024-09-17 10:36:53.648000,414.8779966420983,1001
2024-09-17 10:36:53.794000,414.88463439538265,8
2024-09-17 10:36:53.912000,414.8841191710472,995
2024-09-17 10:36:54.349000,414.86503936981126,11
2024-09-17 10:36:54.590000,414.8889866641801,8
2024-09-17 10:36:54.742000,414.8814392334079,95
2024-09-17 10:36:55.112000,414.9095958270407,96
2024-09-17 10:36:55.223000,414.9094348362974,6
2024-09-17 10:36:55.233000,414.9752376915481,995
2024-09-17 10:36:55.271000,414.87726480489727,1005
2024-09-17 10:36:55.284000,414.9180643476605,11
2024-09-17 10:36:55.362000,414.9328558159922,101
2024-09-17 10:36:55.459000,414.86023111229815,1004
2024-09-17 10:36:55.522000,414.8985510630801,999
2024-09-17 10:36:55.549000,414.9491279910767,997
2024-09-17 10:36:55.601000,414.94262192157294,97
2024-09-17 10:36:55.669000,415.00238423565565,999
2024-09-17 10:36:55.735000,414.9736250884301,103
2024-09-17 10:36:55.754000,414.9004667384806,6
2024-09-17 10:36:55.773000,414.852227225028,100
2024-09-17 10:36:55.816000,414.97105785858594,996
2024-09-17 10:36:55.853000,414.96661349973607,97
2024-09-17 10:36:56.250000,414.9757083932431,1000
2024-09-17 10:36:56.253000,414.9891302096755,15
2024-09-17 10:36:56.598000,414.9928372979981,9
2024-09-17 10:36:56.661000,414.9793116248456,13
2024-09-17 10:36:56.980000,414.996077651138,11
2024-09-17 10:36:57.011000,414.9425604697918,996
2024-09-17 10:36:57.069000,414.95940792826826,104
2024-09-17 10:36:57.141000,414.9524170806927,101
2024-09-17 10:36:57.146000,414.98040122866246,99
2024-09-17 10:36:57.242000,414.98008883891066,5
2024-09-17 10:36:57.301000,414.9240994132906,7
2024-09-17 10:36:57.348000,414.9685082163144,996
2024-09-17 10:36:57.349000,414.96939664088086,999
2024-09-17 10:36:57.380000,414.9817691213743,5
2024-09-17 10:36:57.408000,414.97659842437696,997
2024-09-17 10:36:57.446000,414.9471024427671,999
2024-09-17 10:36:57.488000,414.951410110364,7
2024-09-17 10:36:57.500000,414.9689919002118,997
2024-09-17 10:36:57.523000,414.9421449714149,999
2024-09-17 10:36:57.552000,414.9781509914373,15
2024-09-17 10:36:57.571000,414.9367400860476,97
2024-09-17 10:36:57.578000,414.96974006677925,98
2024-09-17 10:36:57.597000,414.94231151996223,97
2024-09-17 10:36:57.668000,415.00893792623856,1004
2024-09-17 10:36:57.786000,414.9457157475496,97
2024-09-17 10:36:57.811000,414.9639123053432,1000
2024-09-17 10:36:57.901000,414.96345820271296,8
2024-09-17 10:36:57.922000,414.9776262459555,98
2024-09-17 10:36:57.929000,414.9776405643078,996
2024-09-17 10:36:57.955000,415.00859948920623,14
2024-09-17 10:36:58.144000,414.95282410758654,7
2024-09-17 10:36:58.187000,414.9419579671807,1004
2024-09-17 10:36:58.458000,414.9313024168805,1001
2024-09-17 10:36:58.962000,414.9240027548477,1003
2024-09-17 10:36:59.045000,414.9984910832536,5
2024-09-17 10:36:59.127000,414.9587392170419,1001
2024-09-17 10:36:59.307000,414.9383937685675,15
2024-09-17 10:36:59.330000,414.9910824516479,9
2024-09-17 10:36:59.375000,414.9732822306527,998
2024-09-17 10:36:59.410000,414.9517996039252,1002
2024-09-17 10:36:59.414000,415.0020893462996,8
2024-09-17 10:36:59.424000,415.0045399762695,13
2024-09-17 10:36:59.469000,414.97753330161447,1002
2024-09-17 10:36:59.483000,414.9870151213936,9
2024-09-17 10:36:59.521000,414.97909268735646,5
2024-09-17 10:36:59.536000,414.99374983346064,97
2024-09-17 10:36:59.583000,414.96037097933504,103
2024-09-17 10:36:59.647000,414.9932694625291,1000
2024-09-17 10:36:59.689000,414.9963799981771,96
2024-09-17 10:36:59.721000,414.99588005384095,1002
2024-09-17 10:36:59.725000,415.0032209170714,1002
2024-09-17 10:36:59.743000,414.9594017038975,998
2024-09-17 10:36:59.750000,414.94312067542,997
2024-09-17 10:36:59.770000,414.992599050456,6
2024-09-17 10:36:59.770000,414.9913382704063,101
2024-09-17 10:36:59.810000,415.01125784774536,98
2024-09-17 10:36:59.846000,414.9528238197604,12
2024-09-17 10:36:59.888000,415.00329076711705,12
2024-09-17 10:36:59.932000,415.0072058256776,995
2024-09-17 10:36:59.968000,415.0129489055444,95
