Timestamp,Price,Size
2024-09-18 11:28:00.160000,417.221014853803,105
2024-09-18 11:28:00.258000,417.2801834517862,1003
2024-09-18 11:28:00.266000,417.2966090593416,11
2024-09-18 11:28:00.275000,417.23317391006975,98
2024-09-18 11:28:00.286000,417.2123484337071,10
2024-09-18 11:28:00.334000,417.28017234721455,995
2024-09-18 11:28:00.335000,417.2737301902404,12
2024-09-18 11:28:00.389000,417.2415539968761,97
2024-09-18 11:28:00.526000,417.2276722301801,105
2024-09-18 11:28:00.636000,417.2291323168192,104
2024-09-18 11:28:00.848000,417.2560110698328,104
2024-09-18 11:28:00.857000,417.2599562501858,102
2024-09-18 11:28:00.874000,417.26579087415627,1004
2024-09-18 11:28:00.912000,417.30705323214215,8
2024-09-18 11:28:00.953000,417.2896231731314,103
2024-09-18 11:28:00.959000,417.2122041819569,97
2024-09-18 11:28:00.979000,417.2921106825369,1005
2024-09-18 11:28:01.127000,417.2936683450949,1003
2024-09-18 11:28:01.183000,417.26654327539353,14
2024-09-18 11:28:01.202000,417.3158364606101,95
2024-09-18 11:28:01.288000,417.2867972591842,1002
2024-09-18 11:28:01.463000,417.3067883486579,996
2024-09-18 11:28:01.715000,417.2830067309362,5
2024-09-18 11:28:01.871000,417.2695169481453,998
2024-09-18 11:28:02.007000,417.253425979887,1002
2024-09-18 11:28:02.061000,417.2748772411576,101
2024-09-18 11:28:02.073000,417.2647120091069,1002
2024-09-18 11:28:02.094000,417.2778366061583,100
2024-09-18 11:28:02.100000,417.27968308506456,996
2024-09-18 11:28:02.109000,417.2738791980685,12
2024-09-18 11:28:02.129000,417.27104227206695,1005
2024-09-18 11:28:02.147000,417.2811691656757,96
2024-09-18 11:28:02.181000,417.2789866607972,14
2024-09-18 11:28:02.257000,417.276962715249,996
2024-09-18 11:28:02.396000,417.2725403590506,8
2024-09-18 11:28:02.501000,417.2724057763876,105
2024-09-18 11:28:02.526000,417.2576850333678,12
2024-09-18 11:28:02.561000,417.2946792596426,995
2024-09-18 11:28:02.562000,417.28861753811634,995
2024-09-18 11:28:02.562000,417.2855475403486,11
2024-09-18 11:28:02.731000,417.27336477632775,999
2024-09-18 11:28:02.756000,417.2612257745906,1002
2024-09-18 11:28:02.761000,417.3079759100936,10
2024-09-18 11:28:02.872000,417.2848679858663,102
2024-09-18 11:28:02.930000,417.25994638141424,9
2024-09-18 11:28:02.949000,417.2638886488044,105
2024-09-18 11:28:03.039000,417.2775931641332,5
2024-09-18 11:28:03.084000,417.28518021549496,97
2024-09-18 11:28:03.148000,417.2427660375329,1003
2024-09-18 11:28:03.150000,417.2410678048548,995
2024-09-18 11:28:03.201000,417.24742816809055,995
2024-09-18 11:28:03.207000,417.2620695874261,1004
2024-09-18 11:28:03.258000,417.2573342870597,11
2024-09-18 11:28:03.362000,417.2715368465349,105
2024-09-18 11:28:03.362000,417.33654084335234,14
2024-09-18 11:28:03.483000,417.25942176818586,10
2024-09-18 11:28:03.530000,417.2593072315874,102
2024-09-18 11:28:03.573000,417.3009292014553,100
2024-09-18 11:28:03.578000,417.3112401167966,104
2024-09-18 11:28:03.633000,417.285157375254,1005
2024-09-18 11:28:03.690000,417.32878271548685,8
2024-09-18 11:28:03.716000,417.3091879186481,102
2024-09-18 11:28:03.741000,417.3068179921483,5
2024-09-18 11:28:03.767000,417.25774919813273,104
2024-09-18 11:28:03.786000,417.2846084570775,102
2024-09-18 11:28:03.824000,417.3076677029505,5
2024-09-18 11:28:03.895000,417.3307144680888,999
2024-09-18 11:28:03.925000,417.2939653972457,9
2024-09-18 11:28:03.946000,417.2763309153519,997
2024-09-18 11:28:04.010000,417.3449247210579,10
2024-09-18 11:28:04.050000,417.3574391284285,14
2024-09-18 11:28:04.102000,417.2985206198614,995
2024-09-18 11:28:04.150000,417.3600723264862,105
2024-09-18 11:28:04.160000,417.3800285722697,996
2024-09-18 11:28:04.189000,417.3119743287983,96
2024-09-18 11:28:04.193000,417.3933192137883,5
2024-09-18 11:28:04.207000,417.27416138994033,15
2024-09-18 11:28:04.290000,417.390373731933,105
2024-09-18 11:28:04.364000,417.2703126489765,995
2024-09-18 11:28:04.365000,417.4331301433765,96
2024-09-18 11:28:04.388000,417.28813940187314,99
2024-09-18 11:28:04.402000,417.4024044370626,11
2024-09-18 11:28:04.413000,417.2948239507072,1004
2024-09-18 11:28:04.478000,417.4091875647003,102
2024-09-18 11:28:04.502000,417.24943690991904,1003
2024-09-18 11:28:04.640000,417.38817803924434,99
2024-09-18 11:28:04.659000,417.3960355502416,101
2024-09-18 11:28:04.662000,417.2796846447214,99
2024-09-18 11:28:04.690000,417.4259946217184,6
2024-09-18 11:28:04.691000,417.293548515821,10
2024-09-18 11:28:04.706000,417.2952691028126,1000
2024-09-18 11:28:04.726000,417.38225405429046,5
2024-09-18 11:28:04.772000,417.4013917960425,998
2024-09-18 11:28:04.799000,417.40595236548097,97
2024-09-18 11:28:04.819000,417.2926467432567,998
2024-09-18 11:28:04.824000,417.27392304834126,1000
2024-09-18 11:28:04.885000,417.4310822917173,101
2024-09-18 11:28:04.898000,417.4031383054133,1002
2024-09-18 11:28:05.262000,417.4484084237941,998
2024-09-18 11:28:05.329000,417.4001480170617,7
2024-09-18 11:28:05.564000,417.420857286393,999
2024-09-18 11:28:05.595000,417.4024651493269,7
2024-09-18 11:28:05.625000,417.4405031256416,99
2024-09-18 11:28:05.967000,417.44731124278246,995
2024-09-18 11:28:05.981000,417.4202634114495,1003
2024-09-18 11:28:05.990000,417.4258448218036,101
2024-09-18 11:28:06.200000,417.4173672788901,98
2024-09-18 11:28:07.167000,417.4181722851413,998
2024-09-18 11:28:07.287000,417.408873223842,996
2024-09-18 11:28:08.029000,417.42916642688056,995
2024-09-18 11:28:08.045000,417.4157663301034,6
2024-09-18 11:28:08.087000,417.4639996957701,11
2024-09-18 11:28:08.101000,417.44644496916175,1003
2024-09-18 11:28:08.148000,417.46390720486966,97
2024-09-18 11:28:08.187000,417.45338838011406,1002
2024-09-18 11:28:08.192000,417.4260742505091,1002
2024-09-18 11:28:08.237000,417.4153415385052,1001
2024-09-18 11:28:08.307000,417.44931958500376,1005
2024-09-18 11:28:08.310000,417.4319219864163,10
2024-09-18 11:28:08.313000,417.4475291758412,9
2024-09-18 11:28:08.433000,417.4318876612567,15
2024-09-18 11:28:08.436000,417.4593612547191,1004
2024-09-18 11:28:08.623000,417.4820257391592,1002
2024-09-18 11:28:08.651000,417.4631781285505,104
2024-09-18 11:28:08.692000,417.4636376186143,998
2024-09-18 11:28:08.697000,417.4779438216848,6
2024-09-18 11:28:08.726000,417.47042730848113,9
2024-09-18 11:28:08.738000,417.448627265346,101
2024-09-18 11:28:08.764000,417.44138428125945,102
2024-09-18 11:28:08.836000,417.43955100377855,997
2024-09-18 11:28:08.867000,417.47306123723416,998
2024-09-18 11:28:08.877000,417.4547780208196,98
2024-09-18 11:28:08.915000,417.4409422338908,96
2024-09-18 11:28:09.010000,417.4617617456142,7
2024-09-18 11:28:09.052000,417.46327930094026,103
2024-09-18 11:28:09.059000,417.4962991342945,1004
2024-09-18 11:28:09.074000,417.4699892310473,105
2024-09-18 11:28:09.079000,417.4779274297478,104
2024-09-18 11:28:09.115000,417.4725727051839,8
2024-09-18 11:28:09.363000,417.4811147818946,104
2024-09-18 11:28:09.369000,417.5050675590943,10
2024-09-18 11:28:09.426000,417.4154066540096,1001
2024-09-18 11:28:09.483000,417.4594710866682,9
2024-09-18 11:28:09.671000,417.49017774354286,9
2024-09-18 11:28:09.717000,417.49708718340526,996
2024-09-18 11:28:09.721000,417.45118681692446,99
2024-09-18 11:28:09.727000,417.4620395639378,996
2024-09-18 11:28:09.741000,417.459628421883,95
2024-09-18 11:28:09.758000,417.4531719690507,7
2024-09-18 11:28:09.857000,417.4638261619214,98
2024-09-18 11:28:09.872000,417.47272335756617,995
2024-09-18 11:28:09.902000,417.4333604000641,8
2024-09-18 11:28:09.909000,417.46412952216144,14
2024-09-18 11:28:09.921000,417.48903002422026,96
2024-09-18 11:28:09.961000,417.46413012370857,8
2024-09-18 11:28:10.038000,417.4253170975458,96
2024-09-18 11:28:10.266000,417.3970909145827,12
2024-09-18 11:28:10.612000,417.4012199761338,95
2024-09-18 11:28:10.899000,417.4075889111367,7
2024-09-18 11:28:11.020000,417.4139491940573,6
2024-09-18 11:28:11.032000,417.41980100710913,103
2024-09-18 11:28:11.076000,417.3929394724746,11
2024-09-18 11:28:11.188000,417.4080359981699,8
2024-09-18 11:28:11.351000,417.40467587735,96
2024-09-18 11:28:11.368000,417.40575395088285,998
2024-09-18 11:28:11.474000,417.4219607287765,997
2024-09-18 11:28:11.504000,417.42095360378136,5
2024-09-18 11:28:11.531000,417.4148849052242,1002
2024-09-18 11:28:11.689000,417.43609950022073,102
2024-09-18 11:28:11.880000,417.4119329532893,99
2024-09-18 11:28:11.939000,417.4094381197087,7
2024-09-18 11:28:11.961000,417.4071757235402,98
2024-09-18 11:28:12.407000,417.4083915915224,10
2024-09-18 11:28:12.425000,417.4184612080647,15
2024-09-18 11:28:12.627000,417.4316145369565,7
2024-09-18 11:28:12.690000,417.4070438839609,9
2024-09-18 11:28:12.770000,417.4352256231589,1003
2024-09-18 11:28:12.820000,417.4075093463491,6
2024-09-18 11:28:12.884000,417.4328111773098,12
2024-09-18 11:28:12.946000,417.4207256725063,13
2024-09-18 11:28:12.957000,417.4456184283698,14
2024-09-18 11:28:13.056000,417.4397195554598,1002
2024-09-18 11:28:13.167000,417.4330031140229,13
2024-09-18 11:28:13.179000,417.4439906263823,102
2024-09-18 11:28:13.283000,417.4471651961389,11
2024-09-18 11:28:13.556000,417.4750643343776,104
2024-09-18 11:28:13.560000,417.4554499469271,10
2024-09-18 11:28:13.649000,417.4430722519807,10
2024-09-18 11:28:13.731000,417.4470147251861,97
2024-09-18 11:28:13.905000,417.43657167258016,8
2024-09-18 11:28:13.999000,417.4414603730198,14
2024-09-18 11:28:14.069000,417.4693815562448,12
2024-09-18 11:28:14.206000,417.48149721991024,996
2024-09-18 11:28:14.231000,417.4784119911029,105
2024-09-18 11:28:14.240000,417.4693110618592,99
2024-09-18 11:28:14.259000,417.4656309162736,1001
2024-09-18 11:28:14.282000,417.4691735581899,10
2024-09-18 11:28:14.354000,417.4855091779099,13
2024-09-18 11:28:14.379000,417.4679495801015,99
2024-09-18 11:28:14.394000,417.4744251210216,105
2024-09-18 11:28:14.416000,417.4922740269252,99
2024-09-18 11:28:14.578000,417.4749854915313,96
2024-09-18 11:28:14.689000,417.4596581171252,99
2024-09-18 11:28:14.744000,417.4718425010653,102
2024-09-18 11:28:14.806000,417.4925350151179,999
2024-09-18 11:28:14.880000,417.4716348445433,7
2024-09-18 11:28:14.890000,417.4717369482776,7
2024-09-18 11:28:14.902000,417.4697785046433,8
2024-09-18 11:28:14.976000,417.4636094906886,999
2024-09-18 11:28:15.016000,417.4458205889877,1005
2024-09-18 11:28:15.109000,417.4208759051145,1003
2024-09-18 11:28:15.232000,417.4716649049004,14
2024-09-18 11:28:15.245000,417.473596301395,10
2024-09-18 11:28:15.311000,417.4112781086013,105
2024-09-18 11:28:15.458000,417.4802073175091,1003
2024-09-18 11:28:15.492000,417.4319441787822,14
2024-09-18 11:28:15.531000,417.50080480755554,105
2024-09-18 11:28:15.672000,417.4151996383599,102
2024-09-18 11:28:15.678000,417.4853034568985,997
2024-09-18 11:28:15.686000,417.4821590074607,95
2024-09-18 11:28:15.742000,417.4315925579096,999
2024-09-18 11:28:15.860000,417.4685958837128,15
2024-09-18 11:28:15.913000,417.4401998337619,13
2024-09-18 11:28:15.952000,417.42546211453697,99
2024-09-18 11:28:16.076000,417.3985610283193,95
2024-09-18 11:28:16.086000,417.4028479306261,103
2024-09-18 11:28:16.152000,417.4013008298876,998
2024-09-18 11:28:16.394000,417.401613341314,5
2024-09-18 11:28:16.399000,417.4100897503051,8
2024-09-18 11:28:16.425000,417.3945675508695,6
2024-09-18 11:28:16.475000,417.40817256006153,105
2024-09-18 11:28:16.488000,417.40570073038685,14
2024-09-18 11:28:16.504000,417.4165098588561,14
2024-09-18 11:28:16.899000,417.3939285842422,1000
2024-09-18 11:28:16.992000,417.3924002961572,1000
2024-09-18 11:28:17.419000,417.3751421258968,98
2024-09-18 11:28:18.192000,417.4115267709713,1004
2024-09-18 11:28:18.225000,417.3761983266157,1001
2024-09-18 11:28:18.356000,417.39096644231256,97
2024-09-18 11:28:18.509000,417.37631881990177,10
2024-09-18 11:28:18.552000,417.3702056852763,7
2024-09-18 11:28:18.740000,417.3885899290692,1002
2024-09-18 11:28:18.829000,417.4026174168149,104
2024-09-18 11:28:18.860000,417.407495054925,96
2024-09-18 11:28:18.905000,417.4135837921716,1005
2024-09-18 11:28:18.960000,417.40835270219065,995
2024-09-18 11:28:19.119000,417.4478606858008,996
2024-09-18 11:28:19.180000,417.4835988638961,5
2024-09-18 11:28:19.204000,417.439785104278,12
2024-09-18 11:28:19.239000,417.4491779089721,996
2024-09-18 11:28:19.286000,417.4534731210116,103
2024-09-18 11:28:19.325000,417.4505656961966,999
2024-09-18 11:28:19.336000,417.4670575197619,95
2024-09-18 11:28:19.370000,417.4526533546341,100
2024-09-18 11:28:19.439000,417.465674131637,101
2024-09-18 11:28:19.461000,417.4428952981671,9
2024-09-18 11:28:19.553000,417.459840988641,998
2024-09-18 11:28:19.627000,417.4658177455714,9
2024-09-18 11:28:19.741000,417.4726326462901,97
2024-09-18 11:28:19.758000,417.44568629193606,104
2024-09-18 11:28:19.831000,417.4360134594359,995
2024-09-18 11:28:19.859000,417.4035657050971,1005
2024-09-18 11:28:19.909000,417.4671301574976,997
2024-09-18 11:28:19.945000,417.4580839248954,996
2024-09-18 11:28:19.979000,417.4516157519061,1005
2024-09-18 11:28:19.999000,417.4082078807136,13
2024-09-18 11:28:20.084000,417.4655349028782,1002
2024-09-18 11:28:20.086000,417.48064219554936,999
2024-09-18 11:28:20.087000,417.51311622806674,1004
2024-09-18 11:28:20.189000,417.4692447501776,11
2024-09-18 11:28:20.205000,417.49942111879136,9
2024-09-18 11:28:20.215000,417.5036603401388,104
2024-09-18 11:28:20.253000,417.48634141016674,102
2024-09-18 11:28:20.273000,417.4869006093717,96
2024-09-18 11:28:20.333000,417.4878331302328,7
2024-09-18 11:28:20.338000,417.4677021008366,97
2024-09-18 11:28:20.345000,417.4975387450895,96
2024-09-18 11:28:20.368000,417.50383732399325,9
2024-09-18 11:28:20.402000,417.483349939834,96
2024-09-18 11:28:20.498000,417.5019739974657,1003
2024-09-18 11:28:20.609000,417.4587697734778,996
2024-09-18 11:28:20.628000,417.5088898658906,1004
2024-09-18 11:28:20.684000,417.4590742013543,1003
2024-09-18 11:28:20.718000,417.474401593905,14
2024-09-18 11:28:20.785000,417.51108525039257,6
2024-09-18 11:28:20.813000,417.4909625056374,13
2024-09-18 11:28:20.871000,417.4910680062858,13
2024-09-18 11:28:20.902000,417.4781161210873,101
2024-09-18 11:28:20.906000,417.4857798204641,100
2024-09-18 11:28:20.916000,417.4720942504329,98
2024-09-18 11:28:20.936000,417.50112633793685,5
2024-09-18 11:28:22.027000,417.4843616340783,9
2024-09-18 11:28:22.056000,417.3475773467434,8
2024-09-18 11:28:22.124000,417.4689655663976,103
2024-09-18 11:28:22.134000,417.48142759339385,100
2024-09-18 11:28:22.151000,417.4476433474702,1005
2024-09-18 11:28:22.155000,417.38849747236605,9
2024-09-18 11:28:22.236000,417.3649338674389,99
2024-09-18 11:28:22.244000,417.3432390421589,1002
2024-09-18 11:28:22.314000,417.3740740440338,996
2024-09-18 11:28:22.330000,417.48063998252337,102
2024-09-18 11:28:22.409000,417.41118295976014,996
2024-09-18 11:28:22.423000,417.3900254067115,8
2024-09-18 11:28:22.498000,417.365874539539,102
2024-09-18 11:28:22.550000,417.4590194950875,9
2024-09-18 11:28:22.602000,417.34391559075806,96
2024-09-18 11:28:22.651000,417.4775476883116,1003
2024-09-18 11:28:22.670000,417.3395813199792,6
2024-09-18 11:28:22.671000,417.4899708793143,6
2024-09-18 11:28:22.716000,417.4211350034628,1002
2024-09-18 11:28:22.810000,417.362553659087,999
2024-09-18 11:28:22.912000,417.4815827205793,97
2024-09-18 11:28:22.936000,417.3731004425716,99
2024-09-18 11:28:22.950000,417.4416951372127,101
2024-09-18 11:28:23.212000,417.31665583567246,105
2024-09-18 11:28:23.334000,417.3115826084491,1001
2024-09-18 11:28:23.562000,417.3166587517687,998
2024-09-18 11:28:23.572000,417.342859933116,7
2024-09-18 11:28:24.003000,417.33217217661473,97
2024-09-18 11:28:24.054000,417.3356166110362,97
2024-09-18 11:28:24.064000,417.30624310285936,9
2024-09-18 11:28:24.069000,417.3437856058824,1005
2024-09-18 11:28:24.073000,417.3626442582277,95
2024-09-18 11:28:24.143000,417.36646053951705,6
2024-09-18 11:28:24.184000,417.3062130753155,998
2024-09-18 11:28:24.225000,417.3166627683383,15
2024-09-18 11:28:24.357000,417.2935986331239,10
2024-09-18 11:28:24.398000,417.3299387363069,999
2024-09-18 11:28:24.491000,417.3180353912941,6
2024-09-18 11:28:24.517000,417.3111512055807,99
2024-09-18 11:28:24.535000,417.33174744607305,105
2024-09-18 11:28:24.655000,417.3790660457879,999
2024-09-18 11:28:24.745000,417.3565946883968,1002
2024-09-18 11:28:24.823000,417.33384411242855,100
2024-09-18 11:28:24.835000,417.306874637561,101
2024-09-18 11:28:24.868000,417.3698967259091,101
2024-09-18 11:28:24.900000,417.3064798282241,995
2024-09-18 11:28:25.013000,417.3569517893925,8
2024-09-18 11:28:25.139000,417.3746449326165,996
2024-09-18 11:28:25.178000,417.3585600848964,1005
2024-09-18 11:28:25.211000,417.3731874577321,103
2024-09-18 11:28:25.217000,417.3612540340308,1003
2024-09-18 11:28:25.444000,417.3455731949072,99
2024-09-18 11:28:25.474000,417.3571145599566,105
2024-09-18 11:28:25.551000,417.38425498095074,997
2024-09-18 11:28:25.637000,417.3474305948374,5
2024-09-18 11:28:25.709000,417.3692897430943,1003
2024-09-18 11:28:25.889000,417.35021571122496,14
2024-09-18 11:28:25.957000,417.3555551863536,12
2024-09-18 11:28:25.998000,417.34855050819584,995
2024-09-18 11:28:26.082000,417.39016700589696,6
2024-09-18 11:28:26.172000,417.3716583197902,999
2024-09-18 11:28:26.277000,417.36991535244505,998
2024-09-18 11:28:26.407000,417.3801155509554,998
2024-09-18 11:28:26.448000,417.35653405553217,95
2024-09-18 11:28:26.450000,417.3508685451572,6
2024-09-18 11:28:26.457000,417.382120444726,1002
2024-09-18 11:28:26.468000,417.3490046560452,997
2024-09-18 11:28:26.526000,417.3692247666397,14
2024-09-18 11:28:26.636000,417.2718111323404,13
2024-09-18 11:28:26.764000,417.27799503370414,8
2024-09-18 11:28:26.812000,417.3246078911201,1002
2024-09-18 11:28:26.813000,417.3776312766552,1000
2024-09-18 11:28:26.860000,417.3903294734581,104
2024-09-18 11:28:26.896000,417.3720317519065,102
2024-09-18 11:28:26.948000,417.3045255801285,997
2024-09-18 11:28:27.160000,417.3272787629471,1002
2024-09-18 11:28:27.236000,417.3131353877913,1002
2024-09-18 11:28:27.575000,417.3167626897138,1000
2024-09-18 11:28:27.636000,417.3269591526011,6
2024-09-18 11:28:27.808000,417.3104136037484,1005
2024-09-18 11:28:27.991000,417.2915915897932,997
2024-09-18 11:28:28.420000,417.349000094326,1000
2024-09-18 11:28:28.473000,417.33602444935343,15
2024-09-18 11:28:28.904000,417.3391376831689,997
2024-09-18 11:28:28.922000,417.34102609561353,102
2024-09-18 11:28:29.024000,417.3506526657167,15
2024-09-18 11:28:29.134000,417.3375033795412,102
2024-09-18 11:28:29.143000,417.37371411212007,103
2024-09-18 11:28:29.568000,417.34515754940486,1005
2024-09-18 11:28:29.647000,417.3594409711382,1002
2024-09-18 11:28:29.710000,417.3514442308329,5
2024-09-18 11:28:29.812000,417.3387360533319,1000
2024-09-18 11:28:30.048000,417.3437469272648,1002
2024-09-18 11:28:30.082000,417.3806380857896,1002
2024-09-18 11:28:30.111000,417.3697672090765,8
2024-09-18 11:28:30.182000,417.3732716022688,101
2024-09-18 11:28:30.194000,417.3562007919396,11
2024-09-18 11:28:30.201000,417.3557359489415,100
2024-09-18 11:28:30.223000,417.303958810297,998
2024-09-18 11:28:30.240000,417.3388937656205,100
2024-09-18 11:28:30.305000,417.33741902846975,105
2024-09-18 11:28:30.356000,417.33175344119593,96
2024-09-18 11:28:30.362000,417.3467993603084,1001
2024-09-18 11:28:30.372000,417.3440561165961,1001
2024-09-18 11:28:30.525000,417.33169182835735,11
2024-09-18 11:28:30.588000,417.3696301753293,996
2024-09-18 11:28:30.611000,417.3173561428397,1003
2024-09-18 11:28:30.664000,417.3373376834157,12
2024-09-18 11:28:30.722000,417.3539616371468,12
2024-09-18 11:28:30.853000,417.3294953483492,8
2024-09-18 11:28:30.959000,417.3814719288909,998
2024-09-18 11:28:31.010000,417.2725475903631,99
2024-09-18 11:28:31.110000,417.2875940046157,105
2024-09-18 11:28:31.119000,417.290302351219,12
2024-09-18 11:28:31.513000,417.30683491746703,105
2024-09-18 11:28:31.535000,417.2951915964516,14
2024-09-18 11:28:31.557000,417.2676755432561,998
2024-09-18 11:28:31.646000,417.3172387084474,102
2024-09-18 11:28:31.749000,417.2822164794427,103
2024-09-18 11:28:31.815000,417.29177422786313,6
2024-09-18 11:28:31.845000,417.3138171032765,1002
2024-09-18 11:28:31.867000,417.2580277481176,98
2024-09-18 11:28:31.969000,417.31392385479495,995
2024-09-18 11:28:32.019000,417.2065946533647,998
2024-09-18 11:28:32.074000,417.233784709099,995
2024-09-18 11:28:32.113000,417.1998631107359,5
2024-09-18 11:28:32.131000,417.20265532025934,11
2024-09-18 11:28:32.204000,417.2199771957134,6
2024-09-18 11:28:32.265000,417.2591216589512,1000
2024-09-18 11:28:32.281000,417.1966625137287,5
2024-09-18 11:28:32.290000,417.28406124768907,999
2024-09-18 11:28:32.291000,417.2928840046798,13
2024-09-18 11:28:32.374000,417.20540665600646,1000
2024-09-18 11:28:32.396000,417.2813649778937,101
2024-09-18 11:28:32.399000,417.22431842617465,1000
2024-09-18 11:28:32.480000,417.1928800288135,12
2024-09-18 11:28:32.490000,417.1651662184777,100
2024-09-18 11:28:32.537000,417.2851320515686,104
2024-09-18 11:28:32.543000,417.1611461243748,10
2024-09-18 11:28:32.598000,417.1855921984933,95
2024-09-18 11:28:32.622000,417.2627578254092,7
2024-09-18 11:28:32.704000,417.2453714665381,105
2024-09-18 11:28:32.887000,417.1823893812099,998
2024-09-18 11:28:32.940000,417.2013240048185,1002
2024-09-18 11:28:32.992000,417.2235290122011,12
2024-09-18 11:28:33.328000,417.168748083648,97
2024-09-18 11:28:33.371000,417.1767345412651,101
2024-09-18 11:28:33.971000,417.1692647499192,15
2024-09-18 11:28:33.989000,417.1693946898301,13
2024-09-18 11:28:34.208000,417.1384415922325,9
2024-09-18 11:28:34.209000,417.09756856860974,95
2024-09-18 11:28:34.264000,417.1508338642467,100
2024-09-18 11:28:34.412000,417.1143301777519,98
2024-09-18 11:28:34.420000,417.1418854628282,997
2024-09-18 11:28:34.451000,417.12823437423054,7
2024-09-18 11:28:34.551000,417.126985378944,1000
2024-09-18 11:28:34.566000,417.1391614485137,102
2024-09-18 11:28:34.619000,417.119114721624,103
2024-09-18 11:28:34.656000,417.1143381159705,7
2024-09-18 11:28:34.938000,417.1227710838978,998
2024-09-18 11:28:35.096000,417.0887068663258,104
2024-09-18 11:28:35.134000,417.0664984120141,13
2024-09-18 11:28:35.276000,416.95613635244126,102
2024-09-18 11:28:35.366000,417.0993855700685,1003
2024-09-18 11:28:35.374000,417.1244312025999,101
2024-09-18 11:28:35.452000,417.0961880439141,12
2024-09-18 11:28:35.509000,417.1171357875775,1000
2024-09-18 11:28:35.515000,417.0251038347485,10
2024-09-18 11:28:35.563000,417.0047454911045,1003
2024-09-18 11:28:35.591000,416.9715777134069,1002
2024-09-18 11:28:35.614000,417.1165085131869,97
2024-09-18 11:28:35.628000,417.02691910782846,6
2024-09-18 11:28:35.705000,417.107140748546,95
2024-09-18 11:28:35.769000,417.0801895742192,11
2024-09-18 11:28:35.801000,417.0876917036068,8
2024-09-18 11:28:35.822000,417.1078336412834,13
2024-09-18 11:28:35.832000,417.10399390143743,98
2024-09-18 11:28:35.999000,417.1086167068179,14
2024-09-18 11:28:36.052000,416.89734288639,995
2024-09-18 11:28:36.106000,416.9456591266685,12
2024-09-18 11:28:36.174000,416.9008324553927,99
2024-09-18 11:28:36.197000,416.9572487598185,96
2024-09-18 11:28:36.230000,416.9523598075794,99
2024-09-18 11:28:36.235000,416.9356306489673,99
2024-09-18 11:28:36.235000,416.9345770115408,9
2024-09-18 11:28:36.274000,416.92385474731714,9
2024-09-18 11:28:36.304000,416.8969340027516,12
2024-09-18 11:28:36.308000,416.97545163635937,101
2024-09-18 11:28:36.426000,416.9684695842114,11
2024-09-18 11:28:36.458000,416.9411137116944,10
2024-09-18 11:28:36.487000,416.969405326088,1003
2024-09-18 11:28:36.493000,416.9403636313081,1002
2024-09-18 11:28:36.499000,416.93827097904506,97
2024-09-18 11:28:36.521000,416.9408759608933,999
2024-09-18 11:28:36.561000,416.94056097380536,1002
2024-09-18 11:28:36.619000,416.9776045949026,13
2024-09-18 11:28:36.666000,416.995603788809,97
2024-09-18 11:28:36.763000,416.9350850518171,99
2024-09-18 11:28:36.789000,416.8883481443609,96
2024-09-18 11:28:36.847000,416.9104591505973,10
2024-09-18 11:28:36.884000,416.9453522242424,996
2024-09-18 11:28:36.933000,416.9480876265761,1002
2024-09-18 11:28:36.935000,416.9838753516191,1000
2024-09-18 11:28:36.995000,416.9192567740243,14
2024-09-18 11:28:36.998000,416.92349625873806,6
2024-09-18 11:28:37.724000,416.9350964798324,13
2024-09-18 11:28:38.103000,416.9626469967589,5
2024-09-18 11:28:38.139000,416.9676842662837,97
2024-09-18 11:28:38.566000,416.9820643414919,102
2024-09-18 11:28:38.785000,416.9619990902447,105
2024-09-18 11:28:39,417.0238238203,99
2024-09-18 11:28:39.104000,417.09677900025054,998
2024-09-18 11:28:39.175000,417.08596366210514,99
2024-09-18 11:28:39.248000,417.06509224461416,1005
2024-09-18 11:28:39.286000,417.0612832159245,7
2024-09-18 11:28:39.332000,417.0665063736885,102
2024-09-18 11:28:39.364000,417.0892653574557,7
2024-09-18 11:28:39.393000,417.0534963694146,14
2024-09-18 11:28:39.423000,417.0493769567991,104
2024-09-18 11:28:39.450000,416.9976570191431,999
2024-09-18 11:28:39.514000,417.097774904445,997
2024-09-18 11:28:39.613000,417.05807144295466,998
2024-09-18 11:28:39.616000,417.033395375952,10
2024-09-18 11:28:39.723000,416.9717690596392,1003
2024-09-18 11:28:39.725000,417.0060535338978,997
2024-09-18 11:28:39.844000,417.0575001422681,103
2024-09-18 11:28:39.877000,417.0759023940365,13
2024-09-18 11:28:39.894000,417.0638935356122,8
2024-09-18 11:28:39.907000,417.0056925913445,95
2024-09-18 11:28:39.938000,417.0106388930752,103
2024-09-18 11:28:39.941000,417.0646332527618,1000
2024-09-18 11:28:39.955000,417.0806937277078,1002
2024-09-18 11:28:39.957000,417.0050642645524,1000
2024-09-18 11:28:40.050000,417.0537481242425,1003
2024-09-18 11:28:40.055000,417.0638751390266,101
2024-09-18 11:28:40.058000,417.0950733315058,95
2024-09-18 11:28:40.100000,417.0955119879666,101
2024-09-18 11:28:40.115000,417.065198619348,97
2024-09-18 11:28:40.147000,417.0499980490053,5
2024-09-18 11:28:40.151000,417.108474269804,13
2024-09-18 11:28:40.168000,417.0423408637549,9
2024-09-18 11:28:40.171000,417.10188437378594,999
2024-09-18 11:28:40.216000,417.1027637381063,101
2024-09-18 11:28:40.253000,417.0500324954501,104
2024-09-18 11:28:40.263000,417.0620977470317,97
2024-09-18 11:28:40.274000,417.0573547097417,1004
2024-09-18 11:28:40.305000,417.1276356202227,99
2024-09-18 11:28:40.309000,417.06924167455225,1004
2024-09-18 11:28:40.315000,417.05202420024,1005
2024-09-18 11:28:40.351000,417.041295948834,1001
2024-09-18 11:28:40.352000,417.0464149485882,105
2024-09-18 11:28:40.370000,417.0499330815137,1005
2024-09-18 11:28:40.474000,417.0492448796052,999
2024-09-18 11:28:40.482000,417.11198520186446,1002
2024-09-18 11:28:40.546000,417.0486157093141,1003
2024-09-18 11:28:40.551000,417.0510578776237,11
2024-09-18 11:28:40.554000,417.0776563527025,12
2024-09-18 11:28:40.629000,417.08206910058095,1002
2024-09-18 11:28:40.708000,417.0601353114332,6
2024-09-18 11:28:40.838000,417.0807416693363,8
2024-09-18 11:28:40.938000,417.0747891060372,13
2024-09-18 11:28:41,417.0413407756241,11
2024-09-18 11:28:41.027000,417.027576675399,12
2024-09-18 11:28:41.086000,417.034447774428,100
2024-09-18 11:28:41.116000,417.0475636815327,97
2024-09-18 11:28:41.148000,417.0526487427229,1004
2024-09-18 11:28:41.159000,417.05524131906526,6
2024-09-18 11:28:41.222000,417.04309392581047,7
2024-09-18 11:28:41.223000,417.0671891903354,102
2024-09-18 11:28:41.329000,417.01217098837816,5
2024-09-18 11:28:41.495000,417.0394618268682,99
2024-09-18 11:28:41.504000,417.0475400964485,1000
2024-09-18 11:28:41.554000,417.0039007358433,1005
2024-09-18 11:28:41.567000,417.037147926614,1001
2024-09-18 11:28:41.639000,417.0341490865633,15
2024-09-18 11:28:41.740000,417.03113782591385,996
2024-09-18 11:28:41.764000,417.0053533309663,11
2024-09-18 11:28:41.795000,417.0478846140669,98
2024-09-18 11:28:41.808000,417.017133516844,1001
2024-09-18 11:28:41.813000,417.0245675432859,105
2024-09-18 11:28:41.825000,417.0404677991056,1004
2024-09-18 11:28:41.849000,417.0389136915052,11
2024-09-18 11:28:41.889000,417.055807049582,98
2024-09-18 11:28:41.936000,417.0036897493876,97
2024-09-18 11:28:41.989000,417.051059398229,1004
2024-09-18 11:28:42.040000,417.0441375452784,999
2024-09-18 11:28:42.348000,417.064005705263,5
2024-09-18 11:28:42.521000,417.040263672753,995
2024-09-18 11:28:42.704000,417.0577374539291,13
2024-09-18 11:28:43.336000,417.0379877438944,100
2024-09-18 11:28:43.403000,417.0386975372282,13
2024-09-18 11:28:43.782000,417.0542576871288,999
2024-09-18 11:28:43.851000,417.0630120909366,997
2024-09-18 11:28:43.879000,417.02997070784295,9
2024-09-18 11:28:44.131000,417.1001587853993,5
2024-09-18 11:28:44.202000,417.1242278669045,998
2024-09-18 11:28:44.327000,417.1307884169313,12
2024-09-18 11:28:44.359000,417.11687721933873,5
2024-09-18 11:28:44.374000,417.11826490434873,98
2024-09-18 11:28:44.425000,417.0352937864138,1004
2024-09-18 11:28:44.464000,417.1045958028135,15
2024-09-18 11:28:44.483000,417.0597818665677,10
2024-09-18 11:28:44.487000,417.0667487718535,15
2024-09-18 11:28:44.537000,417.1010836627742,6
2024-09-18 11:28:44.658000,417.0541651716599,95
2024-09-18 11:28:44.661000,417.1217681733129,10
2024-09-18 11:28:44.748000,417.04926008156,8
2024-09-18 11:28:44.868000,417.0821457326508,997
2024-09-18 11:28:44.991000,417.1114753131972,12
2024-09-18 11:28:45.805000,417.0901042327543,1000
2024-09-18 11:28:46.059000,417.1256283515896,1005
2024-09-18 11:28:46.424000,417.1424273528603,14
2024-09-18 11:28:46.575000,417.11720858210725,8
2024-09-18 11:28:46.654000,417.0894751535853,95
2024-09-18 11:28:47.060000,417.1212120444624,7
2024-09-18 11:28:47.088000,417.1323974521722,8
2024-09-18 11:28:47.167000,417.1009429329792,100
2024-09-18 11:28:47.407000,417.1401569846707,96
2024-09-18 11:28:47.449000,417.13879634816016,1000
2024-09-18 11:28:47.463000,417.1665024435569,996
2024-09-18 11:28:47.481000,417.09523792223575,1003
2024-09-18 11:28:47.484000,417.1292925254356,12
2024-09-18 11:28:47.512000,417.0980757101929,103
2024-09-18 11:28:47.516000,417.1335637279329,1003
2024-09-18 11:28:47.609000,417.1197229626832,999
2024-09-18 11:28:47.690000,417.0978053692276,14
2024-09-18 11:28:47.945000,417.1147759266608,104
2024-09-18 11:28:49.031000,416.9778551669953,102
2024-09-18 11:28:49.161000,417.0896189337931,7
2024-09-18 11:28:49.265000,416.9490349044886,100
2024-09-18 11:28:49.266000,417.05361672465295,1000
2024-09-18 11:28:49.287000,417.05606278630216,14
2024-09-18 11:28:49.432000,417.0230195317543,8
2024-09-18 11:28:49.481000,417.0314862480597,102
2024-09-18 11:28:49.520000,417.087023718136,99
2024-09-18 11:28:49.589000,416.9908487578907,1001
2024-09-18 11:28:49.658000,416.96314811784174,11
2024-09-18 11:28:49.688000,417.0976839286191,999
2024-09-18 11:28:49.724000,417.07280491784553,9
2024-09-18 11:28:49.786000,417.0938622108066,12
2024-09-18 11:28:49.819000,416.930676713724,100
2024-09-18 11:28:49.867000,417.0586365354456,100
2024-09-18 11:28:49.896000,417.0991776082987,102
2024-09-18 11:28:50.189000,416.95122841704097,96
2024-09-18 11:28:50.440000,416.9457909227738,8
2024-09-18 11:28:51.028000,416.85851966793234,12
2024-09-18 11:28:51.065000,416.9138400895261,997
2024-09-18 11:28:51.214000,416.87694272878633,15
2024-09-18 11:28:51.236000,416.9531083859764,7
2024-09-18 11:28:51.242000,416.86604869325566,8
2024-09-18 11:28:51.272000,416.8817767645242,98
2024-09-18 11:28:51.417000,416.9292972707892,11
2024-09-18 11:28:51.526000,416.9273564471392,1003
2024-09-18 11:28:51.530000,416.9217873624536,99
2024-09-18 11:28:51.544000,416.9190433728165,98
2024-09-18 11:28:51.549000,416.90715975553593,11
2024-09-18 11:28:51.578000,416.91251391765786,996
2024-09-18 11:28:51.654000,416.9355859686931,1001
2024-09-18 11:28:51.745000,416.88985521276624,12
2024-09-18 11:28:51.749000,416.9200496246679,14
2024-09-18 11:28:51.792000,416.8706572781479,97
2024-09-18 11:28:51.957000,416.9198125365447,96
2024-09-18 11:28:52.102000,416.8302298670704,99
2024-09-18 11:28:52.110000,416.8069852328518,997
2024-09-18 11:28:52.501000,416.8165578858851,6
2024-09-18 11:28:52.541000,416.804031174789,95
2024-09-18 11:28:52.610000,416.82541793101547,1005
2024-09-18 11:28:52.652000,416.8294060319882,999
2024-09-18 11:28:52.714000,416.8283258065457,103
2024-09-18 11:28:52.769000,416.8276455343029,1004
2024-09-18 11:28:52.821000,416.8308174833231,1003
2024-09-18 11:28:52.856000,416.80343994446537,95
2024-09-18 11:28:52.865000,416.8065441358301,995
2024-09-18 11:28:52.874000,416.8132080130142,996
2024-09-18 11:28:52.996000,416.79972961886966,1001
2024-09-18 11:28:53.625000,416.8186585768906,11
2024-09-18 11:28:53.720000,416.8227171630167,10
2024-09-18 11:28:54.026000,416.8421170230513,6
2024-09-18 11:28:54.198000,416.8114574448064,11
2024-09-18 11:28:54.397000,416.8246552761192,5
2024-09-18 11:28:54.785000,416.82023813876526,11
2024-09-18 11:28:54.811000,416.8381198065831,98
2024-09-18 11:28:54.902000,416.81211949898994,14
2024-09-18 11:28:54.929000,416.8181332328929,8
2024-09-18 11:28:55.004000,416.8376513389266,101
2024-09-18 11:28:55.045000,416.8391368094604,11
2024-09-18 11:28:55.058000,416.8254423339928,101
2024-09-18 11:28:55.168000,416.8503396437273,100
2024-09-18 11:28:55.212000,416.8547440646492,98
2024-09-18 11:28:55.372000,416.83618959618514,97
2024-09-18 11:28:55.399000,416.86020879140153,9
2024-09-18 11:28:55.551000,416.8356795562688,997
2024-09-18 11:28:55.590000,416.84754476422165,1005
2024-09-18 11:28:55.606000,416.83360279267407,1004
2024-09-18 11:28:55.627000,416.8372254080708,98
2024-09-18 11:28:55.643000,416.83662688915615,95
2024-09-18 11:28:55.866000,416.83321089741634,100
2024-09-18 11:28:55.939000,416.8271304251526,11
2024-09-18 11:28:57.002000,416.80849198080585,1004
2024-09-18 11:28:57.175000,416.8344879083883,5
2024-09-18 11:28:57.344000,416.794019490387,995
2024-09-18 11:28:57.787000,416.8157978063952,11
2024-09-18 11:28:58.017000,416.7223765252803,14
2024-09-18 11:28:58.027000,416.7578195978026,996
2024-09-18 11:28:58.090000,416.739926320328,14
2024-09-18 11:28:58.134000,416.75251031710354,100
2024-09-18 11:28:58.159000,416.7554128009794,999
2024-09-18 11:28:58.165000,416.754257783816,105
2024-09-18 11:28:58.300000,416.7613827889008,1002
2024-09-18 11:28:58.343000,416.7323817222847,12
2024-09-18 11:28:58.483000,416.7464007543192,999
2024-09-18 11:28:58.545000,416.7628712487503,10
2024-09-18 11:28:58.615000,416.7482315129051,99
2024-09-18 11:28:58.653000,416.77285806009104,105
2024-09-18 11:28:58.683000,416.7485385924466,95
2024-09-18 11:28:58.692000,416.75779910021055,1002
2024-09-18 11:28:58.708000,416.74897626601336,96
2024-09-18 11:28:58.795000,416.75460278394416,100
2024-09-18 11:28:58.865000,416.764726268164,96
2024-09-18 11:28:58.878000,416.7832671735994,103
2024-09-18 11:28:58.891000,416.7531946211257,97
2024-09-18 11:28:58.993000,416.75502340118095,995
2024-09-18 11:28:59.096000,416.725946495984,1001
2024-09-18 11:28:59.184000,416.7285248462558,6
2024-09-18 11:28:59.195000,416.732668072089,995
2024-09-18 11:28:59.210000,416.7327917762433,999
2024-09-18 11:28:59.320000,416.717032783034,997
2024-09-18 11:28:59.408000,416.7343294796883,13
2024-09-18 11:28:59.413000,416.72194868858713,103
2024-09-18 11:28:59.518000,416.7317992582373,995
2024-09-18 11:28:59.528000,416.738637039513,11
2024-09-18 11:28:59.688000,416.73821677775067,997
2024-09-18 11:28:59.702000,416.7255764172973,98
2024-09-18 11:28:59.710000,416.7317489217632,100
2024-09-18 11:28:59.741000,416.72390556494304,98
2024-09-18 11:28:59.814000,416.72776894968,101
2024-09-18 11:28:59.916000,416.7353709720744,1004
2024-09-18 11:28:59.972000,416.7573382488621,1002
