Timestamp,Price,Size
2024-09-20 15:45:00.003000,427.50099043832057,995
2024-09-20 15:45:00.025000,427.4765176682224,998
2024-09-20 15:45:00.063000,427.5084140795272,12
2024-09-20 15:45:00.135000,427.5272833577716,99
2024-09-20 15:45:00.142000,427.52752616311017,97
2024-09-20 15:45:00.254000,427.5080133007337,15
2024-09-20 15:45:00.423000,427.5164728142389,96
2024-09-20 15:45:00.429000,427.53651922594906,95
2024-09-20 15:45:00.482000,427.4737927175029,996
2024-09-20 15:45:00.585000,427.53227156355615,1005
2024-09-20 15:45:00.623000,427.5084545748872,996
2024-09-20 15:45:00.673000,427.4926216378108,102
2024-09-20 15:45:00.746000,427.5291521366429,996
2024-09-20 15:45:00.757000,427.5096614523145,99
2024-09-20 15:45:00.793000,427.52614022471136,14
2024-09-20 15:45:00.800000,427.51262116676753,95
2024-09-20 15:45:00.801000,427.48934883229305,102
2024-09-20 15:45:00.827000,427.5039019301068,998
2024-09-20 15:45:00.852000,427.4609330098121,996
2024-09-20 15:45:00.880000,427.5122335723504,9
2024-09-20 15:45:00.888000,427.52853905741983,1003
2024-09-20 15:45:00.889000,427.5146226327984,102
2024-09-20 15:45:00.893000,427.5415871643136,997
2024-09-20 15:45:00.933000,427.510875268577,1001
2024-09-20 15:45:00.998000,427.5027460411643,97
2024-09-20 15:45:01.098000,427.49093632186896,998
2024-09-20 15:45:01.186000,427.45107856494144,10
2024-09-20 15:45:01.202000,427.4913043529171,1002
2024-09-20 15:45:01.274000,427.5201954485444,12
2024-09-20 15:45:01.527000,427.4400788463972,98
2024-09-20 15:45:01.886000,427.51804904123696,1000
2024-09-20 15:45:01.933000,427.4657019473262,98
2024-09-20 15:45:01.977000,427.5049476728886,97
2024-09-20 15:45:02.023000,427.4248154439868,96
2024-09-20 15:45:02.048000,427.4764209561909,1000
2024-09-20 15:45:02.074000,427.4539509955752,8
2024-09-20 15:45:02.179000,427.4235037658114,997
2024-09-20 15:45:02.193000,427.4912700814032,6
2024-09-20 15:45:02.212000,427.4795266637351,103
2024-09-20 15:45:02.230000,427.5132002665069,101
2024-09-20 15:45:02.241000,427.43568546334143,7
2024-09-20 15:45:02.279000,427.4353011071226,102
2024-09-20 15:45:02.304000,427.4491297861907,996
2024-09-20 15:45:02.498000,427.49296329021774,1005
2024-09-20 15:45:02.514000,427.4945181208105,995
2024-09-20 15:45:02.647000,427.4851016359669,96
2024-09-20 15:45:02.732000,427.4247678898567,105
2024-09-20 15:45:02.812000,427.44576760723584,999
2024-09-20 15:45:02.824000,427.49238484128745,98
2024-09-20 15:45:02.835000,427.4318881702314,1001
2024-09-20 15:45:02.883000,427.4787370476407,6
2024-09-20 15:45:02.905000,427.4889224536768,13
2024-09-20 15:45:02.945000,427.4925707346783,97
2024-09-20 15:45:04.020000,427.53808740466405,1002
2024-09-20 15:45:04.054000,427.4751457241561,997
2024-09-20 15:45:04.214000,427.4884188273312,1004
2024-09-20 15:45:04.247000,427.516289298226,1003
2024-09-20 15:45:04.356000,427.492843179284,1005
2024-09-20 15:45:04.371000,427.473161574348,1004
2024-09-20 15:45:04.376000,427.5085886494575,8
2024-09-20 15:45:04.451000,427.53877185288906,14
2024-09-20 15:45:04.472000,427.47958247445257,15
2024-09-20 15:45:04.616000,427.5021560291492,95
2024-09-20 15:45:04.725000,427.5621562889629,1002
2024-09-20 15:45:04.833000,427.48969505308816,998
2024-09-20 15:45:04.841000,427.4917746748821,104
2024-09-20 15:45:04.852000,427.4916689226291,999
2024-09-20 15:45:04.863000,427.4886895568179,14
2024-09-20 15:45:04.910000,427.4935356005468,6
2024-09-20 15:45:05.085000,427.5766192963685,14
2024-09-20 15:45:05.092000,427.5835363247223,1000
2024-09-20 15:45:05.147000,427.55566953073503,96
2024-09-20 15:45:05.200000,427.5770508113489,7
2024-09-20 15:45:05.323000,427.5716775996114,6
2024-09-20 15:45:05.326000,427.5610634740928,10
2024-09-20 15:45:05.412000,423.6142343577126,1004
2024-09-20 15:45:05.415000,427.5660038094924,101
2024-09-20 15:45:05.619000,427.5816772917782,1001
2024-09-20 15:45:05.663000,427.5752350517328,99
2024-09-20 15:45:05.665000,427.5676037310575,98
2024-09-20 15:45:05.704000,427.57963888947984,6
2024-09-20 15:45:05.715000,427.5805306107091,100
2024-09-20 15:45:05.750000,427.5796678903499,100
2024-09-20 15:45:05.852000,427.57917135689104,96
2024-09-20 15:45:05.857000,427.5730222813869,100
2024-09-20 15:45:05.901000,427.5681429022696,1005
2024-09-20 15:45:05.969000,427.56814776715737,101
2024-09-20 15:45:06.011000,427.6192872054284,1005
2024-09-20 15:45:06.053000,427.59262419470446,998
2024-09-20 15:45:06.063000,423.6373321629577,8
2024-09-20 15:45:06.124000,427.5730296526545,996
2024-09-20 15:45:06.160000,427.58613599675016,101
2024-09-20 15:45:06.193000,427.5724754382077,6
2024-09-20 15:45:06.335000,427.6178733029212,102
2024-09-20 15:45:06.377000,427.601405892433,1000
2024-09-20 15:45:06.405000,427.5932681976469,12
2024-09-20 15:45:06.465000,427.5964484104458,1002
2024-09-20 15:45:06.513000,427.5737717058712,1000
2024-09-20 15:45:06.529000,427.58494619808965,5
2024-09-20 15:45:06.541000,427.59424461823625,1002
2024-09-20 15:45:06.561000,427.56210655383984,14
2024-09-20 15:45:06.571000,427.5774140339323,1001
2024-09-20 15:45:06.576000,427.5780959566791,100
2024-09-20 15:45:06.590000,427.58812810166125,997
2024-09-20 15:45:06.637000,427.5540430205597,1003
2024-09-20 15:45:06.659000,427.5771608772591,6
2024-09-20 15:45:06.683000,427.5714900822016,999
2024-09-20 15:45:06.760000,427.5714045347796,1004
2024-09-20 15:45:06.787000,427.6005415469751,1001
2024-09-20 15:45:06.844000,427.6059806381873,95
2024-09-20 15:45:06.865000,427.5959201136338,14
2024-09-20 15:45:06.892000,427.5719339173329,998
2024-09-20 15:45:06.907000,427.61334449170727,1005
2024-09-20 15:45:06.930000,427.59330131062734,998
2024-09-20 15:45:06.944000,427.5613586150264,8
2024-09-20 15:45:06.962000,427.63713420469446,1005
2024-09-20 15:45:07.003000,427.639732140052,996
2024-09-20 15:45:07.049000,427.5993090385259,5
2024-09-20 15:45:07.049000,427.624255908894,100
2024-09-20 15:45:07.097000,427.6367320447928,996
2024-09-20 15:45:07.181000,427.6530581320293,999
2024-09-20 15:45:07.260000,427.6020168152523,99
2024-09-20 15:45:07.275000,427.6517469360504,13
2024-09-20 15:45:07.345000,427.596483105126,96
2024-09-20 15:45:07.418000,427.6567644483216,11
2024-09-20 15:45:07.458000,427.6497040194236,14
2024-09-20 15:45:07.484000,427.6109588757004,11
2024-09-20 15:45:07.531000,427.60418627554185,98
2024-09-20 15:45:07.582000,427.598407710227,1001
2024-09-20 15:45:07.587000,427.6099433287652,101
2024-09-20 15:45:07.770000,427.5900260094045,999
2024-09-20 15:45:07.771000,427.6247545440969,15
2024-09-20 15:45:07.996000,427.61158558242425,1002
2024-09-20 15:45:08.052000,427.6690470189518,104
2024-09-20 15:45:08.077000,427.6608893509824,97
2024-09-20 15:45:08.204000,427.6685637339946,1003
2024-09-20 15:45:08.280000,427.6688073428383,11
2024-09-20 15:45:08.307000,427.6643830918859,1003
2024-09-20 15:45:08.319000,427.6283140466765,1003
2024-09-20 15:45:08.376000,427.630132331546,100
2024-09-20 15:45:08.447000,427.6901506602338,7
2024-09-20 15:45:08.486000,427.68764368628,100
2024-09-20 15:45:08.532000,427.65733468936713,997
2024-09-20 15:45:08.739000,427.68773092144,1005
2024-09-20 15:45:08.768000,427.62988998942654,1005
2024-09-20 15:45:08.771000,427.6402812907627,1004
2024-09-20 15:45:08.797000,427.62616555395056,1003
2024-09-20 15:45:08.822000,427.6339428494453,5
2024-09-20 15:45:08.842000,427.6799328856423,1002
2024-09-20 15:45:08.893000,427.6832055212563,12
2024-09-20 15:45:08.915000,427.6628890427521,96
2024-09-20 15:45:08.960000,427.6759352498004,5
2024-09-20 15:45:09.136000,427.6337254300674,98
2024-09-20 15:45:09.273000,427.6372517210676,10
2024-09-20 15:45:09.432000,427.64235204953553,10
2024-09-20 15:45:09.639000,427.6554418696719,1004
2024-09-20 15:45:10.034000,427.675545060252,14
2024-09-20 15:45:10.057000,427.66958362484297,14
2024-09-20 15:45:10.063000,427.6558386537519,8
2024-09-20 15:45:10.103000,427.6781330514756,99
2024-09-20 15:45:10.474000,427.6700214034682,11
2024-09-20 15:45:10.538000,427.6687631318772,995
2024-09-20 15:45:10.636000,427.6600614695437,1005
2024-09-20 15:45:10.829000,427.6740680309974,100
2024-09-20 15:45:10.840000,427.670046863088,999
2024-09-20 15:45:10.897000,427.65021113684537,10
2024-09-20 15:45:12.038000,427.7299568677364,1004
2024-09-20 15:45:12.038000,427.6505948845205,102
2024-09-20 15:45:12.044000,427.6802877767389,7
2024-09-20 15:45:12.059000,427.67767444391137,12
2024-09-20 15:45:12.066000,427.6647536856789,1001
2024-09-20 15:45:12.105000,427.674059406134,101
2024-09-20 15:45:12.124000,427.655718623316,1000
2024-09-20 15:45:12.148000,427.6632006520773,15
2024-09-20 15:45:12.199000,427.6949000685199,7
2024-09-20 15:45:12.251000,427.7252182592405,15
2024-09-20 15:45:12.274000,427.6945175602194,996
2024-09-20 15:45:12.297000,427.63483069700254,102
2024-09-20 15:45:12.359000,427.7059531949943,997
2024-09-20 15:45:12.454000,427.6470571299316,11
2024-09-20 15:45:12.474000,427.68997484544025,997
2024-09-20 15:45:12.505000,427.70925073009806,997
2024-09-20 15:45:12.595000,427.6520903352551,998
2024-09-20 15:45:12.677000,427.6493408028166,96
2024-09-20 15:45:12.698000,427.6619932188624,99
2024-09-20 15:45:12.738000,427.6729866484332,1001
2024-09-20 15:45:12.780000,427.669380256972,15
2024-09-20 15:45:12.826000,427.66972258984646,11
2024-09-20 15:45:12.857000,427.6412182072779,102
2024-09-20 15:45:12.884000,427.6804319679324,95
2024-09-20 15:45:12.903000,427.7080590816765,1000
2024-09-20 15:45:12.908000,427.7163156789724,105
2024-09-20 15:45:13.103000,427.7800960695824,96
2024-09-20 15:45:13.103000,427.8005170868565,7
2024-09-20 15:45:13.116000,427.75398013733474,13
2024-09-20 15:45:13.139000,427.7067345281327,1004
2024-09-20 15:45:13.152000,427.712469901432,102
2024-09-20 15:45:13.241000,427.72923992475074,6
2024-09-20 15:45:13.241000,427.7100648039941,105
2024-09-20 15:45:13.414000,427.801793909514,98
2024-09-20 15:45:13.527000,427.8134158678854,102
2024-09-20 15:45:13.545000,427.70383390983966,95
2024-09-20 15:45:13.591000,427.7264707621085,100
2024-09-20 15:45:13.678000,427.6987933546664,96
2024-09-20 15:45:13.683000,427.8032668757985,1004
2024-09-20 15:45:13.701000,427.81844809596,99
2024-09-20 15:45:13.797000,427.7302381348376,6
2024-09-20 15:45:13.822000,427.8234520115847,1004
2024-09-20 15:45:13.870000,427.7184644871493,100
2024-09-20 15:45:13.957000,427.7225712678133,998
2024-09-20 15:45:13.987000,427.7561510991594,101
2024-09-20 15:45:14.266000,427.8421007589597,11
2024-09-20 15:45:14.360000,427.832184580457,997
2024-09-20 15:45:14.432000,427.8446469504168,1003
2024-09-20 15:45:14.477000,427.8451073227909,998
2024-09-20 15:45:14.499000,427.81996358784056,9
2024-09-20 15:45:14.505000,427.8611887609839,99
2024-09-20 15:45:14.532000,427.8787942095295,101
2024-09-20 15:45:14.598000,427.8545291009826,99
2024-09-20 15:45:14.750000,427.8292326683997,104
2024-09-20 15:45:14.843000,427.85181215670985,1000
2024-09-20 15:45:15.001000,427.8832043306893,1004
2024-09-20 15:45:15.027000,427.8452437368417,995
2024-09-20 15:45:15.071000,427.8943859340671,99
2024-09-20 15:45:15.125000,427.8194299730293,102
2024-09-20 15:45:15.270000,427.8440844409024,98
2024-09-20 15:45:15.302000,427.82664812193406,11
2024-09-20 15:45:15.729000,427.8148266801439,7
2024-09-20 15:45:15.760000,427.8593816280609,11
2024-09-20 15:45:15.913000,427.8398522997497,104
2024-09-20 15:45:16.112000,427.916678849936,95
2024-09-20 15:45:16.267000,427.8993988653539,10
2024-09-20 15:45:16.588000,427.8968613264953,999
2024-09-20 15:45:16.639000,427.9170867877736,15
2024-09-20 15:45:17.005000,427.9248954079577,105
2024-09-20 15:45:17.008000,427.9178558471168,99
2024-09-20 15:45:17.038000,427.9895992995992,996
2024-09-20 15:45:17.127000,427.92034317540543,7
2024-09-20 15:45:17.186000,427.9033680380216,12
2024-09-20 15:45:17.197000,427.9786079092343,999
2024-09-20 15:45:17.227000,427.9105058256068,5
2024-09-20 15:45:17.273000,427.9119584987389,15
2024-09-20 15:45:17.299000,427.9179688049712,997
2024-09-20 15:45:17.421000,427.997600271084,5
2024-09-20 15:45:17.426000,427.9023305531025,12
2024-09-20 15:45:17.443000,427.8967703522084,15
2024-09-20 15:45:17.474000,427.9060294886016,6
2024-09-20 15:45:17.483000,427.9043430116912,12
2024-09-20 15:45:17.580000,427.9871569625207,1005
2024-09-20 15:45:17.581000,427.9342950988435,99
2024-09-20 15:45:17.635000,427.9172535615969,995
2024-09-20 15:45:17.657000,427.9064580870973,98
2024-09-20 15:45:17.678000,427.9263074303248,103
2024-09-20 15:45:17.723000,427.9056748280928,101
2024-09-20 15:45:17.798000,428.0038133108436,15
2024-09-20 15:45:17.832000,427.9439301405273,999
2024-09-20 15:45:17.841000,427.9081042882412,999
2024-09-20 15:45:17.901000,427.9269431245749,100
2024-09-20 15:45:17.917000,427.8951827733438,100
2024-09-20 15:45:17.920000,427.9894195845452,97
2024-09-20 15:45:17.972000,427.97731700693913,997
2024-09-20 15:45:17.993000,427.94902594472495,10
2024-09-20 15:45:18.058000,427.9938188217389,98
2024-09-20 15:45:18.133000,427.9215294328249,8
2024-09-20 15:45:18.135000,427.99692678102457,996
2024-09-20 15:45:18.361000,427.9185093293268,103
2024-09-20 15:45:18.384000,427.9018661744469,5
2024-09-20 15:45:18.444000,427.93676667388,98
2024-09-20 15:45:18.468000,427.993939226274,8
2024-09-20 15:45:18.472000,427.9011907675325,7
2024-09-20 15:45:18.547000,427.9826752505516,100
2024-09-20 15:45:18.703000,427.9399744339657,105
2024-09-20 15:45:18.736000,427.9862993773373,96
2024-09-20 15:45:18.738000,427.9595774667063,997
2024-09-20 15:45:18.745000,427.9851162334844,11
2024-09-20 15:45:18.753000,427.9458388644809,105
2024-09-20 15:45:18.817000,427.9796226902576,11
2024-09-20 15:45:18.917000,427.9810706384576,6
2024-09-20 15:45:18.920000,427.9743535618748,1001
2024-09-20 15:45:18.958000,427.9472450742721,1003
2024-09-20 15:45:18.960000,427.9062777831404,100
2024-09-20 15:45:19.018000,427.967484586062,10
2024-09-20 15:45:19.047000,427.91312120841343,13
2024-09-20 15:45:19.103000,428.00604155408064,12
2024-09-20 15:45:19.140000,428.0044998051798,997
2024-09-20 15:45:19.164000,427.9782810826664,13
2024-09-20 15:45:19.243000,427.9702801334479,98
2024-09-20 15:45:19.293000,427.9946731126726,7
2024-09-20 15:45:19.400000,427.9689599487924,105
2024-09-20 15:45:19.482000,427.9390228815377,10
2024-09-20 15:45:19.574000,427.9510882993863,1004
2024-09-20 15:45:19.615000,427.90552058814814,96
2024-09-20 15:45:19.672000,428.02312831836593,11
2024-09-20 15:45:19.734000,427.9309708083056,1003
2024-09-20 15:45:19.757000,427.92837973957967,100
2024-09-20 15:45:19.761000,427.98734330591134,1005
2024-09-20 15:45:19.784000,428.00184595955074,102
2024-09-20 15:45:19.858000,428.01042092587295,997
2024-09-20 15:45:19.896000,427.9476061260715,1003
2024-09-20 15:45:19.971000,427.9551609425304,100
2024-09-20 15:45:20.004000,428.0306895854437,9
2024-09-20 15:45:20.010000,428.0356583109909,104
2024-09-20 15:45:20.018000,428.01270709400006,95
2024-09-20 15:45:20.076000,428.03487829480144,100
2024-09-20 15:45:20.112000,428.0307227153431,14
2024-09-20 15:45:20.214000,428.0331497580532,8
2024-09-20 15:45:20.262000,428.0372144925036,13
2024-09-20 15:45:20.333000,428.0256068856163,9
2024-09-20 15:45:20.354000,428.0460025461663,11
2024-09-20 15:45:20.361000,428.0178743681213,99
2024-09-20 15:45:20.365000,428.03878355361815,7
2024-09-20 15:45:20.383000,428.0172677808782,104
2024-09-20 15:45:20.404000,428.0218451241408,6
2024-09-20 15:45:20.485000,428.04043417872566,14
2024-09-20 15:45:20.563000,428.019838551761,1001
2024-09-20 15:45:20.843000,428.0333577985139,7
2024-09-20 15:45:20.921000,428.0000711130971,104
2024-09-20 15:45:21.583000,428.0543257373248,9
2024-09-20 15:45:21.665000,428.0384262497296,105
2024-09-20 15:45:21.674000,428.0276874359763,996
2024-09-20 15:45:21.689000,428.02289598063385,101
2024-09-20 15:45:21.701000,423.6922106020602,98
2024-09-20 15:45:21.800000,428.0565764758216,1005
2024-09-20 15:45:21.832000,428.048994056779,996
2024-09-20 15:45:21.933000,428.0542856380681,1002
2024-09-20 15:45:22.155000,428.0029799614918,997
2024-09-20 15:45:22.167000,428.0145612238136,5
2024-09-20 15:45:22.265000,428.00899323327246,98
2024-09-20 15:45:22.320000,427.94490579550535,6
2024-09-20 15:45:22.325000,428.0160614535873,95
2024-09-20 15:45:22.337000,427.9913350856673,1001
2024-09-20 15:45:22.386000,427.9316153855284,1005
2024-09-20 15:45:22.404000,427.9374876885796,97
2024-09-20 15:45:22.472000,427.9770380015604,100
2024-09-20 15:45:22.617000,427.9748278671327,998
2024-09-20 15:45:22.625000,427.9334736471855,1000
2024-09-20 15:45:22.649000,428.0220635882927,101
2024-09-20 15:45:22.660000,427.9282391567498,996
2024-09-20 15:45:22.672000,427.93753693444086,97
2024-09-20 15:45:22.740000,427.9200620124264,96
2024-09-20 15:45:22.841000,428.0124159212593,1000
2024-09-20 15:45:22.851000,428.010024317708,5
2024-09-20 15:45:22.879000,428.0199980018579,1004
2024-09-20 15:45:22.944000,427.9711610310284,98
2024-09-20 15:45:22.955000,427.9312023096093,8
2024-09-20 15:45:23.022000,427.9357494510978,97
2024-09-20 15:45:23.078000,423.61392486291,9
2024-09-20 15:45:23.160000,427.9901496647551,99
2024-09-20 15:45:23.267000,427.9437211673128,15
2024-09-20 15:45:23.348000,427.9592928988719,104
2024-09-20 15:45:23.417000,427.94901753547936,997
2024-09-20 15:45:23.495000,427.9655466816317,7
2024-09-20 15:45:23.521000,427.9515714536493,105
2024-09-20 15:45:23.528000,427.9538290898107,10
2024-09-20 15:45:23.661000,427.9361591685812,997
2024-09-20 15:45:23.840000,427.94575847879895,999
2024-09-20 15:45:23.879000,427.9342067493679,1004
2024-09-20 15:45:23.922000,427.9586665920951,11
2024-09-20 15:45:23.948000,427.96015038164336,1004
2024-09-20 15:45:24.625000,427.9659301766332,15
2024-09-20 15:45:24.959000,427.97039720990887,104
2024-09-20 15:45:25.245000,427.95669331552745,11
2024-09-20 15:45:25.288000,427.9557286232266,1001
2024-09-20 15:45:25.297000,427.96067652054745,997
2024-09-20 15:45:25.303000,427.9502222513485,96
2024-09-20 15:45:25.313000,427.9562487061297,95
2024-09-20 15:45:25.589000,427.91626474125536,101
2024-09-20 15:45:25.600000,427.9174869587059,1005
2024-09-20 15:45:25.612000,427.9569053015021,99
2024-09-20 15:45:25.709000,427.8995298894456,14
2024-09-20 15:45:25.726000,427.9444323112431,1005
2024-09-20 15:45:25.765000,427.9150618023422,97
2024-09-20 15:45:25.825000,427.94514382911547,11
2024-09-20 15:45:25.899000,427.9041721459891,105
2024-09-20 15:45:25.914000,427.933583741871,998
2024-09-20 15:45:25.930000,427.9636369637219,15
2024-09-20 15:45:26.165000,427.8966184819789,105
2024-09-20 15:45:26.177000,427.93849346816233,98
2024-09-20 15:45:26.262000,427.9215003566196,9
2024-09-20 15:45:26.418000,427.9400142955624,1003
2024-09-20 15:45:26.455000,427.913977640548,1003
2024-09-20 15:45:26.479000,427.9025637136872,102
2024-09-20 15:45:26.487000,427.9091082676629,96
2024-09-20 15:45:26.524000,427.9048711045605,15
2024-09-20 15:45:26.538000,427.9087510909389,1002
2024-09-20 15:45:26.613000,427.9402978173966,7
2024-09-20 15:45:26.614000,427.88550353470015,8
2024-09-20 15:45:26.652000,427.92941866327067,12
2024-09-20 15:45:26.670000,427.9081785794141,10
2024-09-20 15:45:26.742000,427.9177771177958,999
2024-09-20 15:45:26.761000,427.9001863558012,1003
2024-09-20 15:45:26.829000,427.887800189694,6
2024-09-20 15:45:26.901000,427.9157266635882,104
2024-09-20 15:45:26.953000,427.91760319241166,5
2024-09-20 15:45:27.169000,427.8999445081295,13
2024-09-20 15:45:27.177000,427.8804264117225,15
2024-09-20 15:45:27.227000,427.8829583068905,105
2024-09-20 15:45:27.300000,427.8696832833067,13
2024-09-20 15:45:27.445000,427.8696736446866,98
2024-09-20 15:45:27.620000,427.90439507005374,99
2024-09-20 15:45:27.628000,427.8613813696744,97
2024-09-20 15:45:27.715000,427.86983487303627,995
2024-09-20 15:45:27.745000,427.89391097804827,1000
2024-09-20 15:45:27.806000,427.86904167381937,8
2024-09-20 15:45:27.985000,427.88609821147634,97
2024-09-20 15:45:28.007000,427.9318637598221,7
2024-09-20 15:45:28.009000,427.9364119873785,1005
2024-09-20 15:45:28.015000,427.9014328168746,103
2024-09-20 15:45:28.046000,427.9007165481911,98
2024-09-20 15:45:28.088000,427.91655306447126,100
2024-09-20 15:45:28.100000,427.9268300132934,104
2024-09-20 15:45:28.104000,427.8993245953103,96
2024-09-20 15:45:28.236000,427.9096683528464,105
2024-09-20 15:45:28.404000,427.9110991137446,1005
2024-09-20 15:45:28.467000,427.92347796258815,9
2024-09-20 15:45:28.476000,427.9261781270091,10
2024-09-20 15:45:28.510000,427.9622825745879,1005
2024-09-20 15:45:28.527000,427.9483891475043,6
2024-09-20 15:45:28.541000,427.9074161294727,99
2024-09-20 15:45:28.544000,427.9739939235237,995
2024-09-20 15:45:28.574000,427.94152005467214,998
2024-09-20 15:45:28.591000,427.9229501127767,1000
2024-09-20 15:45:28.622000,427.9234889514116,102
2024-09-20 15:45:28.636000,427.9541807096002,97
2024-09-20 15:45:28.641000,427.91512213583866,995
2024-09-20 15:45:28.652000,427.9042328124313,998
2024-09-20 15:45:28.667000,427.9522191651695,1004
2024-09-20 15:45:28.743000,427.9208528373135,11
2024-09-20 15:45:28.760000,427.924441366193,105
2024-09-20 15:45:28.774000,427.9036803206751,7
2024-09-20 15:45:28.841000,427.955122330624,5
2024-09-20 15:45:28.895000,427.92038848644944,12
2024-09-20 15:45:28.995000,427.93964637036606,999
2024-09-20 15:45:29.480000,427.9299817870478,99
2024-09-20 15:45:30.003000,427.9895140199635,1005
2024-09-20 15:45:30.144000,427.95629720566814,99
2024-09-20 15:45:30.173000,427.9838806518631,995
2024-09-20 15:45:30.255000,427.9807120629711,100
2024-09-20 15:45:30.301000,427.9656047440408,98
2024-09-20 15:45:30.331000,427.947224719048,11
2024-09-20 15:45:30.414000,427.9746139037542,1004
2024-09-20 15:45:30.425000,427.922367395767,102
2024-09-20 15:45:30.492000,427.953510155376,97
2024-09-20 15:45:30.516000,428.00162631712914,998
2024-09-20 15:45:30.549000,427.92162387040094,1001
2024-09-20 15:45:30.623000,423.8143330352319,1002
2024-09-20 15:45:30.724000,427.9713553254136,15
2024-09-20 15:45:30.773000,427.96718591998496,5
2024-09-20 15:45:30.793000,427.9711509626632,6
2024-09-20 15:45:30.834000,427.9963647258354,1000
2024-09-20 15:45:30.894000,427.9851987126772,1005
2024-09-20 15:45:30.899000,427.9455220391195,104
2024-09-20 15:45:30.916000,427.98910666677193,7
2024-09-20 15:45:30.974000,427.98942037665125,105
2024-09-20 15:45:31.035000,427.9225110296152,1001
2024-09-20 15:45:31.068000,427.9155174523896,1000
2024-09-20 15:45:31.127000,427.9449664202132,10
2024-09-20 15:45:31.137000,427.9655371513861,14
2024-09-20 15:45:31.270000,427.9714298584813,996
2024-09-20 15:45:31.328000,427.9574227731352,99
2024-09-20 15:45:31.386000,427.9161372371064,13
2024-09-20 15:45:31.391000,427.96845190978655,996
2024-09-20 15:45:31.406000,427.955396912529,8
2024-09-20 15:45:31.418000,427.9881704115413,997
2024-09-20 15:45:31.460000,427.97384475364527,100
2024-09-20 15:45:31.530000,427.94896791739626,12
2024-09-20 15:45:31.580000,427.92316110078,14
2024-09-20 15:45:31.641000,427.9593024179808,104
2024-09-20 15:45:31.686000,427.944078505759,1002
2024-09-20 15:45:31.729000,427.9405835415039,999
2024-09-20 15:45:31.734000,427.9645615415024,1000
2024-09-20 15:45:31.738000,427.91376359053663,8
2024-09-20 15:45:31.758000,427.9677354158096,95
2024-09-20 15:45:31.811000,427.9667231450603,1003
2024-09-20 15:45:31.859000,427.9526164636767,105
2024-09-20 15:45:31.867000,427.96403503788986,1004
2024-09-20 15:45:31.940000,427.9509077548314,105
2024-09-20 15:45:32.003000,427.942629044288,95
2024-09-20 15:45:32.063000,427.9507803356928,997
2024-09-20 15:45:32.229000,427.94136299452106,103
2024-09-20 15:45:32.234000,427.9458410983258,1000
2024-09-20 15:45:32.399000,427.9344482470197,99
2024-09-20 15:45:32.522000,427.94344460343626,1004
2024-09-20 15:45:32.594000,427.9269410711922,96
2024-09-20 15:45:32.605000,427.9817072002376,100
2024-09-20 15:45:32.629000,427.9402611391126,1001
2024-09-20 15:45:32.731000,427.9457750762039,8
2024-09-20 15:45:32.829000,427.9355112126625,11
2024-09-20 15:45:32.843000,427.930705400164,15
2024-09-20 15:45:32.881000,427.9434106500236,102
2024-09-20 15:45:32.891000,427.9360070967823,998
2024-09-20 15:45:32.908000,427.9270438751492,6
2024-09-20 15:45:32.947000,427.94298743379466,13
2024-09-20 15:45:33.062000,427.9853521001705,7
2024-09-20 15:45:33.072000,428.02444482345913,103
2024-09-20 15:45:33.083000,427.969304158483,102
2024-09-20 15:45:33.180000,428.0119258736855,102
2024-09-20 15:45:33.367000,428.0104716288159,15
2024-09-20 15:45:33.397000,428.0002533980253,9
2024-09-20 15:45:33.441000,427.9932344034232,996
2024-09-20 15:45:33.558000,427.95838939898886,14
2024-09-20 15:45:33.567000,423.8071914760331,99
2024-09-20 15:45:33.571000,428.0151183378008,12
2024-09-20 15:45:33.923000,428.0146038671324,1001
2024-09-20 15:45:33.950000,428.0079120863186,104
2024-09-20 15:45:33.983000,428.0088100289132,1000
2024-09-20 15:45:34.025000,427.99927130077657,103
2024-09-20 15:45:34.067000,428.0380503806607,95
2024-09-20 15:45:34.071000,428.0246082402507,1000
2024-09-20 15:45:34.199000,427.9947314302895,11
2024-09-20 15:45:34.274000,427.9899937814846,99
2024-09-20 15:45:34.294000,428.0285301328248,9
2024-09-20 15:45:34.347000,427.97878317997447,102
2024-09-20 15:45:34.365000,427.99779585667153,96
2024-09-20 15:45:34.366000,428.02753402182975,997
2024-09-20 15:45:34.378000,428.037282462646,13
2024-09-20 15:45:34.380000,428.0131234644039,999
2024-09-20 15:45:34.433000,427.9977398509221,7
2024-09-20 15:45:34.439000,427.9874709010651,1005
2024-09-20 15:45:34.687000,428.0240610044471,998
2024-09-20 15:45:34.691000,428.00530282792255,997
2024-09-20 15:45:34.705000,428.01246297258734,7
2024-09-20 15:45:34.764000,428.0531235383398,999
2024-09-20 15:45:34.769000,428.0447658837355,7
2024-09-20 15:45:34.795000,428.0416563682507,1005
2024-09-20 15:45:34.861000,428.0365730544023,10
2024-09-20 15:45:34.872000,428.0640960742051,97
2024-09-20 15:45:34.916000,428.0078308256405,100
2024-09-20 15:45:34.982000,428.0368876004814,995
2024-09-20 15:45:35.046000,427.959995489619,1005
2024-09-20 15:45:35.105000,428.0141990602818,97
2024-09-20 15:45:35.238000,427.9766701912012,99
2024-09-20 15:45:35.240000,428.0073177427852,1005
2024-09-20 15:45:35.278000,427.9359051279537,11
2024-09-20 15:45:35.319000,427.9933448636284,5
2024-09-20 15:45:35.331000,427.94756199310217,995
2024-09-20 15:45:35.352000,427.9988324117117,95
2024-09-20 15:45:35.552000,427.97463322545326,14
2024-09-20 15:45:35.552000,428.0114503978811,7
2024-09-20 15:45:35.574000,428.001785360536,100
2024-09-20 15:45:35.643000,427.9615623590401,102
2024-09-20 15:45:35.697000,427.9920866116664,998
2024-09-20 15:45:35.926000,427.99902536843706,97
2024-09-20 15:45:35.930000,427.99633856368064,995
2024-09-20 15:45:35.987000,427.9863437547765,95
2024-09-20 15:45:36.033000,428.0176021993893,96
2024-09-20 15:45:36.125000,428.03288887770873,995
2024-09-20 15:45:36.147000,427.9979762579519,1003
2024-09-20 15:45:36.270000,427.9958914692988,9
2024-09-20 15:45:36.422000,428.0160830963517,999
2024-09-20 15:45:36.427000,428.02895465728335,95
2024-09-20 15:45:36.552000,428.0455740468025,1002
2024-09-20 15:45:36.605000,428.0400192114549,101
2024-09-20 15:45:36.611000,427.99995043013087,96
2024-09-20 15:45:36.646000,428.0202800598515,1001
2024-09-20 15:45:36.732000,428.0398887771104,997
2024-09-20 15:45:36.854000,428.043492853356,1001
2024-09-20 15:45:37.032000,428.148906054464,100
2024-09-20 15:45:37.115000,428.0381895126595,15
2024-09-20 15:45:37.130000,428.1587655052048,6
2024-09-20 15:45:37.171000,428.05785643142457,12
2024-09-20 15:45:37.203000,428.1404737071174,98
2024-09-20 15:45:37.216000,428.1114269749256,996
2024-09-20 15:45:37.222000,428.14958267804747,15
2024-09-20 15:45:37.258000,428.0517368742015,104
2024-09-20 15:45:37.270000,428.0639820207356,7
2024-09-20 15:45:37.346000,428.1614233558394,103
2024-09-20 15:45:37.347000,428.0503031008344,100
2024-09-20 15:45:37.348000,428.1421016864073,7
2024-09-20 15:45:37.350000,428.0602900224395,103
2024-09-20 15:45:37.359000,428.16147021608936,13
2024-09-20 15:45:37.392000,428.1545239999744,99
2024-09-20 15:45:37.408000,428.159811719365,998
2024-09-20 15:45:37.490000,428.1288699170321,1002
2024-09-20 15:45:37.505000,428.1494496665813,1002
2024-09-20 15:45:37.612000,428.13379086219214,997
2024-09-20 15:45:37.677000,428.1022328858177,102
2024-09-20 15:45:37.686000,428.1420002914862,9
2024-09-20 15:45:37.695000,428.06530366600384,95
2024-09-20 15:45:37.715000,428.1010469610755,999
2024-09-20 15:45:37.734000,428.1367779274782,102
2024-09-20 15:45:37.782000,428.0380230461254,996
2024-09-20 15:45:37.844000,428.13357142578826,1001
2024-09-20 15:45:37.910000,428.0712775644861,1004
2024-09-20 15:45:37.923000,428.0399028892232,10
2024-09-20 15:45:37.963000,428.1251911664375,99
2024-09-20 15:45:38.118000,428.1279870395461,104
2024-09-20 15:45:38.136000,428.14509760396567,102
2024-09-20 15:45:38.145000,428.1790537362408,997
2024-09-20 15:45:38.223000,428.1794143265069,96
2024-09-20 15:45:38.348000,428.18765381102816,104
2024-09-20 15:45:38.394000,428.1594217859882,98
2024-09-20 15:45:38.451000,428.1268248507026,100
2024-09-20 15:45:38.490000,428.12869680393,6
2024-09-20 15:45:38.593000,428.1754177503615,998
2024-09-20 15:45:38.614000,428.1911190264656,1004
2024-09-20 15:45:38.745000,428.1992378425337,998
2024-09-20 15:45:38.764000,428.1568954377033,9
2024-09-20 15:45:38.775000,428.1547490453957,103
2024-09-20 15:45:38.813000,428.16849488489146,1000
2024-09-20 15:45:38.840000,428.16885377696383,102
2024-09-20 15:45:38.937000,428.13467353956514,1004
2024-09-20 15:45:38.976000,428.1336968319543,105
2024-09-20 15:45:38.987000,428.16200970295125,1000
2024-09-20 15:45:38.993000,428.1829084273407,99
2024-09-20 15:45:38.995000,428.11835018240856,105
2024-09-20 15:45:39.002000,428.193679269066,15
2024-09-20 15:45:39.219000,428.18072557791305,8
2024-09-20 15:45:39.271000,428.2100697795058,998
2024-09-20 15:45:39.309000,428.20098981711095,8
2024-09-20 15:45:39.487000,428.1929115429725,6
2024-09-20 15:45:39.549000,428.199920364504,104
2024-09-20 15:45:39.571000,428.1920527970569,13
2024-09-20 15:45:39.679000,428.19023491685647,995
2024-09-20 15:45:39.729000,428.2022050436167,999
2024-09-20 15:45:39.763000,428.2104379960468,96
2024-09-20 15:45:39.841000,428.20911408550086,5
2024-09-20 15:45:39.848000,428.2008342439215,9
2024-09-20 15:45:39.876000,428.1938232623218,11
2024-09-20 15:45:39.917000,428.1982058537184,103
2024-09-20 15:45:39.959000,428.205894988433,999
2024-09-20 15:45:39.984000,428.1872792992656,13
2024-09-20 15:45:39.999000,428.2093026963103,99
2024-09-20 15:45:40.007000,428.2068128355408,104
2024-09-20 15:45:40.019000,428.2213386537695,8
2024-09-20 15:45:40.087000,428.2551612684001,998
2024-09-20 15:45:40.096000,428.2743012764236,104
2024-09-20 15:45:40.097000,428.1788926364849,998
2024-09-20 15:45:40.117000,428.23312631394776,8
2024-09-20 15:45:40.144000,428.2101932576488,1005
2024-09-20 15:45:40.151000,428.1784811947004,998
2024-09-20 15:45:40.265000,428.22659891873866,5
2024-09-20 15:45:40.400000,428.2138894286485,999
2024-09-20 15:45:40.410000,428.2107456379075,9
2024-09-20 15:45:40.417000,428.2209113869332,10
2024-09-20 15:45:40.464000,428.199663335557,99
2024-09-20 15:45:40.467000,428.2661906735432,997
2024-09-20 15:45:40.500000,428.1776189322069,6
2024-09-20 15:45:40.532000,428.2857754347855,7
2024-09-20 15:45:40.540000,428.2728027499295,7
2024-09-20 15:45:40.547000,428.1813829900971,103
2024-09-20 15:45:40.562000,428.2208886291012,100
2024-09-20 15:45:40.607000,428.2821973679533,13
2024-09-20 15:45:40.653000,428.29198638029897,998
2024-09-20 15:45:40.723000,428.2037524806408,1001
2024-09-20 15:45:40.737000,428.2176595229078,10
2024-09-20 15:45:40.748000,428.2860963679978,997
2024-09-20 15:45:40.787000,428.2001836761614,11
2024-09-20 15:45:40.799000,428.21205176621646,997
2024-09-20 15:45:41.031000,428.3386254273688,11
2024-09-20 15:45:41.122000,428.353624166073,8
2024-09-20 15:45:41.306000,428.3241612512914,100
2024-09-20 15:45:41.312000,428.30145656482654,102
2024-09-20 15:45:41.328000,428.3815430349559,15
2024-09-20 15:45:41.348000,428.27169306244986,104
2024-09-20 15:45:41.350000,428.371361145093,1002
2024-09-20 15:45:41.443000,428.3470931454378,15
2024-09-20 15:45:41.478000,428.37384283539393,100
2024-09-20 15:45:41.507000,428.3444681796391,14
2024-09-20 15:45:41.517000,428.3238155526757,12
2024-09-20 15:45:41.521000,428.3607720923847,98
2024-09-20 15:45:41.609000,428.28330932206734,15
2024-09-20 15:45:41.630000,428.3310496208,7
2024-09-20 15:45:41.640000,428.3254670176965,1001
2024-09-20 15:45:41.719000,428.3090510324734,98
2024-09-20 15:45:41.754000,428.3569130097932,10
2024-09-20 15:45:41.786000,428.31838329856873,998
2024-09-20 15:45:41.801000,428.2934642286188,100
2024-09-20 15:45:41.824000,428.398201707621,15
2024-09-20 15:45:41.849000,428.3050729735907,105
2024-09-20 15:45:41.872000,428.2907803738248,998
2024-09-20 15:45:41.886000,428.30184447669,99
2024-09-20 15:45:42.023000,428.4406513027268,11
2024-09-20 15:45:42.028000,428.4269786655691,1004
2024-09-20 15:45:42.069000,428.4727087000816,13
2024-09-20 15:45:42.409000,428.4097292195101,1005
2024-09-20 15:45:42.609000,428.4654682847908,1005
2024-09-20 15:45:42.618000,428.4887489262151,100
2024-09-20 15:45:42.627000,428.3894356742603,99
2024-09-20 15:45:42.660000,428.4027895325444,102
2024-09-20 15:45:42.715000,428.4788498997118,998
2024-09-20 15:45:42.726000,428.4004714468846,1002
2024-09-20 15:45:42.755000,428.4041862702318,13
2024-09-20 15:45:42.877000,428.4366783111173,15
2024-09-20 15:45:42.918000,428.4597682924439,9
2024-09-20 15:45:42.941000,428.4650198186137,998
2024-09-20 15:45:42.964000,428.4727592607057,15
2024-09-20 15:45:43.010000,428.48556326395135,99
2024-09-20 15:45:43.092000,428.5039862750579,15
2024-09-20 15:45:43.106000,428.5145291488842,6
2024-09-20 15:45:43.131000,428.5287730777821,11
2024-09-20 15:45:43.167000,428.51399064844594,8
2024-09-20 15:45:43.190000,428.4826840436059,1001
2024-09-20 15:45:43.193000,428.5347249954815,11
2024-09-20 15:45:43.198000,428.503009300918,95
2024-09-20 15:45:43.202000,428.5016799041691,1000
2024-09-20 15:45:43.246000,428.4962664189886,995
2024-09-20 15:45:43.303000,428.5100069479324,101
2024-09-20 15:45:43.308000,428.5139720833835,97
2024-09-20 15:45:43.320000,428.5245435307477,104
2024-09-20 15:45:43.427000,428.5273221324426,14
2024-09-20 15:45:43.442000,428.4860304851276,9
2024-09-20 15:45:43.448000,428.4560041263659,998
2024-09-20 15:45:43.516000,428.5137248896819,997
2024-09-20 15:45:43.650000,428.48770667868826,12
2024-09-20 15:45:43.726000,428.5039411556408,97
2024-09-20 15:45:43.784000,428.47649525976783,104
2024-09-20 15:45:43.786000,428.5163903603828,104
2024-09-20 15:45:43.816000,428.4699607720769,1000
2024-09-20 15:45:43.821000,428.4970566985939,11
2024-09-20 15:45:44.021000,428.512253827828,997
2024-09-20 15:45:44.077000,428.5075096933208,14
2024-09-20 15:45:44.079000,428.4191796240685,102
2024-09-20 15:45:44.080000,428.4350414040066,96
2024-09-20 15:45:44.154000,428.5311692814232,1002
2024-09-20 15:45:44.162000,428.5364782380455,5
2024-09-20 15:45:44.201000,428.4632480557352,15
2024-09-20 15:45:44.212000,428.5046493323558,103
2024-09-20 15:45:44.228000,428.5173954490836,15
2024-09-20 15:45:44.261000,428.5528046932002,97
2024-09-20 15:45:44.261000,428.4950210064274,999
2024-09-20 15:45:44.509000,428.4284029116303,101
2024-09-20 15:45:44.538000,428.4288114769717,7
2024-09-20 15:45:44.552000,428.52681029251454,100
2024-09-20 15:45:44.609000,428.5277357852965,1000
2024-09-20 15:45:44.612000,428.4979389774025,104
2024-09-20 15:45:44.618000,428.5422327921692,1005
2024-09-20 15:45:44.668000,428.40859969494335,996
2024-09-20 15:45:44.691000,428.4667878177562,1005
2024-09-20 15:45:44.727000,428.5053957419824,996
2024-09-20 15:45:44.777000,428.438522875105,11
2024-09-20 15:45:44.828000,428.52222776648296,96
2024-09-20 15:45:44.841000,428.46591229837816,998
2024-09-20 15:45:44.898000,428.48800091938006,96
2024-09-20 15:45:44.904000,428.52879585741016,10
2024-09-20 15:45:44.914000,428.4939245327146,97
2024-09-20 15:45:44.924000,428.52389876541287,1001
2024-09-20 15:45:44.954000,428.4810910225884,10
2024-09-20 15:45:45.027000,428.4165283703828,98
2024-09-20 15:45:45.030000,428.4239570338575,1000
2024-09-20 15:45:45.238000,428.4164673942028,1001
2024-09-20 15:45:45.334000,428.4437734477575,6
2024-09-20 15:45:45.781000,428.4335098130739,95
2024-09-20 15:45:45.851000,428.4389038342334,1002
2024-09-20 15:45:45.895000,428.4357245899919,996
2024-09-20 15:45:45.907000,428.41886168774766,7
2024-09-20 15:45:45.959000,428.4047651781598,7
2024-09-20 15:45:46.046000,428.4844984766394,6
2024-09-20 15:45:46.347000,428.49409458986383,103
2024-09-20 15:45:46.420000,428.5085447450052,995
2024-09-20 15:45:46.602000,428.4257867432565,1005
2024-09-20 15:45:46.684000,428.437457558601,102
2024-09-20 15:45:46.855000,428.4546525753306,1001
2024-09-20 15:45:47.128000,428.52222437083486,999
2024-09-20 15:45:48.047000,428.5180964265818,1004
2024-09-20 15:45:48.282000,428.5023334271411,1005
2024-09-20 15:45:48.394000,428.5353105120506,8
2024-09-20 15:45:49.030000,428.5310952258162,998
2024-09-20 15:45:49.061000,428.503549188392,1004
2024-09-20 15:45:49.130000,428.49925261450346,102
2024-09-20 15:45:49.154000,428.5265092931206,998
2024-09-20 15:45:49.232000,428.485681742236,997
2024-09-20 15:45:49.282000,428.53448060606775,14
2024-09-20 15:45:49.285000,428.4934814919529,15
2024-09-20 15:45:49.310000,428.56536777236687,13
2024-09-20 15:45:49.360000,428.50413739825945,1003
2024-09-20 15:45:49.390000,428.51244182066335,99
2024-09-20 15:45:49.439000,428.5525003398831,11
2024-09-20 15:45:49.509000,428.5075430782634,12
2024-09-20 15:45:49.535000,428.54810359232414,996
2024-09-20 15:45:49.569000,428.5176563654371,12
2024-09-20 15:45:49.579000,428.52905186825376,97
2024-09-20 15:45:49.602000,428.515374055333,98
2024-09-20 15:45:49.631000,428.5255999174265,5
2024-09-20 15:45:49.654000,428.50699115651855,997
2024-09-20 15:45:49.677000,428.5156728681482,1001
2024-09-20 15:45:49.691000,428.5220258218173,99
2024-09-20 15:45:49.706000,428.4975822974564,105
2024-09-20 15:45:49.718000,428.5252544043385,14
2024-09-20 15:45:49.746000,428.5413408211471,102
2024-09-20 15:45:49.808000,428.49179280943423,1004
2024-09-20 15:45:49.869000,428.4818700906634,10
2024-09-20 15:45:49.912000,428.5090993039372,6
2024-09-20 15:45:49.912000,428.5440533108693,8
2024-09-20 15:45:49.914000,428.5453157101501,1005
2024-09-20 15:45:49.989000,428.5269663560794,999
2024-09-20 15:45:49.995000,428.5137808574087,15
2024-09-20 15:45:50.038000,428.5750999746063,103
2024-09-20 15:45:50.063000,428.5525760880139,1005
2024-09-20 15:45:50.138000,428.571431109608,98
2024-09-20 15:45:50.144000,428.5732996088405,99
2024-09-20 15:45:50.160000,428.5679649005649,1004
2024-09-20 15:45:50.249000,428.5710088939909,105
2024-09-20 15:45:50.250000,428.5659079158555,96
2024-09-20 15:45:50.478000,428.5670049918889,12
2024-09-20 15:45:50.496000,428.5633436847416,100
2024-09-20 15:45:50.500000,428.5457069996818,997
2024-09-20 15:45:50.529000,428.55749854228026,997
2024-09-20 15:45:50.611000,428.5661759944295,998
2024-09-20 15:45:50.627000,428.5942578010462,104
2024-09-20 15:45:50.687000,428.5287034603344,98
2024-09-20 15:45:50.757000,428.5579314841731,5
2024-09-20 15:45:50.780000,428.56537473822107,6
2024-09-20 15:45:50.806000,428.5723251459921,10
2024-09-20 15:45:50.843000,428.557330944749,101
2024-09-20 15:45:50.939000,428.555808662619,101
2024-09-20 15:45:50.968000,428.5901854831284,996
2024-09-20 15:45:50.999000,428.5579601754657,104
2024-09-20 15:45:51.020000,428.574498334766,95
2024-09-20 15:45:51.059000,428.4847139725852,8
2024-09-20 15:45:51.145000,428.4661738665642,14
2024-09-20 15:45:51.158000,428.5463923188382,1004
2024-09-20 15:45:51.204000,428.5808753123102,104
2024-09-20 15:45:51.228000,428.525646314693,999
2024-09-20 15:45:51.273000,428.5353328475958,11
2024-09-20 15:45:51.298000,428.5533641790492,6
2024-09-20 15:45:51.310000,428.57019542043867,6
2024-09-20 15:45:51.519000,428.5989051313685,101
2024-09-20 15:45:51.629000,428.5269194434918,5
2024-09-20 15:45:51.661000,428.540996663278,95
2024-09-20 15:45:51.704000,428.4739145743303,103
2024-09-20 15:45:51.728000,428.5561583185802,12
2024-09-20 15:45:51.729000,428.4845997886401,1000
2024-09-20 15:45:51.775000,428.54095603462895,7
2024-09-20 15:45:51.792000,428.53008946525375,998
2024-09-20 15:45:51.826000,428.5524392753837,101
2024-09-20 15:45:51.869000,428.5373161508064,99
2024-09-20 15:45:51.942000,428.5570081069426,1004
2024-09-20 15:45:51.946000,428.5416471521541,13
2024-09-20 15:45:51.959000,428.535230871876,102
2024-09-20 15:45:51.986000,428.472935421073,5
2024-09-20 15:45:52.011000,428.46394575094473,1001
2024-09-20 15:45:52.096000,428.4757130130449,7
2024-09-20 15:45:52.114000,428.5098206295568,996
2024-09-20 15:45:52.140000,428.5348992612376,15
2024-09-20 15:45:52.187000,428.4652454933316,10
2024-09-20 15:45:52.229000,428.4737724427516,95
2024-09-20 15:45:52.256000,428.48131458764414,97
2024-09-20 15:45:52.263000,428.4872542315755,95
2024-09-20 15:45:52.300000,428.48833966566366,12
2024-09-20 15:45:52.409000,428.47317811836433,6
2024-09-20 15:45:52.410000,428.5337525138495,15
2024-09-20 15:45:52.439000,428.4787414921445,1004
2024-09-20 15:45:52.447000,428.5036059096868,102
2024-09-20 15:45:52.521000,428.5006973206866,13
2024-09-20 15:45:52.528000,428.4881268568243,15
2024-09-20 15:45:52.592000,428.50913482370936,6
2024-09-20 15:45:52.610000,428.45196804398336,11
2024-09-20 15:45:52.717000,428.4939072411872,96
2024-09-20 15:45:52.718000,428.5031393024764,996
2024-09-20 15:45:52.764000,428.4600364534629,999
2024-09-20 15:45:52.797000,428.5530704553607,99
2024-09-20 15:45:52.828000,428.4632645655266,98
2024-09-20 15:45:52.833000,428.4657121613184,96
2024-09-20 15:45:52.884000,428.4636903207578,98
2024-09-20 15:45:52.940000,428.4859809701379,1003
2024-09-20 15:45:52.955000,428.528905398532,1003
2024-09-20 15:45:52.957000,423.9567161133168,15
2024-09-20 15:45:52.959000,428.4845836213101,98
2024-09-20 15:45:52.975000,428.4834624939518,11
2024-09-20 15:45:53.031000,428.50531657297137,999
2024-09-20 15:45:53.093000,428.5003771467984,1001
2024-09-20 15:45:53.132000,428.4812366733395,9
2024-09-20 15:45:53.208000,428.5776462614355,10
2024-09-20 15:45:53.229000,428.5919276530213,95
2024-09-20 15:45:53.237000,428.5748571296483,1000
2024-09-20 15:45:53.260000,428.61377497568566,1000
2024-09-20 15:45:53.482000,428.5473275883849,998
2024-09-20 15:45:53.492000,428.5471012612138,996
2024-09-20 15:45:53.522000,428.5974993738418,100
2024-09-20 15:45:53.572000,428.6000023983084,14
2024-09-20 15:45:53.587000,428.5670518443758,1005
2024-09-20 15:45:53.645000,428.5107078921163,999
2024-09-20 15:45:53.685000,428.5053189776374,8
2024-09-20 15:45:53.716000,428.5932936196081,8
2024-09-20 15:45:53.822000,428.56714085299967,101
2024-09-20 15:45:53.823000,428.61255143626914,98
2024-09-20 15:45:53.832000,428.5250604605648,100
2024-09-20 15:45:53.842000,428.5946978584131,1005
2024-09-20 15:45:53.947000,428.6108574153744,99
2024-09-20 15:45:54.418000,428.5753246850198,7
2024-09-20 15:45:54.578000,428.5709352957174,996
2024-09-20 15:45:54.753000,428.572888501589,9
2024-09-20 15:45:56.011000,428.69985755306834,1004
2024-09-20 15:45:56.039000,428.5868086040007,102
2024-09-20 15:45:56.114000,428.6635379912274,10
2024-09-20 15:45:56.152000,428.5821408450942,102
2024-09-20 15:45:56.168000,428.5623640100137,104
2024-09-20 15:45:56.168000,428.69955617935256,1000
2024-09-20 15:45:56.177000,428.6985176373192,997
2024-09-20 15:45:56.182000,428.5738355538881,1000
2024-09-20 15:45:56.299000,428.6400800495756,998
2024-09-20 15:45:56.319000,428.6292035498736,100
2024-09-20 15:45:56.322000,428.640215773958,105
2024-09-20 15:45:56.377000,428.681006822566,99
2024-09-20 15:45:56.450000,428.6058019825504,105
2024-09-20 15:45:56.461000,428.6073012335394,100
2024-09-20 15:45:56.463000,428.6286984114595,97
2024-09-20 15:45:56.471000,428.67327416432926,8
2024-09-20 15:45:56.495000,428.6335385151804,999
2024-09-20 15:45:56.496000,428.683935881828,11
2024-09-20 15:45:56.533000,428.64250331329214,1001
2024-09-20 15:45:56.591000,428.6058176830372,1001
2024-09-20 15:45:56.645000,428.6007273686821,6
2024-09-20 15:45:56.648000,428.6089321084333,98
2024-09-20 15:45:56.728000,428.6024798485054,105
2024-09-20 15:45:56.766000,428.6987532308329,999
2024-09-20 15:45:56.833000,428.6662689375569,96
2024-09-20 15:45:56.853000,428.6957656987938,1001
2024-09-20 15:45:56.902000,428.68369431563553,103
2024-09-20 15:45:56.930000,428.66138659534505,101
2024-09-20 15:45:56.976000,428.60362004403953,7
2024-09-20 15:45:57.084000,428.6399432280498,101
2024-09-20 15:45:57.153000,428.6648615617926,10
2024-09-20 15:45:57.172000,428.67805414547615,1003
2024-09-20 15:45:57.208000,428.6333606975923,96
2024-09-20 15:45:57.272000,428.6663186427681,11
2024-09-20 15:45:57.319000,428.6469878536517,98
2024-09-20 15:45:57.368000,428.6231873239528,1000
2024-09-20 15:45:57.397000,428.64647898828633,96
2024-09-20 15:45:57.486000,428.6211344060087,14
2024-09-20 15:45:57.689000,428.6527820381477,98
2024-09-20 15:45:57.704000,428.6887699901256,102
2024-09-20 15:45:57.751000,428.6347216701916,13
2024-09-20 15:45:57.851000,428.6626290379368,101
2024-09-20 15:45:57.941000,428.6775260747368,101
2024-09-20 15:45:57.994000,428.6482339356233,100
2024-09-20 15:45:58.083000,428.6475789022857,102
2024-09-20 15:45:58.100000,428.6738356467628,999
2024-09-20 15:45:58.131000,428.65348461366864,103
2024-09-20 15:45:58.147000,428.6632322058572,102
2024-09-20 15:45:58.219000,428.6655578362402,101
2024-09-20 15:45:58.228000,428.6393780011569,1004
2024-09-20 15:45:58.267000,428.6611260408391,1001
2024-09-20 15:45:58.347000,428.6664072954416,5
2024-09-20 15:45:58.366000,428.6382583737404,100
2024-09-20 15:45:58.409000,428.65538015889337,1004
2024-09-20 15:45:58.420000,428.64010390294936,10
2024-09-20 15:45:58.491000,428.64869586040913,995
2024-09-20 15:45:58.560000,428.6585149315246,1005
2024-09-20 15:45:58.633000,428.6773471055341,999
2024-09-20 15:45:58.643000,428.65917909468783,96
2024-09-20 15:45:58.688000,428.6292216726733,7
2024-09-20 15:45:58.695000,428.6754152953895,6
2024-09-20 15:45:58.728000,428.6369224635391,8
2024-09-20 15:45:58.824000,428.6661796076596,104
2024-09-20 15:45:58.915000,428.64059241444807,95
2024-09-20 15:45:58.935000,428.6465560191091,95
2024-09-20 15:45:58.946000,428.65229985125256,998
2024-09-20 15:45:59.024000,428.61594893771377,102
2024-09-20 15:45:59.051000,428.657532327705,103
2024-09-20 15:45:59.094000,428.673261232164,5
2024-09-20 15:45:59.096000,428.65173883042,995
2024-09-20 15:45:59.230000,428.6487691891714,13
2024-09-20 15:45:59.291000,428.66399858989314,1002
2024-09-20 15:45:59.321000,428.6748701482917,13
2024-09-20 15:45:59.323000,428.6375561222609,1004
2024-09-20 15:45:59.452000,428.6045198828969,5
2024-09-20 15:45:59.516000,428.6517855765753,100
2024-09-20 15:45:59.616000,428.6149338681527,104
2024-09-20 15:45:59.622000,423.9402709304776,8
2024-09-20 15:45:59.635000,428.6667660807892,998
2024-09-20 15:45:59.654000,428.6722038177468,8
2024-09-20 15:45:59.680000,428.6385115986397,6
2024-09-20 15:45:59.725000,428.63611540832153,13
2024-09-20 15:45:59.725000,428.64542604206287,99
2024-09-20 15:45:59.772000,428.64562900596735,1005
2024-09-20 15:45:59.877000,428.606240045462,13
2024-09-20 15:45:59.892000,428.6404682883023,5
2024-09-20 15:45:59.924000,428.62723846871336,14
2024-09-20 15:45:59.943000,428.6626033138592,96
