Timestamp,Price,Size
2024-09-16 11:44:00.014000,418.04803455263976,1002
2024-09-16 11:44:00.024000,418.0614568577655,1005
2024-09-16 11:44:00.055000,418.0656279274176,102
2024-09-16 11:44:00.065000,418.07098905168345,97
2024-09-16 11:44:00.181000,418.0468032996925,6
2024-09-16 11:44:00.420000,418.06821636173714,998
2024-09-16 11:44:00.764000,418.0805955411732,105
2024-09-16 11:44:00.995000,418.0675090388616,104
2024-09-16 11:44:01.028000,418.0563379245979,104
2024-09-16 11:44:01.029000,418.0588169205393,8
2024-09-16 11:44:01.123000,418.0399569730242,7
2024-09-16 11:44:01.134000,418.0750469719382,5
2024-09-16 11:44:01.184000,418.06816768700776,995
2024-09-16 11:44:01.191000,418.0496482100709,997
2024-09-16 11:44:01.257000,418.07819194493175,1002
2024-09-16 11:44:01.257000,418.06705801537817,995
2024-09-16 11:44:01.258000,418.0736428514179,995
2024-09-16 11:44:01.367000,418.069461827538,1001
2024-09-16 11:44:01.392000,418.0520272809479,998
2024-09-16 11:44:01.399000,418.0425367348661,10
2024-09-16 11:44:01.449000,418.0607060993752,995
2024-09-16 11:44:01.491000,418.0467761305318,98
2024-09-16 11:44:01.530000,418.0521769009072,7
2024-09-16 11:44:01.610000,418.0683424510448,8
2024-09-16 11:44:01.699000,418.05289238393374,105
2024-09-16 11:44:01.713000,418.0639324448068,13
2024-09-16 11:44:01.718000,418.06087392896256,104
2024-09-16 11:44:01.775000,418.066916001148,98
2024-09-16 11:44:01.791000,418.0679872659482,1001
2024-09-16 11:44:01.802000,418.06783633079687,13
2024-09-16 11:44:01.825000,418.0418861593027,100
2024-09-16 11:44:01.827000,418.0414181969873,999
2024-09-16 11:44:01.873000,418.0703348779888,1005
2024-09-16 11:44:01.939000,418.0335632363883,100
2024-09-16 11:44:01.982000,418.0819737187604,1000
2024-09-16 11:44:02.266000,418.02513335016255,95
2024-09-16 11:44:02.271000,418.0631906814559,104
2024-09-16 11:44:02.543000,418.0634157164629,15
2024-09-16 11:44:02.753000,418.0576250839256,99
2024-09-16 11:44:02.855000,418.0531054777918,998
2024-09-16 11:44:03.017000,418.1085804692985,6
2024-09-16 11:44:03.018000,418.0793104954519,14
2024-09-16 11:44:03.050000,418.0882019250837,999
2024-09-16 11:44:03.114000,418.10577928022906,6
2024-09-16 11:44:03.158000,418.1011892242258,97
2024-09-16 11:44:03.180000,418.088045582711,1003
2024-09-16 11:44:03.204000,418.0935143911482,95
2024-09-16 11:44:03.261000,418.1185090658231,101
2024-09-16 11:44:03.263000,418.1447708571429,103
2024-09-16 11:44:03.326000,418.0965566698624,15
2024-09-16 11:44:03.340000,418.1303472180661,13
2024-09-16 11:44:03.343000,418.096645105996,13
2024-09-16 11:44:03.359000,418.0910260087314,10
2024-09-16 11:44:03.378000,418.0814980687589,14
2024-09-16 11:44:03.387000,418.0934727442446,999
2024-09-16 11:44:03.427000,418.1194036748355,12
2024-09-16 11:44:03.433000,418.1013020462421,997
2024-09-16 11:44:03.545000,418.0753933608464,99
2024-09-16 11:44:03.569000,418.05667364747967,10
2024-09-16 11:44:03.569000,418.0748784606551,105
2024-09-16 11:44:03.600000,418.0718587522837,1000
2024-09-16 11:44:03.619000,418.0888929646201,95
2024-09-16 11:44:03.635000,418.1095256289221,6
2024-09-16 11:44:03.697000,418.112117218818,105
2024-09-16 11:44:03.704000,418.0715411484863,5
2024-09-16 11:44:03.799000,418.10275062637305,13
2024-09-16 11:44:03.852000,418.1055228424658,101
2024-09-16 11:44:03.939000,418.0951910798497,10
2024-09-16 11:44:03.968000,418.0816458210873,996
2024-09-16 11:44:03.992000,418.0888452466999,105
2024-09-16 11:44:04.011000,418.03783722965983,999
2024-09-16 11:44:04.029000,418.0698455188426,1001
2024-09-16 11:44:04.085000,418.0379852251006,6
2024-09-16 11:44:04.100000,418.0637262234842,998
2024-09-16 11:44:04.129000,418.0876012365397,998
2024-09-16 11:44:04.188000,418.0395710988065,1002
2024-09-16 11:44:04.211000,418.0850554952052,104
2024-09-16 11:44:04.302000,418.08389645234496,105
2024-09-16 11:44:04.310000,418.0715780852098,10
2024-09-16 11:44:04.359000,418.0452944106247,1005
2024-09-16 11:44:04.443000,418.07764515031744,10
2024-09-16 11:44:04.456000,418.0766201498959,96
2024-09-16 11:44:04.464000,418.0356997636452,100
2024-09-16 11:44:04.466000,418.08416567768586,7
2024-09-16 11:44:04.547000,418.05281062928896,99
2024-09-16 11:44:04.580000,418.0607695178261,104
2024-09-16 11:44:04.596000,418.078930153201,104
2024-09-16 11:44:04.603000,418.0744095688861,98
2024-09-16 11:44:04.697000,418.0809596307732,7
2024-09-16 11:44:04.728000,418.0591555728438,12
2024-09-16 11:44:04.774000,418.0726729912597,105
2024-09-16 11:44:04.789000,418.06673963314216,996
2024-09-16 11:44:04.888000,418.1011271378417,995
2024-09-16 11:44:04.944000,418.0923786625799,105
2024-09-16 11:44:05.060000,418.0029338290087,102
2024-09-16 11:44:05.089000,418.06365540501344,12
2024-09-16 11:44:05.097000,418.0372034984899,105
2024-09-16 11:44:05.102000,418.0785509510425,97
2024-09-16 11:44:05.173000,418.0467845601261,104
2024-09-16 11:44:05.205000,418.0352890206432,996
2024-09-16 11:44:05.256000,418.0191085096776,98
2024-09-16 11:44:05.290000,418.05993091885983,997
2024-09-16 11:44:05.319000,418.0318618094639,7
2024-09-16 11:44:05.401000,418.0632404212814,95
2024-09-16 11:44:05.447000,418.01858029707176,1001
2024-09-16 11:44:05.464000,418.0496513270801,7
2024-09-16 11:44:05.484000,418.0184376475383,1003
2024-09-16 11:44:05.501000,418.003100666938,103
2024-09-16 11:44:05.537000,418.01357836387695,1000
2024-09-16 11:44:05.593000,418.0527817551407,995
2024-09-16 11:44:05.610000,418.0023328261097,1005
2024-09-16 11:44:05.720000,418.0385591949986,11
2024-09-16 11:44:05.724000,418.0369549407144,6
2024-09-16 11:44:05.729000,418.08203586999497,105
2024-09-16 11:44:05.739000,418.0671126846224,1004
2024-09-16 11:44:05.740000,418.0058945666686,10
2024-09-16 11:44:05.793000,418.061176047416,1003
2024-09-16 11:44:05.817000,418.0177673861825,10
2024-09-16 11:44:05.819000,418.011252748362,9
2024-09-16 11:44:05.904000,418.0004626965438,99
2024-09-16 11:44:05.911000,418.0321017138634,14
2024-09-16 11:44:05.946000,418.0252186920758,14
2024-09-16 11:44:05.947000,418.0260922344175,103
2024-09-16 11:44:05.998000,418.066516798226,996
2024-09-16 11:44:06.009000,418.0140752581266,995
2024-09-16 11:44:06.110000,418.01562506234296,11
2024-09-16 11:44:06.115000,418.0570020755081,1002
2024-09-16 11:44:06.120000,418.05995276243823,998
2024-09-16 11:44:06.129000,418.04141580378416,100
2024-09-16 11:44:06.156000,418.0084245307259,8
2024-09-16 11:44:06.201000,418.0601168115333,1000
2024-09-16 11:44:06.296000,418.0021005294845,97
2024-09-16 11:44:06.344000,418.0836716002778,1004
2024-09-16 11:44:06.353000,418.0414365219766,95
2024-09-16 11:44:06.465000,418.0130036917177,12
2024-09-16 11:44:06.515000,418.05816257684256,5
2024-09-16 11:44:06.560000,418.0621288615232,6
2024-09-16 11:44:06.586000,418.05238477482095,8
2024-09-16 11:44:06.610000,417.99863860359375,999
2024-09-16 11:44:06.711000,418.060298102725,105
2024-09-16 11:44:06.826000,418.057646928155,101
2024-09-16 11:44:06.835000,417.9761406635069,96
2024-09-16 11:44:06.938000,418.0278842983756,15
2024-09-16 11:44:06.980000,418.00529723374143,102
2024-09-16 11:44:07.563000,418.0835157198754,102
2024-09-16 11:44:08.125000,418.12543568434745,1000
2024-09-16 11:44:08.125000,418.1002345996959,1004
2024-09-16 11:44:08.316000,418.0857632826624,101
2024-09-16 11:44:08.428000,418.1167696319865,9
2024-09-16 11:44:08.431000,418.12509554039246,98
2024-09-16 11:44:08.566000,418.10366310592286,102
2024-09-16 11:44:08.667000,418.1056513419397,1005
2024-09-16 11:44:08.708000,418.10909300303945,6
2024-09-16 11:44:08.715000,418.0733409063532,100
2024-09-16 11:44:08.813000,418.0660131179093,5
2024-09-16 11:44:08.999000,418.1218111042805,13
2024-09-16 11:44:09.429000,418.09722249848426,5
2024-09-16 11:44:09.722000,418.08168076992393,103
2024-09-16 11:44:09.807000,418.0895453122852,100
2024-09-16 11:44:09.963000,418.0858398427112,999
2024-09-16 11:44:10.022000,418.1938156017978,997
2024-09-16 11:44:10.024000,418.1959681407759,5
2024-09-16 11:44:10.033000,418.13305711468297,100
2024-09-16 11:44:10.052000,418.1328755765255,99
2024-09-16 11:44:10.110000,418.0944644101783,6
2024-09-16 11:44:10.223000,418.08345620604064,11
2024-09-16 11:44:10.225000,418.1270785752992,998
2024-09-16 11:44:10.337000,418.18781997835794,11
2024-09-16 11:44:10.364000,418.07511616407015,10
2024-09-16 11:44:10.401000,418.07023143379536,1005
2024-09-16 11:44:10.440000,418.11947934902224,15
2024-09-16 11:44:10.510000,418.1182789505578,96
2024-09-16 11:44:10.585000,418.19267748102607,1001
2024-09-16 11:44:10.604000,418.156251334127,105
2024-09-16 11:44:10.629000,418.16219464871193,995
2024-09-16 11:44:10.675000,418.135920132021,998
2024-09-16 11:44:10.702000,418.20423794893617,999
2024-09-16 11:44:10.720000,418.0914310918956,1000
2024-09-16 11:44:10.728000,418.068999382149,10
2024-09-16 11:44:10.783000,418.1151496892941,9
2024-09-16 11:44:10.815000,418.1715074822256,99
2024-09-16 11:44:10.878000,418.1840653127882,1005
2024-09-16 11:44:10.904000,418.1898767598193,105
2024-09-16 11:44:10.913000,418.1231055068846,105
2024-09-16 11:44:10.948000,418.1769723089361,997
2024-09-16 11:44:10.958000,418.1459683063473,105
2024-09-16 11:44:11.126000,418.1651511073083,96
2024-09-16 11:44:11.149000,418.1559782583246,995
2024-09-16 11:44:11.164000,418.1901949587185,10
2024-09-16 11:44:11.391000,418.2218060926037,11
2024-09-16 11:44:11.391000,418.2066134536709,98
2024-09-16 11:44:11.392000,418.2163953169024,7
2024-09-16 11:44:11.409000,418.1999860084216,998
2024-09-16 11:44:11.507000,418.20548253905366,12
2024-09-16 11:44:11.511000,418.2319773745385,101
2024-09-16 11:44:11.558000,418.1828004158364,13
2024-09-16 11:44:11.567000,418.2032776421073,6
2024-09-16 11:44:11.602000,418.2222585052114,103
2024-09-16 11:44:11.627000,418.2368614906335,12
2024-09-16 11:44:11.711000,418.1951962188473,7
2024-09-16 11:44:11.714000,418.2148830530601,101
2024-09-16 11:44:11.739000,418.23155480256855,98
2024-09-16 11:44:11.761000,418.2113290318049,998
2024-09-16 11:44:11.797000,418.1990502091661,999
2024-09-16 11:44:11.805000,418.25040784369344,1002
2024-09-16 11:44:11.811000,418.2044045193117,104
2024-09-16 11:44:11.816000,418.17746496719707,96
2024-09-16 11:44:11.837000,418.20036641681344,97
2024-09-16 11:44:11.886000,418.1749573119785,102
2024-09-16 11:44:11.930000,418.2235681853517,996
2024-09-16 11:44:11.987000,418.17415655668896,97
2024-09-16 11:44:12.004000,418.1381690357534,996
2024-09-16 11:44:12.037000,418.2110919903944,96
2024-09-16 11:44:12.120000,418.1456942476305,95
2024-09-16 11:44:12.197000,418.2022693740542,8
2024-09-16 11:44:12.241000,418.2096197108184,995
2024-09-16 11:44:12.267000,418.2173675178816,100
2024-09-16 11:44:12.347000,418.13851525998257,6
2024-09-16 11:44:12.348000,418.1913189549511,6
2024-09-16 11:44:12.400000,418.16630235524354,7
2024-09-16 11:44:12.448000,418.21466936460206,7
2024-09-16 11:44:12.496000,418.2129807455637,997
2024-09-16 11:44:12.512000,418.2140414470372,997
2024-09-16 11:44:12.529000,418.2295699087191,1005
2024-09-16 11:44:12.581000,418.1632625805253,14
2024-09-16 11:44:12.583000,418.1387521631612,999
2024-09-16 11:44:12.686000,418.1428549552245,1002
2024-09-16 11:44:12.738000,418.188630931296,7
2024-09-16 11:44:12.739000,418.13048034772936,102
2024-09-16 11:44:12.775000,418.21361346509775,104
2024-09-16 11:44:12.788000,418.135092514916,1005
2024-09-16 11:44:12.797000,418.12360666042974,104
2024-09-16 11:44:12.917000,418.1427065642459,997
2024-09-16 11:44:12.926000,418.1430040911518,997
2024-09-16 11:44:13.117000,418.1421126330167,6
2024-09-16 11:44:13.424000,418.1446407608832,100
2024-09-16 11:44:13.424000,418.1371797299471,105
2024-09-16 11:44:13.480000,418.1373411733634,995
2024-09-16 11:44:13.668000,418.1449342726715,100
2024-09-16 11:44:13.812000,418.1363370845605,1002
2024-09-16 11:44:13.972000,418.1377653582403,101
2024-09-16 11:44:14.082000,418.2733252891293,100
2024-09-16 11:44:14.302000,418.13202896091497,1005
2024-09-16 11:44:14.303000,418.1842083593874,100
2024-09-16 11:44:14.318000,418.1941931084521,7
2024-09-16 11:44:14.369000,418.2136310872303,105
2024-09-16 11:44:14.375000,418.13870277357046,13
2024-09-16 11:44:14.431000,418.2076131854034,13
2024-09-16 11:44:14.456000,418.12812517869,11
2024-09-16 11:44:14.486000,418.2158899499319,1002
2024-09-16 11:44:14.500000,418.2437105450507,97
2024-09-16 11:44:14.555000,418.2366512410075,995
2024-09-16 11:44:14.558000,418.2278645505584,105
2024-09-16 11:44:14.581000,418.2662484251299,1004
2024-09-16 11:44:14.623000,418.2450853272339,100
2024-09-16 11:44:14.777000,418.12881706135,104
2024-09-16 11:44:14.821000,418.1406481564359,10
2024-09-16 11:44:14.872000,418.1423007369132,102
2024-09-16 11:44:14.911000,418.2150879200234,14
2024-09-16 11:44:14.914000,418.1318653227275,1004
2024-09-16 11:44:14.934000,418.22432480311056,999
2024-09-16 11:44:14.959000,418.1581604350753,15
2024-09-16 11:44:14.986000,418.2270367112684,9
2024-09-16 11:44:16.003000,418.3209275723624,8
2024-09-16 11:44:16.075000,418.3399695647852,99
2024-09-16 11:44:16.111000,418.3254372525252,1003
2024-09-16 11:44:16.126000,418.3502510209108,6
2024-09-16 11:44:16.158000,418.2771262762146,11
2024-09-16 11:44:16.178000,418.2794297544946,1002
2024-09-16 11:44:16.180000,418.321483679525,1000
2024-09-16 11:44:16.194000,418.3359273705393,95
2024-09-16 11:44:16.220000,418.3442800338466,12
2024-09-16 11:44:16.258000,418.26656840636537,1001
2024-09-16 11:44:16.367000,418.2843368531876,105
2024-09-16 11:44:16.479000,418.2901851692058,5
2024-09-16 11:44:16.522000,418.26529020603306,104
2024-09-16 11:44:16.556000,418.2717961294746,98
2024-09-16 11:44:16.594000,418.2888477047376,15
2024-09-16 11:44:16.634000,418.2848436758551,5
2024-09-16 11:44:16.643000,418.3170060757765,103
2024-09-16 11:44:16.725000,418.2828287965871,104
2024-09-16 11:44:16.927000,418.2928379837145,12
2024-09-16 11:44:17.228000,418.3660392705604,1000
2024-09-16 11:44:17.439000,418.3368974254252,102
2024-09-16 11:44:17.465000,418.3369845104354,995
2024-09-16 11:44:17.489000,418.3921074032471,1005
2024-09-16 11:44:17.492000,418.36571376677705,6
2024-09-16 11:44:17.907000,418.4042204758517,12
2024-09-16 11:44:17.912000,418.3532927429784,8
2024-09-16 11:44:17.918000,418.3515258021048,996
2024-09-16 11:44:17.934000,418.3411348646199,10
2024-09-16 11:44:17.969000,418.3376736105093,1001
2024-09-16 11:44:17.988000,418.37720712917337,999
2024-09-16 11:44:18.004000,418.4154286737923,1005
2024-09-16 11:44:18.270000,418.4043957563978,7
2024-09-16 11:44:18.361000,418.43396440782703,1003
2024-09-16 11:44:18.407000,418.3640289957976,14
2024-09-16 11:44:18.419000,418.4013269091792,97
2024-09-16 11:44:18.425000,418.4210831777831,95
2024-09-16 11:44:18.432000,418.4414359022768,997
2024-09-16 11:44:18.457000,418.40220169476737,102
2024-09-16 11:44:18.467000,418.3639281427657,13
2024-09-16 11:44:18.554000,418.3482157225675,998
2024-09-16 11:44:18.602000,418.39845211776566,7
2024-09-16 11:44:18.615000,418.3816726791954,13
2024-09-16 11:44:18.616000,418.4118267297992,102
2024-09-16 11:44:18.627000,418.3828154940744,96
2024-09-16 11:44:18.665000,418.3960563703712,96
2024-09-16 11:44:18.725000,418.36360543270087,15
2024-09-16 11:44:18.761000,418.41598134498383,100
2024-09-16 11:44:18.848000,418.3953049006695,5
2024-09-16 11:44:18.850000,418.36815677452176,1002
2024-09-16 11:44:18.866000,418.3970297847373,997
2024-09-16 11:44:18.958000,418.4155238981897,1003
2024-09-16 11:44:18.980000,418.3981900327476,995
2024-09-16 11:44:19.032000,418.3777544790634,1003
2024-09-16 11:44:19.116000,418.3969271175448,102
2024-09-16 11:44:19.235000,418.4157988387772,995
2024-09-16 11:44:19.266000,418.3984918668285,13
2024-09-16 11:44:19.356000,418.4015677211641,97
2024-09-16 11:44:19.403000,418.3842247694172,102
2024-09-16 11:44:19.409000,418.4013659788369,997
2024-09-16 11:44:19.609000,418.4052584918949,97
2024-09-16 11:44:19.703000,418.3993035702689,1002
2024-09-16 11:44:20.001000,418.3742350331445,995
2024-09-16 11:44:20.517000,418.3666271870368,97
2024-09-16 11:44:20.622000,418.3740841478081,13
2024-09-16 11:44:20.623000,418.385749275533,13
2024-09-16 11:44:20.840000,418.3860992284374,96
2024-09-16 11:44:20.883000,418.35716936979367,1001
2024-09-16 11:44:21.018000,418.37781342714845,5
2024-09-16 11:44:21.081000,418.3898106577524,10
2024-09-16 11:44:21.088000,418.36380939428506,99
2024-09-16 11:44:21.152000,418.40913766181967,1005
2024-09-16 11:44:21.362000,418.3984603292867,997
2024-09-16 11:44:21.391000,418.4094885384832,999
2024-09-16 11:44:21.498000,418.4139977143786,96
2024-09-16 11:44:21.627000,418.3741623757902,14
2024-09-16 11:44:21.653000,418.40225441563496,1004
2024-09-16 11:44:21.716000,418.3897248494569,100
2024-09-16 11:44:21.720000,418.3759666188562,101
2024-09-16 11:44:21.783000,418.40274406443,1001
2024-09-16 11:44:21.863000,418.3888335964485,96
2024-09-16 11:44:21.925000,418.3624572969436,996
2024-09-16 11:44:22.114000,418.3137549965771,1005
2024-09-16 11:44:22.209000,418.2883641125173,7
2024-09-16 11:44:22.209000,418.29752434209377,7
2024-09-16 11:44:22.224000,418.31568924114913,1001
2024-09-16 11:44:22.276000,418.31332739460765,97
2024-09-16 11:44:22.397000,418.2964333776583,98
2024-09-16 11:44:22.398000,418.3786400068296,1003
2024-09-16 11:44:22.601000,418.29959537103593,995
2024-09-16 11:44:22.681000,418.306742921179,95
2024-09-16 11:44:22.782000,418.3236304975248,1004
2024-09-16 11:44:22.784000,418.3438384387636,96
2024-09-16 11:44:22.785000,418.3111788540927,103
2024-09-16 11:44:22.805000,418.3205579289035,99
2024-09-16 11:44:22.815000,418.2945137964264,1003
2024-09-16 11:44:22.824000,418.3030066787976,101
2024-09-16 11:44:22.832000,418.3600031165388,101
2024-09-16 11:44:22.838000,418.305091561698,1000
2024-09-16 11:44:22.846000,418.3601675443136,996
2024-09-16 11:44:22.852000,418.3898533617561,8
2024-09-16 11:44:22.896000,418.3042329978856,1004
2024-09-16 11:44:22.983000,418.3053768379615,6
2024-09-16 11:44:23.020000,418.3789876399381,95
2024-09-16 11:44:23.041000,418.3625815480076,10
2024-09-16 11:44:23.126000,418.2973939482013,11
2024-09-16 11:44:23.159000,418.3366524915781,9
2024-09-16 11:44:23.159000,418.320692754231,104
2024-09-16 11:44:23.171000,418.3840411132573,9
2024-09-16 11:44:23.198000,418.3309254627852,1004
2024-09-16 11:44:23.319000,418.3384809158952,10
2024-09-16 11:44:23.382000,418.3334464728745,7
2024-09-16 11:44:23.427000,418.3189970574438,5
2024-09-16 11:44:23.434000,418.3904035719044,999
2024-09-16 11:44:23.442000,418.3619466663665,5
2024-09-16 11:44:23.470000,418.30487844863575,10
2024-09-16 11:44:23.571000,418.3342037030119,997
2024-09-16 11:44:23.584000,418.3500822200343,1003
2024-09-16 11:44:23.661000,418.3192713831365,8
2024-09-16 11:44:23.787000,418.3427087142115,997
2024-09-16 11:44:23.821000,418.3619698739973,104
2024-09-16 11:44:23.889000,418.3522052913138,104
2024-09-16 11:44:23.966000,418.3701957507822,1004
2024-09-16 11:44:23.966000,418.3966972879503,97
2024-09-16 11:44:24.001000,418.31941968254006,13
2024-09-16 11:44:24.025000,418.3286469466769,14
2024-09-16 11:44:24.171000,418.3506476725853,95
2024-09-16 11:44:24.270000,418.3405162399951,9
2024-09-16 11:44:24.314000,418.3367253593779,100
2024-09-16 11:44:24.327000,418.3189973931931,104
2024-09-16 11:44:24.611000,418.29899148026215,103
2024-09-16 11:44:24.688000,418.3225395655866,9
2024-09-16 11:44:24.712000,418.3062794286556,13
2024-09-16 11:44:24.877000,418.34368053640594,999
2024-09-16 11:44:25.002000,418.3129117731427,100
2024-09-16 11:44:25.051000,418.3398879007381,996
2024-09-16 11:44:25.061000,418.3733698985929,7
2024-09-16 11:44:25.109000,418.335098389048,11
2024-09-16 11:44:25.120000,418.3268881284733,6
2024-09-16 11:44:25.126000,418.3305687966662,15
2024-09-16 11:44:25.195000,418.3158642931535,103
2024-09-16 11:44:25.209000,418.27848703973774,7
2024-09-16 11:44:25.266000,418.321443115824,104
2024-09-16 11:44:25.369000,418.3610336392485,13
2024-09-16 11:44:25.391000,418.3356577170348,15
2024-09-16 11:44:25.428000,418.34923199037377,1000
2024-09-16 11:44:25.555000,418.3010848232934,11
2024-09-16 11:44:25.582000,418.3242468201621,10
2024-09-16 11:44:25.615000,418.3568247114084,9
2024-09-16 11:44:25.631000,418.3799324502765,995
2024-09-16 11:44:25.645000,418.3061889507178,1000
2024-09-16 11:44:25.692000,418.3581896988945,15
2024-09-16 11:44:25.704000,418.3165594561039,14
2024-09-16 11:44:25.715000,418.33145603228274,997
2024-09-16 11:44:25.752000,418.3041384759565,1000
2024-09-16 11:44:25.763000,418.33148299463465,102
2024-09-16 11:44:25.767000,418.32983153002334,95
2024-09-16 11:44:25.781000,418.366292695797,1003
2024-09-16 11:44:25.790000,418.3447411764596,101
2024-09-16 11:44:25.791000,418.2907628112851,10
2024-09-16 11:44:25.818000,418.3672270078384,998
2024-09-16 11:44:25.916000,418.3353775405618,996
2024-09-16 11:44:26.109000,418.33356926961807,997
2024-09-16 11:44:26.110000,418.3161108526371,1001
2024-09-16 11:44:26.132000,418.35934703915,1001
2024-09-16 11:44:26.133000,418.3477499881676,101
2024-09-16 11:44:26.180000,418.29270172849385,98
2024-09-16 11:44:26.182000,418.3521916493583,97
2024-09-16 11:44:26.228000,418.3587982755334,103
2024-09-16 11:44:26.269000,418.2283497113359,101
2024-09-16 11:44:26.270000,418.3260305702386,1004
2024-09-16 11:44:26.312000,418.2710085154665,1003
2024-09-16 11:44:26.316000,418.29800233640987,101
2024-09-16 11:44:26.335000,418.24015880573177,9
2024-09-16 11:44:26.349000,418.24372026480177,11
2024-09-16 11:44:26.436000,418.3018437872529,96
2024-09-16 11:44:26.578000,418.2646081542427,1004
2024-09-16 11:44:26.621000,418.3647611606039,8
2024-09-16 11:44:26.737000,418.3124061293719,97
2024-09-16 11:44:26.854000,418.34387149578936,6
2024-09-16 11:44:26.887000,418.3420783708656,102
2024-09-16 11:44:26.928000,418.3751828725855,998
2024-09-16 11:44:26.940000,418.3420875079079,996
2024-09-16 11:44:27.026000,418.26465505551033,1005
2024-09-16 11:44:27.145000,418.2320124093516,1003
2024-09-16 11:44:27.163000,418.2649321809951,101
2024-09-16 11:44:27.226000,418.2308145781989,1004
2024-09-16 11:44:27.268000,418.2756964264981,9
2024-09-16 11:44:27.272000,418.2943942200972,103
2024-09-16 11:44:27.275000,418.25427656953366,97
2024-09-16 11:44:27.289000,418.25657208279705,101
2024-09-16 11:44:27.333000,418.2809305103201,97
2024-09-16 11:44:27.360000,418.241833139427,95
2024-09-16 11:44:27.363000,418.26587663501095,13
2024-09-16 11:44:27.405000,418.26198923004966,102
2024-09-16 11:44:27.449000,418.25262411146775,6
2024-09-16 11:44:27.517000,418.2609608764637,1000
2024-09-16 11:44:27.532000,418.23923375178623,1002
2024-09-16 11:44:27.552000,418.2140657795409,995
2024-09-16 11:44:27.560000,418.2511484767277,7
2024-09-16 11:44:27.563000,418.2599270273792,15
2024-09-16 11:44:27.574000,418.22678688716536,98
2024-09-16 11:44:27.579000,418.2556861062022,8
2024-09-16 11:44:27.594000,418.288905207432,1004
2024-09-16 11:44:27.674000,418.22921122964016,100
2024-09-16 11:44:27.753000,418.2429009883049,97
2024-09-16 11:44:27.891000,418.2365052664081,1002
2024-09-16 11:44:27.913000,418.2520852981448,10
2024-09-16 11:44:28.031000,418.2595896316356,105
2024-09-16 11:44:28.042000,418.2596906972696,101
2024-09-16 11:44:28.143000,418.2335564663607,999
2024-09-16 11:44:28.219000,418.2442999864992,12
2024-09-16 11:44:28.287000,418.2427405444386,6
2024-09-16 11:44:28.303000,418.27512749612737,1000
2024-09-16 11:44:28.311000,418.23952824803496,96
2024-09-16 11:44:28.320000,418.228036115395,996
2024-09-16 11:44:28.345000,418.2528745650504,100
2024-09-16 11:44:28.399000,418.2304911753994,14
2024-09-16 11:44:28.403000,418.23331917634334,9
2024-09-16 11:44:28.476000,418.2226286630263,102
2024-09-16 11:44:28.812000,418.2513871404212,100
2024-09-16 11:44:28.972000,418.22758337376,101
2024-09-16 11:44:28.983000,418.24535803186944,1002
2024-09-16 11:44:29.198000,418.2651329415611,104
2024-09-16 11:44:29.965000,418.2879626629663,95
2024-09-16 11:44:30.122000,418.239062994964,7
2024-09-16 11:44:30.146000,418.2282416183734,1005
2024-09-16 11:44:30.210000,418.2357643113638,1001
2024-09-16 11:44:30.336000,418.2439804196763,103
2024-09-16 11:44:30.353000,418.228797877679,105
2024-09-16 11:44:30.391000,418.2783375745168,996
2024-09-16 11:44:30.493000,418.2325337577245,12
2024-09-16 11:44:30.510000,418.2648608075781,998
2024-09-16 11:44:30.520000,418.1946295984573,98
2024-09-16 11:44:30.545000,418.21322986116667,995
2024-09-16 11:44:30.649000,418.2585660545287,100
2024-09-16 11:44:30.673000,418.2150556571983,99
2024-09-16 11:44:30.688000,418.23368204190433,9
2024-09-16 11:44:30.752000,418.2486162815994,995
2024-09-16 11:44:30.786000,418.2852191687268,104
2024-09-16 11:44:30.912000,418.2266390090261,998
2024-09-16 11:44:30.961000,418.222014678294,1004
2024-09-16 11:44:30.999000,418.22954468131246,999
2024-09-16 11:44:31.166000,418.255485435729,995
2024-09-16 11:44:31.272000,418.29585514193786,996
2024-09-16 11:44:31.391000,418.2357542805621,8
2024-09-16 11:44:31.401000,418.2602791895017,996
2024-09-16 11:44:31.493000,418.22971031781833,6
2024-09-16 11:44:31.598000,418.2086504886531,7
2024-09-16 11:44:31.662000,418.2268823348455,999
2024-09-16 11:44:31.685000,418.2374465161674,104
2024-09-16 11:44:31.703000,418.2332556577173,96
2024-09-16 11:44:31.707000,418.2718358185982,11
2024-09-16 11:44:31.732000,418.2588964610833,12
2024-09-16 11:44:31.840000,418.2250734016524,997
2024-09-16 11:44:31.963000,418.2309483841862,15
2024-09-16 11:44:32.325000,418.2844068223542,9
2024-09-16 11:44:32.677000,418.2814523244921,1005
2024-09-16 11:44:34.014000,418.3270422310024,13
2024-09-16 11:44:34.014000,418.4698348084691,999
2024-09-16 11:44:34.016000,418.3344331712866,103
2024-09-16 11:44:34.026000,418.33537640892655,998
2024-09-16 11:44:34.034000,418.3849733787935,15
2024-09-16 11:44:34.080000,418.3351146194878,99
2024-09-16 11:44:34.141000,418.4501741880562,1002
2024-09-16 11:44:34.178000,418.32840551276513,999
2024-09-16 11:44:34.218000,418.4384736684671,103
2024-09-16 11:44:34.226000,418.4586566535128,11
2024-09-16 11:44:34.253000,418.2941186074791,1004
2024-09-16 11:44:34.279000,418.4309277555224,101
2024-09-16 11:44:34.363000,418.4412220326445,1003
2024-09-16 11:44:34.366000,418.3479844376367,97
2024-09-16 11:44:34.391000,418.2945413005309,1004
2024-09-16 11:44:34.395000,418.3323720036207,7
2024-09-16 11:44:34.445000,418.4450919249279,100
2024-09-16 11:44:34.470000,418.3002807368439,10
2024-09-16 11:44:34.492000,418.3254508389703,95
2024-09-16 11:44:34.571000,418.2932843279704,101
2024-09-16 11:44:34.615000,418.30254860658914,96
2024-09-16 11:44:34.643000,418.3256109211122,1004
2024-09-16 11:44:34.695000,418.2839118501267,6
2024-09-16 11:44:34.785000,418.4442134483248,105
2024-09-16 11:44:34.908000,418.4425573946594,1002
2024-09-16 11:44:34.924000,418.4017468169445,96
2024-09-16 11:44:34.939000,418.33154212487847,102
2024-09-16 11:44:34.942000,418.3671353695007,101
2024-09-16 11:44:35.229000,418.5230982997144,13
2024-09-16 11:44:35.264000,418.4898736588268,1003
2024-09-16 11:44:35.290000,418.5556946448769,997
2024-09-16 11:44:35.335000,418.5369826639391,1002
2024-09-16 11:44:35.399000,418.5295081373525,12
2024-09-16 11:44:35.409000,418.5731610917899,14
2024-09-16 11:44:35.536000,418.4891667863717,96
2024-09-16 11:44:35.540000,418.5002570672055,995
2024-09-16 11:44:35.562000,418.56565469224034,7
2024-09-16 11:44:35.586000,418.5449739908056,101
2024-09-16 11:44:35.586000,418.5380209287894,5
2024-09-16 11:44:35.645000,418.5321131848186,7
2024-09-16 11:44:35.649000,418.53299044637146,12
2024-09-16 11:44:35.663000,418.5790949861502,8
2024-09-16 11:44:35.694000,418.5817527794716,999
2024-09-16 11:44:35.756000,418.5350200559688,1001
2024-09-16 11:44:35.780000,418.52746393108464,99
2024-09-16 11:44:35.794000,418.5386127930993,7
2024-09-16 11:44:35.831000,418.482548945078,104
2024-09-16 11:44:35.842000,418.527111038727,10
2024-09-16 11:44:35.891000,418.577593465821,1003
2024-09-16 11:44:35.956000,418.56620118895097,6
2024-09-16 11:44:35.978000,418.5310841386662,999
2024-09-16 11:44:35.988000,418.55704880882274,95
2024-09-16 11:44:36.092000,418.5259377878388,98
2024-09-16 11:44:36.137000,418.5678674832622,1002
2024-09-16 11:44:36.227000,418.4916490289405,1002
2024-09-16 11:44:36.336000,418.4762182063717,996
2024-09-16 11:44:36.347000,418.5330180415679,8
2024-09-16 11:44:36.400000,418.5195531026118,6
2024-09-16 11:44:36.408000,418.5221252811914,12
2024-09-16 11:44:36.431000,418.5375385113474,96
2024-09-16 11:44:36.520000,418.4830585417847,6
2024-09-16 11:44:36.530000,418.53164486292286,98
2024-09-16 11:44:36.533000,418.53515196937366,1005
2024-09-16 11:44:36.546000,418.5371479294522,13
2024-09-16 11:44:36.558000,418.5125220410986,98
2024-09-16 11:44:36.683000,418.5268524818415,7
2024-09-16 11:44:36.721000,418.4759339662155,15
2024-09-16 11:44:36.790000,418.53154894472885,1004
2024-09-16 11:44:36.793000,418.4919663354238,1002
2024-09-16 11:44:36.899000,418.5415945893445,105
2024-09-16 11:44:36.934000,418.48450447909016,1005
2024-09-16 11:44:37.043000,418.47572915323167,103
2024-09-16 11:44:37.061000,418.4893713157934,99
2024-09-16 11:44:37.064000,418.477562383542,1004
2024-09-16 11:44:37.079000,418.47340990456297,100
2024-09-16 11:44:37.194000,418.47024720553645,96
2024-09-16 11:44:37.272000,418.4827194603234,8
2024-09-16 11:44:37.300000,418.4777049382667,14
2024-09-16 11:44:37.447000,418.4679289299714,97
2024-09-16 11:44:37.452000,418.5072893518513,100
2024-09-16 11:44:37.468000,418.4835008040929,995
2024-09-16 11:44:37.488000,418.4817810500925,7
2024-09-16 11:44:37.986000,418.46668889742506,9
2024-09-16 11:44:37.987000,418.4625371616077,104
2024-09-16 11:44:39.047000,418.471946531659,996
2024-09-16 11:44:39.255000,418.4718393243571,104
2024-09-16 11:44:39.282000,418.4630704659761,1005
2024-09-16 11:44:39.405000,418.47690124089553,10
2024-09-16 11:44:39.415000,418.4626872799643,1003
2024-09-16 11:44:39.474000,418.45763057781215,9
2024-09-16 11:44:39.489000,418.4717686025477,1002
2024-09-16 11:44:39.490000,418.4627973068856,1004
2024-09-16 11:44:39.530000,418.47900896456207,100
2024-09-16 11:44:39.583000,418.4781982793235,14
2024-09-16 11:44:39.655000,418.48467994684,7
2024-09-16 11:44:39.667000,418.4649316250736,13
2024-09-16 11:44:39.696000,418.46875187795087,7
2024-09-16 11:44:39.907000,418.4690242214412,102
2024-09-16 11:44:39.941000,418.4734738495137,995
2024-09-16 11:44:39.964000,418.4688311509297,1004
2024-09-16 11:44:40.852000,418.4830536881614,1005
2024-09-16 11:44:41.003000,418.4216521679364,996
2024-09-16 11:44:41.006000,418.4317585694864,104
2024-09-16 11:44:41.017000,418.4804727663299,8
2024-09-16 11:44:41.086000,418.4796167528993,998
2024-09-16 11:44:41.087000,418.4835111631618,999
2024-09-16 11:44:41.131000,418.4812428564751,1002
2024-09-16 11:44:41.204000,418.4143295056427,105
2024-09-16 11:44:41.216000,418.4763100971773,1005
2024-09-16 11:44:41.281000,418.4711853194991,1003
2024-09-16 11:44:41.456000,418.41312945197166,9
2024-09-16 11:44:41.477000,418.4455718951325,998
2024-09-16 11:44:41.501000,418.4414260303013,105
2024-09-16 11:44:41.529000,418.4335381558028,996
2024-09-16 11:44:41.555000,418.4787552393363,5
2024-09-16 11:44:41.606000,418.450574371045,12
2024-09-16 11:44:41.610000,418.4670762664676,105
2024-09-16 11:44:41.641000,418.4536723313252,1005
2024-09-16 11:44:41.668000,418.4646227188261,13
2024-09-16 11:44:41.684000,418.4793339973127,1001
2024-09-16 11:44:41.764000,418.47248012788447,13
2024-09-16 11:44:41.810000,418.41818250020793,14
2024-09-16 11:44:41.816000,418.4127570703619,997
2024-09-16 11:44:41.818000,418.4752391835211,12
2024-09-16 11:44:41.874000,418.4640762820329,103
2024-09-16 11:44:41.898000,418.4575347990833,99
2024-09-16 11:44:41.918000,418.4343947546505,1001
2024-09-16 11:44:41.963000,418.4719481916547,103
2024-09-16 11:44:41.983000,418.4358624991149,996
2024-09-16 11:44:42.050000,418.4780135296492,101
2024-09-16 11:44:42.066000,418.4687119406712,104
2024-09-16 11:44:42.082000,418.5018303760473,996
2024-09-16 11:44:42.094000,418.4529471279224,9
2024-09-16 11:44:42.101000,418.4653715667076,995
2024-09-16 11:44:42.186000,418.51065388350713,12
2024-09-16 11:44:42.344000,418.49436093070415,999
2024-09-16 11:44:42.396000,418.4740726981052,1003
2024-09-16 11:44:42.400000,418.50336346835934,101
2024-09-16 11:44:42.404000,418.4680964492136,997
2024-09-16 11:44:42.457000,418.5048967587918,14
2024-09-16 11:44:42.548000,418.5170311882614,1005
2024-09-16 11:44:42.635000,418.480881653934,96
2024-09-16 11:44:42.686000,418.4864431195791,1002
2024-09-16 11:44:42.705000,418.5029353676879,996
2024-09-16 11:44:42.741000,418.4616294386553,6
2024-09-16 11:44:42.752000,418.4608882743888,98
2024-09-16 11:44:42.914000,418.4805624486813,105
2024-09-16 11:44:42.977000,418.4651110971895,1002
2024-09-16 11:44:43.260000,418.5107824430826,7
2024-09-16 11:44:43.522000,418.5082614344574,15
2024-09-16 11:44:43.664000,418.50923648985184,96
2024-09-16 11:44:43.943000,418.5174075793019,95
2024-09-16 11:44:43.974000,418.5169716415136,1005
2024-09-16 11:44:44.120000,418.46829667511946,1001
2024-09-16 11:44:44.137000,418.51663687835344,10
2024-09-16 11:44:44.205000,418.4745894332577,98
2024-09-16 11:44:44.216000,418.50964370480335,11
2024-09-16 11:44:44.397000,418.5139131864738,103
2024-09-16 11:44:44.521000,418.5184432563825,98
2024-09-16 11:44:44.667000,418.4771510727115,104
2024-09-16 11:44:45.027000,418.4984740720839,6
2024-09-16 11:44:45.049000,418.3677902817378,1000
2024-09-16 11:44:45.088000,418.49999315399504,12
2024-09-16 11:44:45.096000,418.444258614069,95
2024-09-16 11:44:45.116000,418.3426101557743,14
2024-09-16 11:44:45.164000,418.36127578981234,997
2024-09-16 11:44:45.169000,418.3401412416312,1002
2024-09-16 11:44:45.188000,418.3559607522839,10
2024-09-16 11:44:45.289000,418.4554012973525,95
2024-09-16 11:44:45.296000,418.42044389468674,104
2024-09-16 11:44:45.325000,418.35869724944126,105
2024-09-16 11:44:45.409000,418.36878542438615,1004
2024-09-16 11:44:45.433000,418.51449356886695,998
2024-09-16 11:44:45.434000,418.4725359882992,104
2024-09-16 11:44:45.442000,418.4583765521362,98
2024-09-16 11:44:45.507000,418.523781670594,997
2024-09-16 11:44:45.544000,418.4917841270151,104
2024-09-16 11:44:45.634000,418.3429523226369,1004
2024-09-16 11:44:45.652000,418.3307258147863,105
2024-09-16 11:44:45.737000,418.3568534450905,13
2024-09-16 11:44:45.740000,418.3427237957536,1004
2024-09-16 11:44:45.742000,418.3783521835286,100
2024-09-16 11:44:45.863000,418.51010387874726,96
2024-09-16 11:44:45.900000,418.40278694226566,1000
2024-09-16 11:44:45.924000,418.47005744357097,9
2024-09-16 11:44:45.925000,418.3701513934534,5
2024-09-16 11:44:46.009000,418.4069236619616,1000
2024-09-16 11:44:46.046000,418.3979288680972,99
2024-09-16 11:44:46.175000,418.3962109931801,14
2024-09-16 11:44:46.210000,418.3967330001119,995
2024-09-16 11:44:46.254000,418.4103298659028,1001
2024-09-16 11:44:46.425000,418.3930047582301,1002
2024-09-16 11:44:46.481000,418.3898636107324,97
2024-09-16 11:44:46.504000,418.388288265421,1004
2024-09-16 11:44:46.529000,418.39821167254433,997
2024-09-16 11:44:46.577000,418.38442060827975,10
2024-09-16 11:44:46.700000,418.3918268259092,102
2024-09-16 11:44:46.827000,418.3952923734833,998
2024-09-16 11:44:46.863000,418.38245359320587,995
2024-09-16 11:44:46.896000,418.4044045266853,96
2024-09-16 11:44:46.940000,418.390531143098,12
2024-09-16 11:44:47.029000,418.3471066269516,1000
2024-09-16 11:44:47.038000,418.3278902085395,11
2024-09-16 11:44:47.061000,418.3205177090487,1001
2024-09-16 11:44:47.062000,418.3435630115259,1000
2024-09-16 11:44:47.072000,418.3512059296247,15
2024-09-16 11:44:47.190000,418.3569089188706,1005
2024-09-16 11:44:47.320000,418.36122690967295,997
2024-09-16 11:44:47.438000,418.3128546256872,8
2024-09-16 11:44:47.646000,418.3393197088066,999
2024-09-16 11:44:47.712000,418.34192664218153,101
2024-09-16 11:44:47.720000,418.31550012065145,14
2024-09-16 11:44:47.736000,418.3291544423144,15
2024-09-16 11:44:47.899000,418.3378599105815,101
2024-09-16 11:44:47.948000,418.356675762008,101
2024-09-16 11:44:47.958000,418.3278961599199,1004
2024-09-16 11:44:47.960000,418.3599483146901,102
2024-09-16 11:44:47.961000,418.3428190521252,104
2024-09-16 11:44:47.968000,418.3424343550312,101
2024-09-16 11:44:49.156000,418.3083596647167,104
2024-09-16 11:44:49.328000,418.31413349350566,998
2024-09-16 11:44:50.037000,418.2828534214084,5
2024-09-16 11:44:50.039000,418.3135848065653,104
2024-09-16 11:44:50.045000,418.3246996678773,9
2024-09-16 11:44:50.066000,418.3216930478924,1002
2024-09-16 11:44:50.075000,418.3155097477321,105
2024-09-16 11:44:50.076000,418.3306980478095,99
2024-09-16 11:44:50.110000,418.33643335813184,8
2024-09-16 11:44:50.138000,418.2753810199303,1002
2024-09-16 11:44:50.288000,418.3099148131938,12
2024-09-16 11:44:50.373000,418.3175592548817,10
2024-09-16 11:44:50.406000,418.3340991224093,8
2024-09-16 11:44:50.415000,418.2806981208513,997
2024-09-16 11:44:50.420000,418.2999365053468,1004
2024-09-16 11:44:50.458000,418.313829333453,12
2024-09-16 11:44:50.466000,418.3278445300375,6
2024-09-16 11:44:50.556000,418.3115718174354,5
2024-09-16 11:44:50.606000,418.3281291730838,97
2024-09-16 11:44:50.661000,418.3134229962093,1002
2024-09-16 11:44:50.722000,418.3285904740311,99
2024-09-16 11:44:50.772000,418.2949745752495,15
2024-09-16 11:44:50.872000,418.2809702412087,99
2024-09-16 11:44:50.875000,418.3182274929261,1001
2024-09-16 11:44:50.900000,418.3238007439894,12
2024-09-16 11:44:50.904000,418.3056727400783,1004
2024-09-16 11:44:50.913000,418.2892995256077,95
2024-09-16 11:44:50.969000,418.29653792545616,1003
2024-09-16 11:44:51.188000,418.2680175711583,9
2024-09-16 11:44:52.354000,418.255411878051,1004
2024-09-16 11:44:52.574000,418.2400172719618,104
2024-09-16 11:44:52.811000,418.2631682638405,998
2024-09-16 11:44:52.871000,418.254704380922,10
2024-09-16 11:44:53.009000,418.1935668069806,12
2024-09-16 11:44:53.048000,418.1893157377195,102
2024-09-16 11:44:53.093000,418.1580010363186,9
2024-09-16 11:44:53.112000,418.21810270030994,15
2024-09-16 11:44:53.153000,418.2088384396215,103
2024-09-16 11:44:53.155000,418.1802356743486,98
2024-09-16 11:44:53.172000,418.21132625117554,1005
2024-09-16 11:44:53.189000,418.1646701235821,95
2024-09-16 11:44:53.214000,418.1965483888683,997
2024-09-16 11:44:53.214000,418.1612103003287,12
2024-09-16 11:44:53.259000,418.2297571577211,9
2024-09-16 11:44:53.262000,418.2058531239605,11
2024-09-16 11:44:53.271000,418.2198117436176,1005
2024-09-16 11:44:53.437000,418.1725972342175,10
2024-09-16 11:44:53.456000,418.1662412565833,997
2024-09-16 11:44:53.490000,418.1995881532599,104
2024-09-16 11:44:53.519000,418.21151620865066,12
2024-09-16 11:44:53.564000,418.1735000056304,1001
2024-09-16 11:44:53.774000,418.1947698798774,995
2024-09-16 11:44:53.782000,418.1618030148208,995
2024-09-16 11:44:53.795000,418.18239053223147,1002
2024-09-16 11:44:53.892000,418.1632024150332,996
2024-09-16 11:44:53.903000,418.18831518576616,1003
2024-09-16 11:44:53.921000,418.1947339075073,9
2024-09-16 11:44:53.935000,418.18871930049386,10
2024-09-16 11:44:54.047000,418.180781868641,99
2024-09-16 11:44:54.224000,418.1763282273995,95
2024-09-16 11:44:54.321000,418.1545701275662,11
2024-09-16 11:44:54.402000,418.1790496072788,1004
2024-09-16 11:44:54.442000,418.1750289027497,95
2024-09-16 11:44:54.508000,418.14374968758113,97
2024-09-16 11:44:54.680000,418.1610684255622,999
2024-09-16 11:44:54.701000,418.1547982593239,103
2024-09-16 11:44:54.726000,418.15308645631313,1000
2024-09-16 11:44:54.747000,418.1876991364124,104
2024-09-16 11:44:54.969000,418.1620078894557,14
2024-09-16 11:44:55.068000,418.2002703644943,10
2024-09-16 11:44:55.069000,418.1800815625264,13
2024-09-16 11:44:55.300000,418.1908146606341,8
2024-09-16 11:44:55.624000,418.18080565096864,9
2024-09-16 11:44:55.642000,418.1895925488232,99
2024-09-16 11:44:55.645000,418.21161885051225,998
2024-09-16 11:44:55.681000,418.21327513235616,100
2024-09-16 11:44:55.785000,418.190444107749,996
2024-09-16 11:44:55.832000,418.1943210526542,1003
2024-09-16 11:44:55.944000,418.2027376562639,996
2024-09-16 11:44:55.947000,418.2052330666696,999
2024-09-16 11:44:56.024000,418.1917589113819,1003
2024-09-16 11:44:56.031000,418.20447832720464,10
2024-09-16 11:44:56.113000,418.1996314883826,1001
2024-09-16 11:44:56.212000,418.2273843125751,1005
2024-09-16 11:44:56.351000,418.1508266636811,997
2024-09-16 11:44:56.357000,418.2073292145837,95
2024-09-16 11:44:56.375000,418.2123880007494,8
2024-09-16 11:44:56.501000,418.2122131150192,13
2024-09-16 11:44:56.534000,418.183691055152,997
2024-09-16 11:44:56.546000,418.1448756281033,103
2024-09-16 11:44:56.587000,418.1666456887071,996
2024-09-16 11:44:56.696000,418.1364799101261,1002
2024-09-16 11:44:56.717000,418.1784611707016,97
2024-09-16 11:44:56.753000,418.18510921396097,103
2024-09-16 11:44:56.777000,418.2318809093173,99
2024-09-16 11:44:56.784000,418.1576033116573,100
2024-09-16 11:44:56.841000,418.2127104060773,997
2024-09-16 11:44:56.869000,418.2057388013113,5
2024-09-16 11:44:56.922000,418.1910925351083,1002
2024-09-16 11:44:57.007000,418.1827823830761,996
2024-09-16 11:44:57.220000,418.1604073045753,999
2024-09-16 11:44:57.281000,418.1630083812701,998
2024-09-16 11:44:57.359000,418.14167924026407,11
2024-09-16 11:44:57.396000,418.1723779566372,102
2024-09-16 11:44:57.400000,418.1735417220384,998
2024-09-16 11:44:57.546000,418.1891231493585,996
2024-09-16 11:44:57.618000,418.1692276217662,100
2024-09-16 11:44:57.899000,418.1601319105523,6
2024-09-16 11:44:57.904000,418.16883220883614,99
2024-09-16 11:44:57.992000,418.1630470182803,996
2024-09-16 11:44:58.011000,418.214232787967,12
2024-09-16 11:44:58.069000,418.22107616781545,105
2024-09-16 11:44:58.176000,418.25373474765007,9
2024-09-16 11:44:58.229000,418.2333330201213,96
2024-09-16 11:44:58.259000,418.1915201816852,14
2024-09-16 11:44:58.264000,418.2558261557634,100
2024-09-16 11:44:58.357000,418.2010855902627,1002
2024-09-16 11:44:58.440000,418.1967358681841,97
2024-09-16 11:44:58.482000,418.2610308495874,15
2024-09-16 11:44:58.500000,418.2215329667167,101
2024-09-16 11:44:58.543000,418.25578512932594,7
2024-09-16 11:44:58.550000,418.20917686957927,14
2024-09-16 11:44:58.569000,418.21082385801736,5
2024-09-16 11:44:58.623000,418.2102688785212,1001
2024-09-16 11:44:58.668000,418.2209807628665,100
2024-09-16 11:44:58.765000,418.206144411238,10
2024-09-16 11:44:58.770000,418.2674595478842,998
2024-09-16 11:44:58.809000,418.2177464123787,999
2024-09-16 11:44:58.919000,418.1930393325336,9
2024-09-16 11:44:59.014000,418.27650201653006,999
2024-09-16 11:44:59.137000,418.2606065044757,97
2024-09-16 11:44:59.271000,418.2934095985232,11
2024-09-16 11:44:59.427000,418.2969508537844,105
2024-09-16 11:44:59.562000,418.27482043178605,999
2024-09-16 11:44:59.690000,418.2759222541216,15
2024-09-16 11:44:59.957000,418.2759653962543,13
