Timestamp,Price,Size
2024-09-20 09:36:00.132000,421.7458853419412,995
2024-09-20 09:36:00.147000,421.7420377083899,6
2024-09-20 09:36:00.204000,421.7209587719519,104
2024-09-20 09:36:00.245000,421.7204717801628,998
2024-09-20 09:36:00.400000,421.73409488903286,996
2024-09-20 09:36:00.516000,421.7247073696629,100
2024-09-20 09:36:00.689000,421.7378569855491,102
2024-09-20 09:36:00.723000,421.73678700726174,998
2024-09-20 09:36:00.735000,421.7113680608824,103
2024-09-20 09:36:00.805000,421.7353802088789,8
2024-09-20 09:36:00.923000,421.74136948428537,100
2024-09-20 09:36:00.956000,421.7340621228832,97
2024-09-20 09:36:01.155000,421.7187456228984,1005
2024-09-20 09:36:02.197000,421.7005920389655,1002
2024-09-20 09:36:02.209000,421.6782553850471,102
2024-09-20 09:36:02.333000,421.6978240844925,6
2024-09-20 09:36:02.533000,421.7033810187182,95
2024-09-20 09:36:02.623000,421.70485641138,1000
2024-09-20 09:36:02.631000,421.69824405181225,12
2024-09-20 09:36:02.663000,421.7211296067911,8
2024-09-20 09:36:02.678000,421.7137805388479,103
2024-09-20 09:36:02.863000,421.7084621014128,5
2024-09-20 09:36:02.921000,421.7085131406631,999
2024-09-20 09:36:02.997000,421.6834291142724,105
2024-09-20 09:36:03.020000,421.696506938031,1002
2024-09-20 09:36:03.183000,421.7272675941514,996
2024-09-20 09:36:03.196000,421.69088072285854,1004
2024-09-20 09:36:03.259000,421.7174552640869,996
2024-09-20 09:36:03.345000,421.6813406020823,95
2024-09-20 09:36:03.445000,421.7324723448683,9
2024-09-20 09:36:03.643000,421.7092866218492,6
2024-09-20 09:36:03.707000,421.7120982626672,8
2024-09-20 09:36:03.709000,421.6923238647624,103
2024-09-20 09:36:03.736000,421.6615090535016,1002
2024-09-20 09:36:04.206000,421.6535521536263,100
2024-09-20 09:36:05.250000,421.6071098489982,11
2024-09-20 09:36:05.271000,421.6128613715421,9
2024-09-20 09:36:05.288000,421.6034600821488,100
2024-09-20 09:36:05.313000,421.6441382353009,13
2024-09-20 09:36:05.360000,421.63983259929233,12
2024-09-20 09:36:05.420000,421.6467223693531,12
2024-09-20 09:36:05.497000,421.6367544637384,11
2024-09-20 09:36:05.554000,421.6286835287407,996
2024-09-20 09:36:05.584000,421.6058245904604,7
2024-09-20 09:36:05.616000,421.6295122923485,97
2024-09-20 09:36:05.695000,421.6276794920862,10
2024-09-20 09:36:05.728000,421.63720393168353,1000
2024-09-20 09:36:05.899000,421.60099688567743,6
2024-09-20 09:36:05.961000,421.6495082276118,103
2024-09-20 09:36:06.017000,421.5770223964362,12
2024-09-20 09:36:06.114000,421.5486251065027,105
2024-09-20 09:36:06.180000,421.5784170442786,97
2024-09-20 09:36:06.187000,421.5561866086096,999
2024-09-20 09:36:06.213000,421.59844319845,1003
2024-09-20 09:36:06.235000,421.5678285504537,14
2024-09-20 09:36:06.325000,421.62865703774384,13
2024-09-20 09:36:06.327000,421.55804062367,11
2024-09-20 09:36:06.401000,421.6161372235893,96
2024-09-20 09:36:06.401000,421.5911270113821,10
2024-09-20 09:36:06.421000,421.58115126917954,104
2024-09-20 09:36:06.433000,421.580781919652,14
2024-09-20 09:36:06.581000,421.5489390022199,102
2024-09-20 09:36:06.689000,421.58326514677833,1001
2024-09-20 09:36:06.807000,421.5387060746807,1001
2024-09-20 09:36:06.876000,421.5874423527576,1001
2024-09-20 09:36:06.894000,421.5991878950498,998
2024-09-20 09:36:06.954000,421.59925287203504,104
2024-09-20 09:36:06.998000,421.58820634632986,1003
2024-09-20 09:36:07.264000,421.53887973059136,101
2024-09-20 09:36:07.391000,421.5549245510688,12
2024-09-20 09:36:07.559000,421.5241649472066,996
2024-09-20 09:36:07.660000,421.5118817468901,103
2024-09-20 09:36:07.845000,421.5446984879343,13
2024-09-20 09:36:07.982000,421.50666083384806,14
2024-09-20 09:36:08.366000,421.507686451309,101
2024-09-20 09:36:08.487000,421.5235922900149,1000
2024-09-20 09:36:08.684000,421.51451634261247,99
2024-09-20 09:36:08.722000,421.5322011815129,99
2024-09-20 09:36:08.780000,421.5192087081176,997
2024-09-20 09:36:08.844000,421.5453716301475,99
2024-09-20 09:36:08.956000,421.5489568041069,13
2024-09-20 09:36:09.166000,421.5299642128858,13
2024-09-20 09:36:09.366000,421.5370064080402,13
2024-09-20 09:36:10.180000,421.50260253892486,998
2024-09-20 09:36:10.223000,421.4810858549932,7
2024-09-20 09:36:10.275000,421.5477161908451,8
2024-09-20 09:36:10.315000,421.5346046837382,999
2024-09-20 09:36:10.416000,421.5342849100728,10
2024-09-20 09:36:10.451000,421.4732671775802,96
2024-09-20 09:36:10.493000,421.52391590770657,98
2024-09-20 09:36:10.506000,421.49729714781273,1003
2024-09-20 09:36:10.530000,421.5198464374898,996
2024-09-20 09:36:10.590000,421.5237983334501,15
2024-09-20 09:36:10.738000,421.5564613105889,95
2024-09-20 09:36:10.797000,421.5269446458679,1001
2024-09-20 09:36:10.830000,421.53558566718925,5
2024-09-20 09:36:10.904000,421.492394607764,98
2024-09-20 09:36:10.925000,421.50689561475184,102
2024-09-20 09:36:10.962000,421.5205895850916,1004
2024-09-20 09:36:11.157000,421.5831191955383,14
2024-09-20 09:36:11.225000,421.5746673755913,5
2024-09-20 09:36:11.298000,421.5900161335598,102
2024-09-20 09:36:11.308000,421.6140308485107,98
2024-09-20 09:36:11.407000,421.5839044020368,1003
2024-09-20 09:36:11.524000,421.5980686393521,104
2024-09-20 09:36:11.532000,421.5858346852507,998
2024-09-20 09:36:11.573000,421.5922554500496,1002
2024-09-20 09:36:11.599000,421.5842329690305,1004
2024-09-20 09:36:11.615000,421.585902479026,105
2024-09-20 09:36:11.620000,421.5644055177953,13
2024-09-20 09:36:11.658000,421.59089777857565,1003
2024-09-20 09:36:11.742000,421.6058492194024,11
2024-09-20 09:36:11.836000,421.599996895619,1003
2024-09-20 09:36:11.930000,421.5512540528493,15
2024-09-20 09:36:11.947000,421.5466007951607,12
2024-09-20 09:36:11.966000,421.5360659162992,99
2024-09-20 09:36:11.969000,421.5826002938678,12
2024-09-20 09:36:11.987000,421.6156343742031,103
2024-09-20 09:36:12.317000,421.6075055282668,102
2024-09-20 09:36:12.644000,421.6038466043789,1004
2024-09-20 09:36:12.758000,421.5934820267806,97
2024-09-20 09:36:12.792000,421.6001615040695,105
2024-09-20 09:36:13.001000,421.5084876048943,9
2024-09-20 09:36:13.024000,421.6252562134404,104
2024-09-20 09:36:13.229000,421.5916284093256,8
2024-09-20 09:36:13.263000,421.5623408041822,1001
2024-09-20 09:36:13.267000,421.5033296715405,10
2024-09-20 09:36:13.299000,421.4927058376247,15
2024-09-20 09:36:13.302000,421.6164316765215,996
2024-09-20 09:36:13.408000,421.5121402885352,13
2024-09-20 09:36:13.429000,421.6315061462663,8
2024-09-20 09:36:13.465000,421.6215971507111,13
2024-09-20 09:36:13.545000,421.5998886879547,103
2024-09-20 09:36:13.558000,421.5290838894893,95
2024-09-20 09:36:13.560000,421.52729110255177,12
2024-09-20 09:36:13.650000,421.6351813717744,995
2024-09-20 09:36:13.651000,421.52656993242,1005
2024-09-20 09:36:13.778000,421.5627484788079,96
2024-09-20 09:36:13.790000,421.57625950682353,998
2024-09-20 09:36:13.836000,421.4943224972881,99
2024-09-20 09:36:13.874000,421.5203011832593,996
2024-09-20 09:36:13.916000,421.5380413594503,98
2024-09-20 09:36:13.940000,421.5102831254149,8
2024-09-20 09:36:14.095000,421.5021697857095,13
2024-09-20 09:36:14.135000,421.4793872023399,15
2024-09-20 09:36:14.218000,421.49066762534864,99
2024-09-20 09:36:14.231000,421.4939043717378,10
2024-09-20 09:36:14.262000,421.4729436239941,1003
2024-09-20 09:36:14.273000,421.4650838768061,104
2024-09-20 09:36:14.332000,421.49994168521374,1001
2024-09-20 09:36:14.347000,421.4829415157053,97
2024-09-20 09:36:14.402000,421.49808854914784,996
2024-09-20 09:36:14.455000,421.4766273383256,95
2024-09-20 09:36:14.519000,421.4748726258951,12
2024-09-20 09:36:14.539000,421.4803899878341,15
2024-09-20 09:36:14.614000,421.4953651997321,1003
2024-09-20 09:36:14.622000,421.460129589132,13
2024-09-20 09:36:14.647000,421.4838476031895,104
2024-09-20 09:36:14.677000,421.4803564628314,999
2024-09-20 09:36:14.683000,421.4801973509547,99
2024-09-20 09:36:14.718000,421.51343338445946,5
2024-09-20 09:36:14.741000,421.4786221806917,1001
2024-09-20 09:36:14.743000,421.491894897387,998
2024-09-20 09:36:14.796000,421.4864057093489,10
2024-09-20 09:36:14.932000,421.4746562149812,103
2024-09-20 09:36:15.025000,421.4931637187217,1001
2024-09-20 09:36:15.053000,421.4782294407712,998
2024-09-20 09:36:15.126000,421.4773570430609,1001
2024-09-20 09:36:15.155000,421.48857292165576,101
2024-09-20 09:36:15.234000,421.47195797598914,99
2024-09-20 09:36:15.284000,421.4889225395721,98
2024-09-20 09:36:15.448000,421.46175764750353,1000
2024-09-20 09:36:15.493000,421.4685702282897,1000
2024-09-20 09:36:15.494000,421.5002372725578,1005
2024-09-20 09:36:15.508000,421.4816842261039,1003
2024-09-20 09:36:15.704000,421.4591398456905,1005
2024-09-20 09:36:15.831000,421.4707932257765,6
2024-09-20 09:36:15.861000,421.4761465625117,105
2024-09-20 09:36:16.013000,421.4824938595232,8
2024-09-20 09:36:16.055000,421.5059325365468,10
2024-09-20 09:36:16.100000,421.5184141439827,97
2024-09-20 09:36:16.180000,421.4775039521219,999
2024-09-20 09:36:16.200000,421.5253526210569,13
2024-09-20 09:36:16.399000,421.5030430352597,11
2024-09-20 09:36:16.416000,421.4867030010789,10
2024-09-20 09:36:16.439000,421.5196802201807,997
2024-09-20 09:36:16.651000,421.5377717918101,14
2024-09-20 09:36:16.688000,421.500632102008,13
2024-09-20 09:36:16.778000,421.4983074850873,5
2024-09-20 09:36:17.079000,421.4518333220392,103
2024-09-20 09:36:17.109000,421.4322231105143,98
2024-09-20 09:36:17.118000,421.4667783485885,98
2024-09-20 09:36:17.296000,421.462040889754,1002
2024-09-20 09:36:17.327000,421.4606052634248,10
2024-09-20 09:36:17.334000,421.4703020709184,97
2024-09-20 09:36:17.419000,421.38227345723607,997
2024-09-20 09:36:17.492000,421.469944920498,7
2024-09-20 09:36:17.493000,421.39371972327,999
2024-09-20 09:36:17.528000,421.4205553150151,1003
2024-09-20 09:36:17.562000,421.4351445311074,97
2024-09-20 09:36:17.651000,421.4185575720441,1003
2024-09-20 09:36:17.716000,421.37639594944136,96
2024-09-20 09:36:17.792000,421.410015603826,995
2024-09-20 09:36:17.802000,421.4255625016334,12
2024-09-20 09:36:17.867000,421.40205581382673,98
2024-09-20 09:36:17.877000,421.4814141501966,100
2024-09-20 09:36:17.938000,421.4293506330785,103
2024-09-20 09:36:17.940000,421.4547595282296,6
2024-09-20 09:36:17.947000,421.44261821386056,14
2024-09-20 09:36:17.975000,421.4190105206027,12
2024-09-20 09:36:17.996000,421.4163014343519,15
2024-09-20 09:36:18.183000,421.3622723161652,999
2024-09-20 09:36:18.246000,421.37086135430286,1001
2024-09-20 09:36:18.264000,421.3522604895849,96
2024-09-20 09:36:18.454000,421.37613283141246,100
2024-09-20 09:36:18.695000,421.386402310193,98
2024-09-20 09:36:18.709000,421.37345001866817,10
2024-09-20 09:36:18.817000,421.3508188000863,998
2024-09-20 09:36:18.851000,421.3570803193992,1002
2024-09-20 09:36:18.973000,421.3508106858976,105
2024-09-20 09:36:18.976000,421.3660073671749,996
2024-09-20 09:36:18.981000,421.3678318300169,996
2024-09-20 09:36:19.240000,421.3227098273339,97
2024-09-20 09:36:19.279000,421.34868839921273,105
2024-09-20 09:36:19.310000,421.33135417758047,15
2024-09-20 09:36:19.492000,421.33900609108906,1002
2024-09-20 09:36:19.527000,421.34460930139335,10
2024-09-20 09:36:19.545000,421.30257424588825,996
2024-09-20 09:36:19.734000,421.3577521510754,1004
2024-09-20 09:36:19.811000,421.34438781133537,95
2024-09-20 09:36:19.825000,421.35085312077655,98
2024-09-20 09:36:19.896000,421.35838411254525,103
2024-09-20 09:36:19.924000,421.36962169647296,99
2024-09-20 09:36:20.005000,421.3535082742106,13
2024-09-20 09:36:20.059000,421.3531266600648,99
2024-09-20 09:36:20.073000,421.3694180675703,999
2024-09-20 09:36:20.496000,421.311326319002,99
2024-09-20 09:36:20.511000,421.306028642245,13
2024-09-20 09:36:20.599000,421.3119603868056,995
2024-09-20 09:36:20.632000,421.31873550234496,7
2024-09-20 09:36:20.685000,421.29453314068826,1001
2024-09-20 09:36:20.752000,421.2905327661092,5
2024-09-20 09:36:20.811000,421.30046615272806,5
2024-09-20 09:36:20.817000,421.3031351427509,1002
2024-09-20 09:36:20.927000,421.30242310645787,98
2024-09-20 09:36:20.940000,421.3259919547412,97
2024-09-20 09:36:21.337000,421.37339532173417,97
2024-09-20 09:36:21.441000,421.3858841604089,103
2024-09-20 09:36:21.609000,421.3996947946991,13
2024-09-20 09:36:21.630000,421.3824442058777,101
2024-09-20 09:36:21.689000,421.40340856541405,104
2024-09-20 09:36:21.693000,421.4300010714922,7
2024-09-20 09:36:21.957000,421.3850473100549,995
2024-09-20 09:36:22.264000,421.4151802595188,96
2024-09-20 09:36:22.387000,421.40191272558826,102
2024-09-20 09:36:22.528000,421.3923674520524,1003
2024-09-20 09:36:22.536000,421.4047724287932,7
2024-09-20 09:36:22.606000,421.4115840413796,998
2024-09-20 09:36:22.791000,421.4054661513623,12
2024-09-20 09:36:22.857000,421.398825766396,7
2024-09-20 09:36:23.010000,421.4558234091886,8
2024-09-20 09:36:23.019000,421.48711509478574,1002
2024-09-20 09:36:23.045000,421.3886642383284,100
2024-09-20 09:36:23.053000,421.4339067033714,98
2024-09-20 09:36:23.080000,421.4092926325464,6
2024-09-20 09:36:23.114000,421.4039761071303,12
2024-09-20 09:36:23.121000,421.4529235649543,97
2024-09-20 09:36:23.147000,421.4086157016792,101
2024-09-20 09:36:23.173000,421.4299853995465,5
2024-09-20 09:36:23.412000,421.4332059580461,100
2024-09-20 09:36:23.423000,421.4668057982138,98
2024-09-20 09:36:23.437000,421.4586304779033,97
2024-09-20 09:36:23.473000,421.3950980559711,997
2024-09-20 09:36:23.495000,421.4405669159622,10
2024-09-20 09:36:23.645000,421.4445697021736,1000
2024-09-20 09:36:23.718000,421.4091532235987,1004
2024-09-20 09:36:23.719000,421.4439180723577,7
2024-09-20 09:36:23.727000,421.4140838117432,996
2024-09-20 09:36:23.768000,421.4602052129443,99
2024-09-20 09:36:23.777000,421.4859984272064,97
2024-09-20 09:36:23.833000,421.4100033796978,102
2024-09-20 09:36:23.833000,421.41894658261697,5
2024-09-20 09:36:23.834000,421.4147481326368,104
2024-09-20 09:36:23.960000,421.4353740242301,997
2024-09-20 09:36:23.962000,421.4720049033296,105
2024-09-20 09:36:23.962000,421.4309418024086,101
2024-09-20 09:36:24.154000,421.4119800198432,7
2024-09-20 09:36:24.267000,421.3966652390008,1005
2024-09-20 09:36:24.722000,421.4185668194784,996
2024-09-20 09:36:25.011000,421.44943756599935,102
2024-09-20 09:36:25.084000,421.40910284461097,101
2024-09-20 09:36:25.177000,421.43712254128377,6
2024-09-20 09:36:25.193000,421.3940387489834,11
2024-09-20 09:36:25.193000,421.4285973516099,7
2024-09-20 09:36:25.229000,421.4166833030355,1001
2024-09-20 09:36:25.294000,421.44954527212855,14
2024-09-20 09:36:25.455000,421.4311832579263,100
2024-09-20 09:36:25.507000,421.45051249188543,102
2024-09-20 09:36:25.544000,421.39632716629495,1001
2024-09-20 09:36:25.600000,421.4618629750457,5
2024-09-20 09:36:25.625000,421.4649057560095,6
2024-09-20 09:36:25.633000,421.4487910673325,10
2024-09-20 09:36:25.685000,421.40324213904296,10
2024-09-20 09:36:25.803000,421.4268202566532,1001
2024-09-20 09:36:25.835000,421.4214150656674,12
2024-09-20 09:36:25.840000,421.389628769874,996
2024-09-20 09:36:25.867000,421.42066810155416,8
2024-09-20 09:36:25.958000,421.43140502228727,1004
2024-09-20 09:36:25.994000,421.46339360862913,95
2024-09-20 09:36:26.339000,421.4540999077348,15
2024-09-20 09:36:26.701000,421.4565587561605,98
2024-09-20 09:36:26.775000,421.46671761672775,104
2024-09-20 09:36:26.995000,421.4535238023668,999
2024-09-20 09:36:27.083000,421.54667177599976,6
2024-09-20 09:36:27.210000,421.4995338542745,996
2024-09-20 09:36:27.238000,421.5533348716296,98
2024-09-20 09:36:27.263000,421.51216556107454,1003
2024-09-20 09:36:27.275000,421.5274126332786,102
2024-09-20 09:36:27.317000,421.50136135086,998
2024-09-20 09:36:27.433000,421.54279464505305,1000
2024-09-20 09:36:27.484000,421.537999347777,10
2024-09-20 09:36:27.527000,421.4825621852875,100
2024-09-20 09:36:27.527000,421.4788109314615,97
2024-09-20 09:36:27.532000,421.5440439126252,103
2024-09-20 09:36:27.668000,421.5186214563252,997
2024-09-20 09:36:27.817000,421.54814700395815,10
2024-09-20 09:36:27.874000,421.5421828889633,7
2024-09-20 09:36:27.878000,421.4837613175828,6
2024-09-20 09:36:27.890000,421.46673150272335,9
2024-09-20 09:36:27.899000,421.5473034256116,100
2024-09-20 09:36:27.919000,421.5152768395262,997
2024-09-20 09:36:27.948000,421.5482868517661,1005
2024-09-20 09:36:28.002000,421.5009021454392,104
2024-09-20 09:36:28.070000,421.5358530781201,102
2024-09-20 09:36:28.110000,421.4994168013303,9
2024-09-20 09:36:28.118000,421.5405848899752,997
2024-09-20 09:36:28.161000,421.5341870984855,101
2024-09-20 09:36:28.219000,421.5101118103224,9
2024-09-20 09:36:28.244000,421.5180241971016,1001
2024-09-20 09:36:28.333000,421.4993395964814,995
2024-09-20 09:36:28.341000,421.4962682151224,105
2024-09-20 09:36:28.356000,421.5351571006954,95
2024-09-20 09:36:28.422000,421.5064938351307,1005
2024-09-20 09:36:28.555000,421.52651625272944,8
2024-09-20 09:36:28.576000,421.49457260089633,1005
2024-09-20 09:36:28.589000,421.4841849040208,9
2024-09-20 09:36:28.594000,421.51125511484656,11
2024-09-20 09:36:28.612000,421.5363926720677,10
2024-09-20 09:36:28.624000,421.4902477644144,998
2024-09-20 09:36:28.631000,421.54280449024975,97
2024-09-20 09:36:28.633000,421.50350217074,10
2024-09-20 09:36:28.673000,421.4987365415117,103
2024-09-20 09:36:28.699000,421.5405909783833,104
2024-09-20 09:36:28.732000,421.528704484801,1004
2024-09-20 09:36:28.744000,421.535832026388,1000
2024-09-20 09:36:28.779000,421.4952665986309,995
2024-09-20 09:36:28.830000,421.4959198751336,98
2024-09-20 09:36:28.842000,421.5102307471648,995
2024-09-20 09:36:28.853000,421.5363455227297,5
2024-09-20 09:36:28.948000,421.4989925527268,100
2024-09-20 09:36:28.987000,421.53390732898015,8
2024-09-20 09:36:29.083000,421.4851961180798,15
2024-09-20 09:36:29.150000,421.4962250822901,8
2024-09-20 09:36:29.291000,421.524687227357,14
2024-09-20 09:36:29.328000,421.4723986039434,1001
2024-09-20 09:36:29.365000,421.49857347339366,995
2024-09-20 09:36:29.412000,421.491562929714,1004
2024-09-20 09:36:29.444000,421.5050033279779,96
2024-09-20 09:36:29.494000,421.49673568849073,1002
2024-09-20 09:36:29.508000,421.4872395642951,995
2024-09-20 09:36:29.528000,421.4988776961746,95
2024-09-20 09:36:29.568000,421.5385719939089,95
2024-09-20 09:36:29.653000,421.4884207579667,102
2024-09-20 09:36:29.666000,421.510346236734,996
2024-09-20 09:36:29.780000,421.5407887100492,104
2024-09-20 09:36:29.798000,421.48806697193663,999
2024-09-20 09:36:29.840000,421.49145541109874,1000
2024-09-20 09:36:29.924000,421.5047857722156,998
2024-09-20 09:36:29.972000,421.5137449888164,12
2024-09-20 09:36:30.086000,421.5395700342231,15
2024-09-20 09:36:30.132000,421.5415799844384,8
2024-09-20 09:36:30.166000,421.5666874692012,12
2024-09-20 09:36:30.507000,421.5225270814757,999
2024-09-20 09:36:30.652000,421.5363059049853,1002
2024-09-20 09:36:31.080000,421.53538905180136,1000
2024-09-20 09:36:31.238000,421.5180639461119,104
2024-09-20 09:36:31.312000,421.4920239274906,7
2024-09-20 09:36:31.393000,421.49654760561367,8
2024-09-20 09:36:31.464000,421.4845681821557,998
2024-09-20 09:36:31.481000,421.51501240546986,1004
2024-09-20 09:36:31.533000,421.5119564711293,15
2024-09-20 09:36:31.729000,421.5198767708064,101
2024-09-20 09:36:31.806000,421.4820956985861,14
2024-09-20 09:36:31.973000,421.4935263940585,995
2024-09-20 09:36:31.979000,421.5246011886365,9
2024-09-20 09:36:32.033000,421.502172816691,101
2024-09-20 09:36:32.099000,421.537862840028,95
2024-09-20 09:36:32.191000,421.5691830681688,1001
2024-09-20 09:36:32.197000,421.5620604452103,1004
2024-09-20 09:36:32.219000,421.5663551224748,105
2024-09-20 09:36:32.277000,421.5311544538209,1004
2024-09-20 09:36:32.356000,421.6049557094556,15
2024-09-20 09:36:32.388000,421.5713327353298,996
2024-09-20 09:36:32.604000,421.5452668616184,11
2024-09-20 09:36:32.634000,421.5326785506976,95
2024-09-20 09:36:32.641000,421.5901663466492,101
2024-09-20 09:36:32.730000,421.557547935941,997
2024-09-20 09:36:32.766000,421.5512971820012,1003
2024-09-20 09:36:32.776000,421.5971990627385,998
2024-09-20 09:36:32.924000,421.5844086564894,998
2024-09-20 09:36:32.981000,421.5736091195983,10
2024-09-20 09:36:33.011000,421.6103587260466,8
2024-09-20 09:36:33.094000,421.5842118472605,995
2024-09-20 09:36:33.229000,421.5524575356334,995
2024-09-20 09:36:33.256000,421.5652188633124,996
2024-09-20 09:36:33.316000,421.6016433045282,1005
2024-09-20 09:36:33.641000,421.6175629303981,95
2024-09-20 09:36:33.680000,421.57263166293353,6
2024-09-20 09:36:33.718000,421.5846121613024,14
2024-09-20 09:36:33.729000,421.57254269271766,7
2024-09-20 09:36:33.744000,421.5943778901083,100
2024-09-20 09:36:33.787000,421.598239200548,999
2024-09-20 09:36:33.827000,421.6029675790391,100
2024-09-20 09:36:33.904000,421.5985113547573,99
2024-09-20 09:36:33.919000,421.6019873550175,6
2024-09-20 09:36:34.047000,421.6813664659064,7
2024-09-20 09:36:34.311000,421.73604597177695,11
2024-09-20 09:36:34.326000,421.73733707451686,1005
2024-09-20 09:36:34.334000,421.6438513463495,1001
2024-09-20 09:36:34.345000,421.6667983683099,14
2024-09-20 09:36:34.419000,421.6601132783249,6
2024-09-20 09:36:34.427000,421.7211772293214,998
2024-09-20 09:36:34.456000,421.6434044710156,997
2024-09-20 09:36:34.532000,421.6647273422644,1003
2024-09-20 09:36:34.665000,421.7165564552296,1000
2024-09-20 09:36:34.705000,421.5866605992516,5
2024-09-20 09:36:34.727000,421.5876050700927,10
2024-09-20 09:36:34.748000,421.6477366118902,98
2024-09-20 09:36:34.756000,421.7427809415269,10
2024-09-20 09:36:34.916000,421.60878291314,14
2024-09-20 09:36:34.925000,421.6297309423877,998
2024-09-20 09:36:35.009000,421.7522658386636,1002
2024-09-20 09:36:35.027000,421.8252987247731,5
2024-09-20 09:36:35.046000,421.7504075772413,996
2024-09-20 09:36:35.108000,421.8232416369827,995
2024-09-20 09:36:35.225000,421.7717337291586,1000
2024-09-20 09:36:35.240000,421.7474480506944,1003
2024-09-20 09:36:35.242000,421.8276411106959,97
2024-09-20 09:36:35.326000,421.7540963042812,15
2024-09-20 09:36:35.423000,421.81589119985136,995
2024-09-20 09:36:35.437000,421.7189425513318,8
2024-09-20 09:36:35.507000,421.71866640706577,104
2024-09-20 09:36:35.532000,421.7345063904506,14
2024-09-20 09:36:35.555000,421.80373191783,96
2024-09-20 09:36:35.572000,421.7377392787687,95
2024-09-20 09:36:35.603000,421.8388292066018,13
2024-09-20 09:36:35.668000,421.8109710300168,15
2024-09-20 09:36:35.754000,421.7464465993719,12
2024-09-20 09:36:35.807000,421.7439640744672,1000
2024-09-20 09:36:35.811000,421.7762953061987,12
2024-09-20 09:36:35.830000,421.7356208477565,103
2024-09-20 09:36:35.910000,421.8119984831102,95
2024-09-20 09:36:35.942000,421.7478255421119,15
2024-09-20 09:36:35.961000,421.8021815399091,101
2024-09-20 09:36:35.970000,421.7892946548095,15
2024-09-20 09:36:36.164000,421.7788535208109,996
2024-09-20 09:36:36.231000,421.7811680357447,6
2024-09-20 09:36:36.273000,421.761221016146,100
2024-09-20 09:36:36.284000,421.7563164216043,15
2024-09-20 09:36:36.340000,421.8006923057719,1005
2024-09-20 09:36:36.357000,421.7928356443789,997
2024-09-20 09:36:36.378000,421.8116281362071,97
2024-09-20 09:36:36.511000,421.78816317000894,1005
2024-09-20 09:36:36.513000,421.8054071752687,995
2024-09-20 09:36:36.540000,421.8185758694044,102
2024-09-20 09:36:36.612000,421.8026026223863,12
2024-09-20 09:36:36.630000,421.7617038000429,103
2024-09-20 09:36:36.689000,421.7318669866708,15
2024-09-20 09:36:36.783000,421.7944076236529,15
2024-09-20 09:36:36.809000,421.78381572471545,105
2024-09-20 09:36:36.831000,421.7833907037944,5
2024-09-20 09:36:36.849000,421.7818227469387,8
2024-09-20 09:36:36.851000,421.8061712065754,96
2024-09-20 09:36:36.897000,421.7623189942559,10
2024-09-20 09:36:36.907000,421.750670723654,14
2024-09-20 09:36:36.938000,421.77803130646265,996
2024-09-20 09:36:37.344000,421.8033488122593,99
2024-09-20 09:36:37.345000,421.78816122606975,104
2024-09-20 09:36:37.506000,421.79464532763257,998
2024-09-20 09:36:37.522000,421.8081905749876,998
2024-09-20 09:36:37.644000,421.7950364344084,102
2024-09-20 09:36:38.116000,421.8402888053325,105
2024-09-20 09:36:38.372000,421.856284171662,14
2024-09-20 09:36:38.379000,421.7864118693664,10
2024-09-20 09:36:38.461000,421.8416766316845,14
2024-09-20 09:36:38.602000,421.8129164791076,1002
2024-09-20 09:36:38.616000,421.8260879982629,11
2024-09-20 09:36:38.713000,421.8441025326258,105
2024-09-20 09:36:39.033000,421.89672235546624,10
2024-09-20 09:36:39.055000,421.8436136161629,999
2024-09-20 09:36:39.158000,421.876796347218,6
2024-09-20 09:36:39.224000,421.8731029846484,12
2024-09-20 09:36:39.308000,421.9389574485047,6
2024-09-20 09:36:39.322000,421.8745438929685,997
2024-09-20 09:36:39.449000,421.88586230216526,8
2024-09-20 09:36:39.587000,421.90299711137857,1000
2024-09-20 09:36:39.598000,421.914067480308,998
2024-09-20 09:36:39.637000,421.8514623983371,103
2024-09-20 09:36:39.685000,421.8778878960755,8
2024-09-20 09:36:39.771000,421.83648333286266,102
2024-09-20 09:36:39.775000,421.8682771377459,1005
2024-09-20 09:36:39.837000,421.9198464077455,13
2024-09-20 09:36:39.859000,421.8569465270432,1004
2024-09-20 09:36:39.869000,421.8876967835714,103
2024-09-20 09:36:39.949000,421.8791137446313,96
2024-09-20 09:36:39.967000,421.8683164358867,1000
2024-09-20 09:36:39.968000,421.9018445759583,103
2024-09-20 09:36:40.109000,421.95315424311775,999
2024-09-20 09:36:40.133000,421.9155695558693,98
2024-09-20 09:36:40.222000,421.8960249061972,103
2024-09-20 09:36:40.260000,421.9064861508271,1003
2024-09-20 09:36:40.276000,421.8920843495591,8
2024-09-20 09:36:40.325000,421.9439831687389,6
2024-09-20 09:36:40.330000,421.945676694103,15
2024-09-20 09:36:40.381000,421.9059997155816,105
2024-09-20 09:36:40.426000,421.91421421590616,100
2024-09-20 09:36:40.445000,421.9182773342662,104
2024-09-20 09:36:40.522000,421.9592666036783,1000
2024-09-20 09:36:40.681000,421.9005055368869,9
2024-09-20 09:36:40.699000,421.9153791824056,8
2024-09-20 09:36:40.704000,421.9358266914289,102
2024-09-20 09:36:40.721000,421.9205470166198,99
2024-09-20 09:36:40.776000,421.9135986359472,11
2024-09-20 09:36:40.795000,421.92219800042005,103
2024-09-20 09:36:40.959000,421.9095123524703,1004
2024-09-20 09:36:40.983000,421.934676661375,1005
2024-09-20 09:36:41.047000,421.9082531468063,15
2024-09-20 09:36:41.176000,421.9063769601977,1002
2024-09-20 09:36:41.265000,421.9206763881677,95
2024-09-20 09:36:41.392000,421.9131727554938,996
2024-09-20 09:36:41.394000,421.9286834337029,13
2024-09-20 09:36:41.593000,421.9205051096807,1001
2024-09-20 09:36:41.719000,421.914891069611,10
2024-09-20 09:36:41.987000,421.9400449985564,999
2024-09-20 09:36:42.390000,421.9348984391617,104
2024-09-20 09:36:43.076000,421.93770946763226,998
2024-09-20 09:36:43.639000,421.94625138013134,5
2024-09-20 09:36:44.036000,421.9343303884488,104
2024-09-20 09:36:44.109000,422.0129631895272,102
2024-09-20 09:36:44.267000,421.97489347338615,1000
2024-09-20 09:36:44.442000,421.936060315352,13
2024-09-20 09:36:44.570000,421.9549777585277,99
2024-09-20 09:36:44.650000,421.9474302853636,15
2024-09-20 09:36:44.750000,421.94184711815257,999
2024-09-20 09:36:44.883000,422.00062344408144,95
2024-09-20 09:36:44.923000,421.9221641452693,14
2024-09-20 09:36:45.023000,422.019047710745,7
2024-09-20 09:36:45.034000,422.0236271308965,1005
2024-09-20 09:36:45.239000,422.0254392813249,1000
2024-09-20 09:36:45.637000,422.012728131564,96
2024-09-20 09:36:45.760000,422.0010029236162,103
2024-09-20 09:36:45.795000,422.01332356231273,1005
2024-09-20 09:36:45.944000,422.00283602452026,13
2024-09-20 09:36:46.063000,422.02236298787824,1004
2024-09-20 09:36:46.162000,422.038791545813,15
2024-09-20 09:36:46.242000,422.03006486887415,14
2024-09-20 09:36:46.814000,422.0233848998837,5
2024-09-20 09:36:46.816000,422.0048093382308,96
2024-09-20 09:36:46.820000,422.0281070137975,995
2024-09-20 09:36:46.907000,422.00229309240825,12
2024-09-20 09:36:46.976000,422.02169125199737,8
2024-09-20 09:36:47.040000,422.0162476990973,102
2024-09-20 09:36:47.042000,422.0524887489107,998
2024-09-20 09:36:47.066000,422.017512881057,998
2024-09-20 09:36:47.077000,422.0324933714035,998
2024-09-20 09:36:47.143000,422.0100846846545,1000
2024-09-20 09:36:47.155000,422.0342561489032,998
2024-09-20 09:36:47.163000,422.0163458330433,997
2024-09-20 09:36:47.169000,422.0421111231091,97
2024-09-20 09:36:47.190000,421.9924828912241,1005
2024-09-20 09:36:47.226000,422.07691365988535,11
2024-09-20 09:36:47.226000,422.02513258769017,1000
2024-09-20 09:36:47.257000,422.02535924915,999
2024-09-20 09:36:47.263000,422.0299987292907,13
2024-09-20 09:36:47.387000,421.9965662451111,101
2024-09-20 09:36:47.448000,422.00488989380426,97
2024-09-20 09:36:47.467000,422.0414516757324,999
2024-09-20 09:36:47.534000,422.0036443373064,14
2024-09-20 09:36:47.555000,422.0489717081658,998
2024-09-20 09:36:47.571000,422.0341980704284,10
2024-09-20 09:36:47.594000,422.028085114938,100
2024-09-20 09:36:47.645000,422.0279598542374,999
2024-09-20 09:36:47.656000,422.0012549144961,1002
2024-09-20 09:36:47.663000,422.0393287358541,98
2024-09-20 09:36:47.712000,422.0298377905108,1002
2024-09-20 09:36:47.837000,421.9951271432488,103
2024-09-20 09:36:47.890000,422.0640883906508,14
2024-09-20 09:36:47.950000,421.9863003524415,995
2024-09-20 09:36:47.953000,422.0556766893857,103
2024-09-20 09:36:47.963000,422.0511970549346,101
2024-09-20 09:36:47.990000,422.0267537880604,1004
2024-09-20 09:36:48.043000,422.0656886094267,1002
2024-09-20 09:36:48.083000,422.07170974418216,6
2024-09-20 09:36:48.085000,422.074659898684,6
2024-09-20 09:36:48.091000,422.06506579335615,999
2024-09-20 09:36:48.102000,422.0956293420146,12
2024-09-20 09:36:48.128000,422.0899038355894,11
2024-09-20 09:36:48.163000,422.0704121957433,8
2024-09-20 09:36:48.179000,422.09512094580816,105
2024-09-20 09:36:48.186000,422.0758636890643,997
2024-09-20 09:36:48.215000,422.0713631299556,98
2024-09-20 09:36:48.231000,422.0748438910181,1002
2024-09-20 09:36:48.262000,422.0637762539601,1005
2024-09-20 09:36:48.265000,422.0598521861151,9
2024-09-20 09:36:48.315000,422.0728750666334,11
2024-09-20 09:36:48.342000,422.0612209219152,99
2024-09-20 09:36:48.432000,422.0785208287152,996
2024-09-20 09:36:48.549000,422.0651631839069,1003
2024-09-20 09:36:48.571000,422.0781022257037,999
2024-09-20 09:36:48.615000,422.06161906697525,96
2024-09-20 09:36:48.635000,422.0639951420589,995
2024-09-20 09:36:48.648000,422.1177556955664,1005
2024-09-20 09:36:48.660000,422.1019730105803,997
2024-09-20 09:36:48.799000,422.0570280402588,105
2024-09-20 09:36:48.886000,422.053174496224,104
2024-09-20 09:36:48.896000,422.1138976912157,100
2024-09-20 09:36:48.954000,422.063974771629,13
2024-09-20 09:36:49.018000,422.09492156600834,6
2024-09-20 09:36:49.036000,422.1036869479945,8
2024-09-20 09:36:49.143000,422.0979090562437,104
2024-09-20 09:36:49.171000,422.0931126539039,997
2024-09-20 09:36:49.223000,422.0697891497593,97
2024-09-20 09:36:49.359000,422.0594930756764,14
2024-09-20 09:36:49.422000,422.1044119027141,11
2024-09-20 09:36:49.423000,422.0556475743736,102
2024-09-20 09:36:49.439000,422.074791389541,102
2024-09-20 09:36:49.465000,422.1020353425547,9
2024-09-20 09:36:49.498000,422.0642226153995,10
2024-09-20 09:36:49.624000,422.0841864718355,97
2024-09-20 09:36:49.631000,422.119649028002,11
2024-09-20 09:36:49.731000,422.0469602821585,12
2024-09-20 09:36:49.732000,422.0859563626764,104
2024-09-20 09:36:49.864000,422.05628636329226,996
2024-09-20 09:36:49.871000,422.0630063099587,1005
2024-09-20 09:36:49.896000,422.0864499990385,998
2024-09-20 09:36:49.932000,422.0588774308059,5
2024-09-20 09:36:49.974000,422.0942480481622,995
2024-09-20 09:36:50.052000,422.0986930057954,12
2024-09-20 09:36:50.186000,422.1111710425496,102
2024-09-20 09:36:50.214000,422.0974158078825,7
2024-09-20 09:36:50.218000,422.1182894050176,997
2024-09-20 09:36:50.233000,422.1094843764268,996
2024-09-20 09:36:50.265000,422.0923690320675,98
2024-09-20 09:36:50.266000,422.10164358587735,96
2024-09-20 09:36:50.321000,422.07977251985017,95
2024-09-20 09:36:50.336000,422.0966794580008,104
2024-09-20 09:36:50.354000,422.1195264253877,1000
2024-09-20 09:36:50.451000,422.0678496469808,15
2024-09-20 09:36:50.511000,422.0678611713368,105
2024-09-20 09:36:50.535000,422.10689687489713,9
2024-09-20 09:36:50.677000,422.0970280672449,998
2024-09-20 09:36:50.859000,422.07767292880885,96
2024-09-20 09:36:50.895000,422.0971838332441,11
2024-09-20 09:36:50.996000,422.0970323282137,11
2024-09-20 09:36:51.019000,422.1001259774613,105
2024-09-20 09:36:51.026000,422.1117618959737,1002
2024-09-20 09:36:51.074000,422.1731612956493,6
2024-09-20 09:36:51.095000,422.0884445763522,1002
2024-09-20 09:36:51.111000,422.1335359154245,104
2024-09-20 09:36:51.152000,422.1777027922495,104
2024-09-20 09:36:51.160000,422.0730024117844,98
2024-09-20 09:36:51.179000,422.1580830866685,997
2024-09-20 09:36:51.186000,422.16831644957233,995
2024-09-20 09:36:51.205000,422.1856741065132,999
2024-09-20 09:36:51.208000,422.08812943749393,995
2024-09-20 09:36:51.259000,422.0872922679114,1005
2024-09-20 09:36:51.278000,422.08108132368,99
2024-09-20 09:36:51.283000,422.1757676602807,1003
2024-09-20 09:36:51.343000,422.0829849536924,14
2024-09-20 09:36:51.351000,422.1363106660986,100
2024-09-20 09:36:51.358000,422.1037905308621,995
2024-09-20 09:36:51.478000,422.1753294633118,10
2024-09-20 09:36:51.487000,422.1161788090964,997
2024-09-20 09:36:51.576000,422.11178524864914,103
2024-09-20 09:36:51.683000,422.1047676844966,105
2024-09-20 09:36:51.765000,422.12031659379846,13
2024-09-20 09:36:51.767000,422.1854726105886,14
2024-09-20 09:36:51.797000,422.1500721096484,98
2024-09-20 09:36:51.816000,422.09147375031495,10
2024-09-20 09:36:51.839000,422.1874748163335,98
2024-09-20 09:36:51.850000,422.1097682674583,14
2024-09-20 09:36:51.867000,422.1193256967002,98
2024-09-20 09:36:51.891000,422.09998479389657,11
2024-09-20 09:36:53.016000,422.1706389582065,12
2024-09-20 09:36:53.038000,422.22304719612936,95
2024-09-20 09:36:53.054000,422.1851347829341,12
2024-09-20 09:36:53.145000,422.2267711708445,10
2024-09-20 09:36:53.161000,422.1795666570519,97
2024-09-20 09:36:53.178000,422.1773054488015,997
2024-09-20 09:36:53.188000,422.1878614415585,1000
2024-09-20 09:36:53.204000,422.1981351748703,999
2024-09-20 09:36:53.318000,422.2024095848441,103
2024-09-20 09:36:53.360000,422.20891353176535,102
2024-09-20 09:36:53.366000,422.21045262521,6
2024-09-20 09:36:53.427000,422.17012363018017,99
2024-09-20 09:36:53.476000,422.21794266053416,100
2024-09-20 09:36:53.513000,422.1858342026156,6
2024-09-20 09:36:53.526000,422.20283457472266,11
2024-09-20 09:36:53.541000,422.1939475700652,97
2024-09-20 09:36:53.559000,422.21312012084,7
2024-09-20 09:36:53.651000,422.2133674446792,999
2024-09-20 09:36:53.668000,422.2029913359712,10
2024-09-20 09:36:53.685000,422.196923543177,997
2024-09-20 09:36:53.699000,422.2022601349863,998
2024-09-20 09:36:53.705000,422.21483469064987,14
2024-09-20 09:36:53.735000,422.2036343426876,97
2024-09-20 09:36:53.815000,422.2301658264523,999
2024-09-20 09:36:53.924000,422.20903695409015,10
2024-09-20 09:36:53.944000,422.1967677718707,12
2024-09-20 09:36:53.947000,422.17587330060906,6
2024-09-20 09:36:54.433000,422.1971702295028,100
2024-09-20 09:36:55.022000,422.1925331838388,996
2024-09-20 09:36:55.113000,422.20580272170656,997
2024-09-20 09:36:55.137000,422.2615694673915,95
2024-09-20 09:36:55.197000,422.25485186407246,1002
2024-09-20 09:36:55.198000,422.2379568948298,10
2024-09-20 09:36:55.319000,422.2826435269586,12
2024-09-20 09:36:55.374000,422.2293608032605,105
2024-09-20 09:36:55.388000,422.2906161004364,1004
2024-09-20 09:36:55.506000,422.28785425407824,101
2024-09-20 09:36:55.507000,422.2254641942112,1002
2024-09-20 09:36:55.513000,422.2619910988763,1002
2024-09-20 09:36:55.724000,422.2949887798806,1004
2024-09-20 09:36:55.747000,422.2953627581752,1005
2024-09-20 09:36:55.784000,422.26332357665314,97
2024-09-20 09:36:55.796000,422.2787316748247,6
2024-09-20 09:36:55.814000,422.2730191153832,998
2024-09-20 09:36:55.874000,422.28611249457725,12
2024-09-20 09:36:55.901000,422.1921665795924,7
2024-09-20 09:36:56.007000,422.2927644588088,101
2024-09-20 09:36:56.106000,422.2928996751538,103
2024-09-20 09:36:56.418000,422.3104681136618,1005
2024-09-20 09:36:57.114000,422.3312633085806,1000
2024-09-20 09:36:57.158000,422.278753309696,96
2024-09-20 09:36:57.305000,422.29392885029625,101
2024-09-20 09:36:57.310000,422.3107145826743,7
2024-09-20 09:36:57.356000,422.3359624132768,11
2024-09-20 09:36:57.389000,422.29633617197936,995
2024-09-20 09:36:57.640000,422.30244981835006,98
2024-09-20 09:36:57.735000,422.322645667874,999
2024-09-20 09:36:57.781000,422.2928403841331,6
2024-09-20 09:36:57.818000,422.3380539226526,7
2024-09-20 09:36:57.820000,422.2959089864213,99
2024-09-20 09:36:57.830000,422.2944137043781,1005
2024-09-20 09:36:57.849000,422.2799857437217,13
2024-09-20 09:36:57.947000,422.2744287476253,8
2024-09-20 09:36:58.003000,422.37077338059976,9
2024-09-20 09:36:58.010000,422.3610002898223,13
2024-09-20 09:36:58.058000,422.36977614842215,97
2024-09-20 09:36:58.066000,422.35000648233256,99
2024-09-20 09:36:58.136000,422.33500227629605,98
2024-09-20 09:36:58.193000,422.35634856566986,98
2024-09-20 09:36:58.375000,422.35322800584254,999
2024-09-20 09:36:58.417000,422.36865194872894,6
2024-09-20 09:36:58.421000,422.37375275909824,104
2024-09-20 09:36:58.426000,422.34312523928304,999
2024-09-20 09:36:58.458000,422.3741679852757,103
2024-09-20 09:36:58.496000,422.3356634493288,13
2024-09-20 09:36:58.577000,422.3642455117675,98
2024-09-20 09:36:58.795000,422.3707618486882,996
2024-09-20 09:36:58.839000,422.3624633083168,96
2024-09-20 09:36:58.859000,422.3571115114084,14
2024-09-20 09:36:58.881000,422.3706551763884,96
2024-09-20 09:36:58.894000,422.3549512068241,1000
2024-09-20 09:36:58.927000,422.3512167972045,14
2024-09-20 09:36:58.992000,422.33244606642006,7
2024-09-20 09:36:59.013000,422.25611542340505,11
2024-09-20 09:36:59.065000,422.3033253757317,1000
2024-09-20 09:36:59.141000,422.3106466016167,12
2024-09-20 09:36:59.185000,422.2654654597137,99
2024-09-20 09:36:59.193000,422.26464967956935,101
2024-09-20 09:36:59.200000,422.3188948405806,995
2024-09-20 09:36:59.211000,422.3036096963684,99
2024-09-20 09:36:59.299000,422.29304309430216,5
2024-09-20 09:36:59.328000,422.2649171405173,103
2024-09-20 09:36:59.348000,422.27763387611816,995
2024-09-20 09:36:59.380000,422.2581644002269,99
2024-09-20 09:36:59.400000,422.27694449924473,11
2024-09-20 09:36:59.446000,422.291198974402,1002
2024-09-20 09:36:59.466000,422.2641852722174,998
2024-09-20 09:36:59.495000,422.27311069088887,98
2024-09-20 09:36:59.553000,422.2726411675953,105
2024-09-20 09:36:59.593000,422.2901103218826,1003
2024-09-20 09:36:59.624000,422.3207041388136,1005
2024-09-20 09:36:59.713000,422.2532323706953,105
2024-09-20 09:36:59.745000,422.28488173084094,997
2024-09-20 09:36:59.764000,422.27527039988695,8
2024-09-20 09:36:59.893000,422.2824759531766,99
2024-09-20 09:36:59.924000,422.30830781021234,15
2024-09-20 09:36:59.925000,422.25502859527376,96
