Timestamp,Price,Size
2024-09-16 14:38:01.002000,415.2604587085012,12
2024-09-16 14:38:01.045000,415.21070815157617,101
2024-09-16 14:38:01.064000,415.2376954446177,998
2024-09-16 14:38:01.095000,415.2367296745727,6
2024-09-16 14:38:01.201000,415.2596460936141,6
2024-09-16 14:38:01.336000,415.197919882757,104
2024-09-16 14:38:01.359000,415.2176401176016,102
2024-09-16 14:38:01.382000,415.2423938249586,105
2024-09-16 14:38:01.437000,415.2160557648697,105
2024-09-16 14:38:01.472000,415.23140773809234,998
2024-09-16 14:38:01.511000,415.26180468479714,101
2024-09-16 14:38:01.690000,415.2583642616679,15
2024-09-16 14:38:01.759000,415.2433040623405,100
2024-09-16 14:38:01.774000,415.2183333215664,5
2024-09-16 14:38:01.779000,415.2088685471522,95
2024-09-16 14:38:01.928000,415.2172076572999,14
2024-09-16 14:38:01.950000,415.224295661408,104
2024-09-16 14:38:01.952000,415.2198058663674,1004
2024-09-16 14:38:02.011000,415.2320567021511,11
2024-09-16 14:38:02.112000,415.22133011916384,999
2024-09-16 14:38:02.173000,415.2207973781987,12
2024-09-16 14:38:02.225000,415.23737010401226,101
2024-09-16 14:38:02.291000,415.2347522085812,1000
2024-09-16 14:38:02.416000,415.23934545459855,96
2024-09-16 14:38:02.459000,415.2399591767787,12
2024-09-16 14:38:02.556000,415.235047354243,997
2024-09-16 14:38:02.682000,415.226409067136,1004
2024-09-16 14:38:02.734000,415.2346324228116,999
2024-09-16 14:38:03.014000,415.2000126265736,998
2024-09-16 14:38:03.072000,415.1636013090003,997
2024-09-16 14:38:03.165000,415.1466016489628,99
2024-09-16 14:38:03.416000,415.2015142239467,97
2024-09-16 14:38:03.453000,415.15507341999785,1005
2024-09-16 14:38:03.629000,415.14191974133655,6
2024-09-16 14:38:03.672000,415.1772258419113,7
2024-09-16 14:38:04.218000,415.1683786774566,10
2024-09-16 14:38:04.358000,415.16927133691047,104
2024-09-16 14:38:04.366000,415.1688413386213,1003
2024-09-16 14:38:04.379000,415.158898789566,998
2024-09-16 14:38:04.440000,415.18461278173646,15
2024-09-16 14:38:04.568000,415.162466141299,97
2024-09-16 14:38:04.583000,415.1897787498742,105
2024-09-16 14:38:04.607000,415.17156557487993,98
2024-09-16 14:38:04.689000,415.1649794938352,6
2024-09-16 14:38:04.702000,415.1545947153417,1001
2024-09-16 14:38:04.869000,415.1594981623444,995
2024-09-16 14:38:04.883000,415.16441462935967,102
2024-09-16 14:38:04.911000,415.1704193756172,9
2024-09-16 14:38:05.005000,415.1641088300735,14
2024-09-16 14:38:05.012000,415.0828276813188,6
2024-09-16 14:38:05.022000,415.0804469090973,95
2024-09-16 14:38:05.064000,415.0919298131892,95
2024-09-16 14:38:05.090000,415.1643065862836,103
2024-09-16 14:38:05.159000,415.10435204909,103
2024-09-16 14:38:05.167000,415.144439517959,5
2024-09-16 14:38:05.208000,415.1010278625997,105
2024-09-16 14:38:05.229000,415.0815242266274,97
2024-09-16 14:38:05.259000,415.09025644074734,97
2024-09-16 14:38:05.307000,415.1102973489667,103
2024-09-16 14:38:05.307000,415.1301120963299,999
2024-09-16 14:38:05.435000,415.1976503064566,105
2024-09-16 14:38:05.540000,415.1071902216569,105
2024-09-16 14:38:05.622000,415.1205707632087,14
2024-09-16 14:38:05.624000,415.2042174517403,102
2024-09-16 14:38:05.638000,415.08745265067495,997
2024-09-16 14:38:05.694000,415.1925702088507,14
2024-09-16 14:38:05.746000,415.08228711347056,104
2024-09-16 14:38:05.787000,415.1899519563254,1005
2024-09-16 14:38:05.789000,415.1779195142071,1002
2024-09-16 14:38:05.799000,415.1563695193218,9
2024-09-16 14:38:05.801000,415.0956055633727,104
2024-09-16 14:38:05.818000,415.1610354315214,996
2024-09-16 14:38:05.827000,415.1872350191359,999
2024-09-16 14:38:05.939000,415.14986883089705,8
2024-09-16 14:38:05.945000,415.0886616287818,995
2024-09-16 14:38:05.964000,415.1822823993716,998
2024-09-16 14:38:06.159000,415.08030788269497,1005
2024-09-16 14:38:06.387000,415.0949570311872,8
2024-09-16 14:38:06.488000,415.1179612906521,997
2024-09-16 14:38:06.543000,415.104137612116,7
2024-09-16 14:38:06.742000,415.1099937830182,95
2024-09-16 14:38:06.790000,415.0958920455492,1004
2024-09-16 14:38:06.988000,415.098671416005,103
2024-09-16 14:38:07.152000,415.07602680542135,95
2024-09-16 14:38:07.239000,415.07034782640375,13
2024-09-16 14:38:07.348000,415.064925634538,103
2024-09-16 14:38:07.585000,415.0687872318367,1003
2024-09-16 14:38:07.727000,415.08444684776623,1000
2024-09-16 14:38:07.811000,415.0590486641744,1004
2024-09-16 14:38:08.045000,415.0383775960416,995
2024-09-16 14:38:08.076000,415.0664421650888,998
2024-09-16 14:38:08.189000,415.0804981261748,100
2024-09-16 14:38:08.217000,415.0481627529405,98
2024-09-16 14:38:08.250000,415.06474258985406,1004
2024-09-16 14:38:08.283000,415.0608000690771,7
2024-09-16 14:38:08.408000,415.0539809016952,5
2024-09-16 14:38:08.520000,418.0970455396261,95
2024-09-16 14:38:08.617000,415.08195634577135,1002
2024-09-16 14:38:08.718000,415.06959988172326,104
2024-09-16 14:38:08.722000,415.045038624608,12
2024-09-16 14:38:08.724000,415.1074074044559,95
2024-09-16 14:38:08.725000,415.0600147245764,14
2024-09-16 14:38:08.760000,415.074734906752,8
2024-09-16 14:38:08.864000,415.07556544462886,105
2024-09-16 14:38:08.982000,415.0505552170204,102
2024-09-16 14:38:09.912000,415.1223160916252,995
2024-09-16 14:38:10.004000,415.1537083684847,103
2024-09-16 14:38:10.048000,415.1655133259764,12
2024-09-16 14:38:10.056000,415.1865700497938,103
2024-09-16 14:38:10.096000,415.1515795164528,9
2024-09-16 14:38:10.124000,415.1629266416289,998
2024-09-16 14:38:10.126000,415.1598873020477,95
2024-09-16 14:38:10.133000,415.1071892958868,1001
2024-09-16 14:38:10.192000,415.0981614713068,103
2024-09-16 14:38:10.198000,415.1734485024836,999
2024-09-16 14:38:10.217000,415.0857158503791,97
2024-09-16 14:38:10.279000,415.1615814978361,12
2024-09-16 14:38:10.334000,415.0952260934517,1004
2024-09-16 14:38:10.383000,415.1741332375807,102
2024-09-16 14:38:10.440000,415.1556956157567,99
2024-09-16 14:38:10.491000,415.12206734708536,995
2024-09-16 14:38:10.518000,415.16961751020455,102
2024-09-16 14:38:10.556000,415.1733268072498,1004
2024-09-16 14:38:10.597000,415.163964510069,8
2024-09-16 14:38:10.743000,415.1472051854071,101
2024-09-16 14:38:10.754000,415.1713636325481,996
2024-09-16 14:38:10.762000,415.1708195413986,99
2024-09-16 14:38:10.770000,415.145652279264,1001
2024-09-16 14:38:10.834000,415.11819820305817,96
2024-09-16 14:38:10.852000,415.0960806427294,13
2024-09-16 14:38:10.890000,415.1060136961699,99
2024-09-16 14:38:10.936000,415.12502550281465,1000
2024-09-16 14:38:10.963000,415.166666626824,999
2024-09-16 14:38:11.015000,415.2137076812793,1003
2024-09-16 14:38:11.053000,415.16371789893407,996
2024-09-16 14:38:11.085000,415.1858057070546,1005
2024-09-16 14:38:11.263000,415.2303030461765,999
2024-09-16 14:38:11.298000,415.1571252768986,99
2024-09-16 14:38:11.337000,415.1716618629227,102
2024-09-16 14:38:11.388000,415.1492795334396,102
2024-09-16 14:38:11.495000,415.2359108919079,105
2024-09-16 14:38:11.506000,415.17939532745726,101
2024-09-16 14:38:11.557000,415.1873028550148,1000
2024-09-16 14:38:11.559000,415.2299986091003,10
2024-09-16 14:38:11.663000,415.2396858545682,14
2024-09-16 14:38:11.693000,415.2229027593383,7
2024-09-16 14:38:11.742000,415.18313321783575,1003
2024-09-16 14:38:11.748000,415.2282025715804,102
2024-09-16 14:38:11.955000,415.166901733861,998
2024-09-16 14:38:11.967000,415.1515033432002,995
2024-09-16 14:38:11.969000,415.186812761672,13
2024-09-16 14:38:12.019000,415.21603783448177,9
2024-09-16 14:38:12.470000,415.199730194791,95
2024-09-16 14:38:12.650000,415.2128458670881,95
2024-09-16 14:38:12.869000,418.0448379447721,995
2024-09-16 14:38:13.012000,415.1942061751695,98
2024-09-16 14:38:13.054000,415.2040610909813,6
2024-09-16 14:38:13.390000,415.2077156691293,100
2024-09-16 14:38:13.443000,415.1974563171378,997
2024-09-16 14:38:13.689000,415.2079722494345,103
2024-09-16 14:38:13.891000,415.177011425462,12
2024-09-16 14:38:14.039000,415.1947710079118,98
2024-09-16 14:38:14.070000,415.19750832275525,1001
2024-09-16 14:38:14.231000,415.2054123727988,998
2024-09-16 14:38:14.386000,415.21877547798897,104
2024-09-16 14:38:14.391000,415.2001693538375,8
2024-09-16 14:38:14.425000,415.1711007069813,103
2024-09-16 14:38:14.445000,415.21692211110985,9
2024-09-16 14:38:14.447000,415.2057187690745,1004
2024-09-16 14:38:14.463000,415.195925616924,13
2024-09-16 14:38:14.565000,415.2236010234934,1005
2024-09-16 14:38:14.567000,415.1913637225412,998
2024-09-16 14:38:14.638000,415.2112837380408,99
2024-09-16 14:38:14.653000,415.1835647555964,13
2024-09-16 14:38:14.682000,415.1967694107711,15
2024-09-16 14:38:14.694000,415.202175247804,7
2024-09-16 14:38:14.720000,415.22477732597054,101
2024-09-16 14:38:14.765000,415.23206669606486,14
2024-09-16 14:38:14.806000,415.219225725484,101
2024-09-16 14:38:14.908000,415.21666488627307,9
2024-09-16 14:38:14.977000,415.2202990531895,104
2024-09-16 14:38:15.013000,415.25408916070296,1002
2024-09-16 14:38:15.015000,415.2275992426872,995
2024-09-16 14:38:15.026000,415.2334125163457,5
2024-09-16 14:38:15.038000,415.2545669158899,7
2024-09-16 14:38:15.130000,415.2385043595008,1001
2024-09-16 14:38:15.139000,415.24393629444,104
2024-09-16 14:38:15.279000,415.2463186360616,9
2024-09-16 14:38:15.382000,415.2288696125259,995
2024-09-16 14:38:15.425000,415.2395826748924,1003
2024-09-16 14:38:15.459000,415.2361867482724,96
2024-09-16 14:38:15.473000,415.2518091298925,997
2024-09-16 14:38:15.570000,415.2214335572767,1002
2024-09-16 14:38:15.624000,415.2454104701644,101
2024-09-16 14:38:15.652000,415.24003613782094,1004
2024-09-16 14:38:15.684000,415.23079080146607,98
2024-09-16 14:38:15.707000,415.2324467758837,102
2024-09-16 14:38:15.709000,415.2414520912577,100
2024-09-16 14:38:15.732000,415.2300050723159,14
2024-09-16 14:38:15.757000,415.2385195665032,1002
2024-09-16 14:38:15.784000,415.21638382641896,6
2024-09-16 14:38:15.804000,415.2545294092977,996
2024-09-16 14:38:15.813000,415.2540017966974,1005
2024-09-16 14:38:15.834000,415.2261364706368,99
2024-09-16 14:38:15.918000,415.2309060341778,997
2024-09-16 14:38:15.958000,415.251104592808,96
2024-09-16 14:38:15.971000,415.2590644720357,103
2024-09-16 14:38:16.028000,415.158346968549,14
2024-09-16 14:38:16.041000,415.1495130292566,995
2024-09-16 14:38:16.134000,415.2149287336978,14
2024-09-16 14:38:16.159000,415.1639325013002,998
2024-09-16 14:38:16.264000,415.16121447616905,102
2024-09-16 14:38:16.429000,415.19703426799936,104
2024-09-16 14:38:16.525000,415.16425860500607,1000
2024-09-16 14:38:16.615000,415.1900545023903,97
2024-09-16 14:38:16.618000,415.1376165302928,997
2024-09-16 14:38:16.737000,415.1511319666704,997
2024-09-16 14:38:16.832000,415.1431981920499,5
2024-09-16 14:38:17.006000,418.1649168665451,999
2024-09-16 14:38:17.012000,415.0467939169694,100
2024-09-16 14:38:17.030000,415.0840951589395,98
2024-09-16 14:38:17.097000,415.12390806039866,1000
2024-09-16 14:38:17.113000,415.08087983333786,1001
2024-09-16 14:38:17.132000,415.10624739365545,5
2024-09-16 14:38:17.151000,415.10231319107385,1003
2024-09-16 14:38:17.153000,415.065350096672,11
2024-09-16 14:38:17.196000,415.1119700538357,96
2024-09-16 14:38:17.216000,415.0620335855645,1002
2024-09-16 14:38:17.230000,415.0943088705379,1002
2024-09-16 14:38:17.260000,415.0559841182687,105
2024-09-16 14:38:17.308000,415.0877008775488,995
2024-09-16 14:38:17.310000,415.0637611512117,998
2024-09-16 14:38:17.486000,415.08013661904704,998
2024-09-16 14:38:17.529000,415.0984151957898,1001
2024-09-16 14:38:17.594000,415.0602622088654,97
2024-09-16 14:38:17.601000,415.0924741383971,9
2024-09-16 14:38:17.678000,415.12421629038886,996
2024-09-16 14:38:17.688000,415.09373862029287,10
2024-09-16 14:38:17.716000,415.0734560859817,100
2024-09-16 14:38:17.718000,415.1014225719186,15
2024-09-16 14:38:17.719000,415.072876437268,8
2024-09-16 14:38:17.761000,415.0959643462703,102
2024-09-16 14:38:17.770000,415.06190907742246,1005
2024-09-16 14:38:17.797000,415.0608724000559,996
2024-09-16 14:38:17.805000,415.0879511581988,97
2024-09-16 14:38:17.870000,415.082924184848,1000
2024-09-16 14:38:17.873000,415.09865887967936,998
2024-09-16 14:38:17.905000,415.123469627121,1005
2024-09-16 14:38:18.022000,415.1529144571635,103
2024-09-16 14:38:18.041000,415.0637343636347,1004
2024-09-16 14:38:18.062000,415.12980886583296,7
2024-09-16 14:38:18.204000,415.0957200843894,95
2024-09-16 14:38:18.283000,415.147147472937,998
2024-09-16 14:38:18.347000,415.0790012076816,101
2024-09-16 14:38:18.379000,415.0752506744775,100
2024-09-16 14:38:18.442000,415.1221752232922,997
2024-09-16 14:38:18.469000,415.1269666780569,1001
2024-09-16 14:38:18.521000,415.1476526810373,102
2024-09-16 14:38:18.570000,415.12964310221776,1004
2024-09-16 14:38:18.669000,415.1088737347409,14
2024-09-16 14:38:18.737000,415.0546993041936,102
2024-09-16 14:38:18.758000,415.1062612431282,9
2024-09-16 14:38:18.795000,415.0833442313598,105
2024-09-16 14:38:18.984000,415.1403338382036,15
2024-09-16 14:38:18.988000,415.1260448361466,97
2024-09-16 14:38:19.017000,414.9785345511086,14
2024-09-16 14:38:19.031000,415.00701848591626,104
2024-09-16 14:38:19.043000,415.0044592913664,1004
2024-09-16 14:38:19.076000,415.0128989847643,13
2024-09-16 14:38:19.120000,414.98746878827774,102
2024-09-16 14:38:19.134000,415.04657020739626,97
2024-09-16 14:38:19.201000,415.0171018097399,6
2024-09-16 14:38:19.264000,414.99520451185975,995
2024-09-16 14:38:19.319000,415.0052449629637,1000
2024-09-16 14:38:19.360000,414.98128656135566,95
2024-09-16 14:38:19.413000,414.99658096772913,96
2024-09-16 14:38:19.454000,415.0526002958619,96
2024-09-16 14:38:19.483000,415.0421750061013,1003
2024-09-16 14:38:19.498000,414.9710187756669,1004
2024-09-16 14:38:19.508000,414.9881697717719,8
2024-09-16 14:38:19.633000,415.0101125670633,998
2024-09-16 14:38:19.639000,415.03753161379547,15
2024-09-16 14:38:19.662000,414.9678099875152,1000
2024-09-16 14:38:19.746000,415.04297619126703,6
2024-09-16 14:38:19.753000,415.0278717333829,8
2024-09-16 14:38:19.753000,415.0148454719261,96
2024-09-16 14:38:19.783000,415.0035771400002,98
2024-09-16 14:38:19.793000,414.977860990136,5
2024-09-16 14:38:19.909000,414.9892028287547,105
2024-09-16 14:38:19.926000,415.0072618856492,5
2024-09-16 14:38:19.994000,414.9658642307906,8
2024-09-16 14:38:20.028000,415.00915584278977,98
2024-09-16 14:38:20.056000,415.0185728690308,8
2024-09-16 14:38:20.120000,415.0020530998501,13
2024-09-16 14:38:20.138000,415.0278618069384,104
2024-09-16 14:38:20.169000,415.0275627025701,9
2024-09-16 14:38:20.175000,414.9933042295573,105
2024-09-16 14:38:20.225000,415.002741635542,1003
2024-09-16 14:38:20.248000,414.9993165799838,103
2024-09-16 14:38:20.274000,414.986465652008,7
2024-09-16 14:38:20.293000,415.0234540947876,11
2024-09-16 14:38:20.319000,415.0360596655197,11
2024-09-16 14:38:20.402000,415.0092894456832,1001
2024-09-16 14:38:20.476000,415.05395002307154,95
2024-09-16 14:38:20.518000,415.05330270297753,96
2024-09-16 14:38:20.550000,415.01466664798704,101
2024-09-16 14:38:20.572000,415.0190286034513,103
2024-09-16 14:38:20.681000,414.9977070433724,1001
2024-09-16 14:38:20.742000,415.0095391580229,105
2024-09-16 14:38:20.769000,414.99619870327547,104
2024-09-16 14:38:20.826000,414.9946098481004,5
2024-09-16 14:38:20.839000,415.0065965959277,103
2024-09-16 14:38:20.854000,415.055502327787,1002
2024-09-16 14:38:20.893000,415.0195894649906,15
2024-09-16 14:38:20.927000,415.0312495963647,12
2024-09-16 14:38:20.953000,415.0047607318621,1004
2024-09-16 14:38:20.956000,415.0283080866582,8
2024-09-16 14:38:20.958000,415.0537942431135,998
2024-09-16 14:38:20.970000,415.0308832435424,9
2024-09-16 14:38:21.374000,415.0594924995143,95
2024-09-16 14:38:21.375000,415.0546690448138,95
2024-09-16 14:38:21.451000,415.0581394116893,102
2024-09-16 14:38:21.576000,415.053834021369,100
2024-09-16 14:38:22.024000,415.0284964942004,8
2024-09-16 14:38:22.060000,415.0096404740883,1000
2024-09-16 14:38:22.094000,415.0145534268035,1001
2024-09-16 14:38:22.098000,415.0292566715735,100
2024-09-16 14:38:22.132000,415.0151934035196,101
2024-09-16 14:38:22.183000,415.02187108696273,1000
2024-09-16 14:38:22.220000,415.022109215494,103
2024-09-16 14:38:22.345000,415.0219465323269,12
2024-09-16 14:38:22.401000,415.08025413421166,7
2024-09-16 14:38:22.440000,415.0500972064213,105
2024-09-16 14:38:22.448000,415.0145268336914,11
2024-09-16 14:38:22.509000,415.008947644888,8
2024-09-16 14:38:22.675000,415.0525140863468,997
2024-09-16 14:38:22.694000,414.9950786347452,13
2024-09-16 14:38:22.705000,415.0425632119456,11
2024-09-16 14:38:22.712000,414.9866705308198,999
2024-09-16 14:38:22.717000,415.0464596045827,96
2024-09-16 14:38:22.755000,415.05319904530967,5
2024-09-16 14:38:22.904000,415.05678378034,1001
2024-09-16 14:38:22.911000,415.0231254197116,6
2024-09-16 14:38:22.980000,415.07793886213744,12
2024-09-16 14:38:22.999000,415.03251933048,995
2024-09-16 14:38:23.012000,415.03181539415857,96
2024-09-16 14:38:23.150000,415.03618402915725,95
2024-09-16 14:38:23.157000,415.0497771787272,95
2024-09-16 14:38:23.210000,415.01692225562647,10
2024-09-16 14:38:23.284000,415.038100064478,13
2024-09-16 14:38:23.291000,415.03230935249695,104
2024-09-16 14:38:23.294000,415.0595496764881,102
2024-09-16 14:38:23.487000,415.0440008918031,7
2024-09-16 14:38:23.560000,415.0403673399169,99
2024-09-16 14:38:23.560000,415.07680893780304,10
2024-09-16 14:38:23.572000,415.0397383427412,96
2024-09-16 14:38:23.590000,415.0433066980608,9
2024-09-16 14:38:23.640000,415.0294583272608,14
2024-09-16 14:38:23.646000,415.0526313226249,100
2024-09-16 14:38:23.648000,415.0662216395693,995
2024-09-16 14:38:23.675000,415.0252025154961,98
2024-09-16 14:38:23.677000,415.06347556320856,15
2024-09-16 14:38:23.694000,415.0287236009832,95
2024-09-16 14:38:23.806000,415.0625135651413,105
2024-09-16 14:38:23.941000,415.0561461190527,14
2024-09-16 14:38:23.956000,415.049330956918,8
2024-09-16 14:38:24.009000,414.9650467169064,1000
2024-09-16 14:38:24.015000,414.9336564322628,999
2024-09-16 14:38:24.088000,415.0165245399869,10
2024-09-16 14:38:24.159000,415.0361765935658,1002
2024-09-16 14:38:24.184000,414.97420385680135,102
2024-09-16 14:38:24.421000,414.9896544375928,98
2024-09-16 14:38:24.551000,415.0154000371822,104
2024-09-16 14:38:24.582000,415.0039332349751,5
2024-09-16 14:38:24.607000,415.02239634629,8
2024-09-16 14:38:24.699000,414.98256929406233,8
2024-09-16 14:38:24.717000,414.94701624034,13
2024-09-16 14:38:24.739000,414.9777278704653,103
2024-09-16 14:38:24.760000,415.01808875120753,1001
2024-09-16 14:38:24.803000,414.94102874156647,8
2024-09-16 14:38:24.813000,415.0131462632546,105
2024-09-16 14:38:24.817000,415.0010754893565,999
2024-09-16 14:38:24.928000,415.0054477582755,999
2024-09-16 14:38:24.941000,415.0002117893591,100
2024-09-16 14:38:24.954000,414.9411727336763,5
2024-09-16 14:38:24.962000,414.98220637562633,1000
2024-09-16 14:38:25.009000,414.95186130205855,6
2024-09-16 14:38:25.019000,414.9800207307301,1001
2024-09-16 14:38:25.058000,418.1313603641602,999
2024-09-16 14:38:25.083000,414.9115489797449,1001
2024-09-16 14:38:25.172000,414.9319159663233,13
2024-09-16 14:38:25.173000,414.9710933915199,1001
2024-09-16 14:38:25.240000,414.9177864429293,15
2024-09-16 14:38:25.265000,414.9747211303435,5
2024-09-16 14:38:25.287000,414.9661692516972,1003
2024-09-16 14:38:25.331000,414.9769536770153,95
2024-09-16 14:38:25.333000,414.9268467024679,14
2024-09-16 14:38:25.428000,414.9788442747137,996
2024-09-16 14:38:25.437000,414.9475937840076,1002
2024-09-16 14:38:25.449000,414.9478199188983,10
2024-09-16 14:38:25.469000,414.9848215317952,102
2024-09-16 14:38:25.581000,414.9165912069815,9
2024-09-16 14:38:25.599000,414.9511203547077,1003
2024-09-16 14:38:25.604000,414.9680835912256,1004
2024-09-16 14:38:25.663000,414.92182614889,8
2024-09-16 14:38:25.722000,414.9689269902696,100
2024-09-16 14:38:25.813000,414.9551912512404,14
2024-09-16 14:38:25.870000,414.9377657076629,1000
2024-09-16 14:38:25.878000,414.9206427925032,8
2024-09-16 14:38:25.922000,414.9330086599472,10
2024-09-16 14:38:25.971000,414.9763528005951,10
2024-09-16 14:38:25.980000,414.9646020109817,997
2024-09-16 14:38:26.008000,414.99138914338863,13
2024-09-16 14:38:26.076000,415.0107202620678,95
2024-09-16 14:38:26.243000,414.9948793636561,1000
2024-09-16 14:38:26.264000,415.0030010259674,103
2024-09-16 14:38:26.305000,414.9880564853419,103
2024-09-16 14:38:26.377000,414.9744941419797,102
2024-09-16 14:38:26.509000,414.98254285696567,1005
2024-09-16 14:38:26.672000,414.96380485491255,996
2024-09-16 14:38:26.901000,415.0118304152722,103
2024-09-16 14:38:27.059000,414.95447465721423,105
2024-09-16 14:38:27.083000,414.994536184588,5
2024-09-16 14:38:27.153000,415.008192546241,104
2024-09-16 14:38:27.200000,414.9797532714111,10
2024-09-16 14:38:27.266000,414.978171948258,999
2024-09-16 14:38:27.383000,414.9839096597288,11
2024-09-16 14:38:27.465000,414.98850688014943,1002
2024-09-16 14:38:27.578000,414.998385263692,1003
2024-09-16 14:38:27.811000,415.0136414218055,98
2024-09-16 14:38:27.861000,414.9524340388474,999
2024-09-16 14:38:27.879000,414.9554423602964,97
2024-09-16 14:38:28.206000,415.020557948505,103
2024-09-16 14:38:28.571000,415.0180289837169,998
2024-09-16 14:38:28.620000,415.0055900479217,1001
2024-09-16 14:38:28.644000,414.9999005424455,9
2024-09-16 14:38:28.744000,415.02322427873736,999
2024-09-16 14:38:28.752000,418.1399044406263,1001
2024-09-16 14:38:28.911000,415.0141532962976,1003
2024-09-16 14:38:28.969000,415.0153837996623,102
2024-09-16 14:38:29.025000,415.0199382841596,6
2024-09-16 14:38:29.159000,415.0492255879496,95
2024-09-16 14:38:29.234000,415.0310366693476,997
2024-09-16 14:38:29.296000,415.0489792912674,104
2024-09-16 14:38:29.414000,415.01399673146784,97
2024-09-16 14:38:29.448000,415.0450462549432,997
2024-09-16 14:38:29.487000,415.0230366436759,98
2024-09-16 14:38:29.564000,415.0143226716367,104
2024-09-16 14:38:29.591000,415.01873192926496,98
2024-09-16 14:38:29.728000,415.0084115017865,95
2024-09-16 14:38:29.756000,415.0392847921096,1002
2024-09-16 14:38:29.790000,415.028010222425,12
2024-09-16 14:38:29.804000,415.0574028159566,105
2024-09-16 14:38:29.826000,415.0210623091296,100
2024-09-16 14:38:29.898000,415.01727927404784,12
2024-09-16 14:38:29.933000,415.0235216113155,95
2024-09-16 14:38:29.937000,415.0221320337643,8
2024-09-16 14:38:29.997000,415.03045191961206,998
2024-09-16 14:38:30.125000,415.0748769317532,995
2024-09-16 14:38:30.271000,415.08146675926906,96
2024-09-16 14:38:30.297000,415.07801052201046,100
2024-09-16 14:38:30.348000,415.06257152451207,96
2024-09-16 14:38:30.623000,415.07464117075455,7
2024-09-16 14:38:30.663000,415.08152867073136,105
2024-09-16 14:38:30.668000,415.0931076572662,13
2024-09-16 14:38:30.677000,418.2243165261141,101
2024-09-16 14:38:30.731000,415.0911818045541,14
2024-09-16 14:38:30.740000,415.0622189551594,7
2024-09-16 14:38:30.843000,415.054327488751,995
2024-09-16 14:38:30.854000,415.0622345763702,12
2024-09-16 14:38:30.891000,415.0870425896313,997
2024-09-16 14:38:30.895000,415.0947477316062,1002
2024-09-16 14:38:32.210000,415.0928170675113,995
2024-09-16 14:38:32.436000,415.0682080367668,6
2024-09-16 14:38:33.042000,415.0915163168472,104
2024-09-16 14:38:33.060000,415.0672071160147,101
2024-09-16 14:38:33.101000,415.1071027815052,103
2024-09-16 14:38:33.161000,415.11452031050527,995
2024-09-16 14:38:33.212000,415.13001522424486,14
2024-09-16 14:38:33.238000,415.09990175880216,5
2024-09-16 14:38:33.250000,415.0779460781761,996
2024-09-16 14:38:33.255000,415.1198356413199,15
2024-09-16 14:38:33.433000,415.105788347964,7
2024-09-16 14:38:33.455000,415.09000414703456,1001
2024-09-16 14:38:33.468000,415.1363050835721,105
2024-09-16 14:38:33.531000,415.0920733166559,100
2024-09-16 14:38:33.532000,415.1249643374831,9
2024-09-16 14:38:33.584000,415.1207753114274,14
2024-09-16 14:38:33.677000,415.0785746745641,995
2024-09-16 14:38:33.697000,415.1036431278737,96
2024-09-16 14:38:33.717000,415.1316886618763,95
2024-09-16 14:38:33.725000,415.067674154907,995
2024-09-16 14:38:33.768000,415.0988479438036,1002
2024-09-16 14:38:33.831000,415.0792901751363,1003
2024-09-16 14:38:33.873000,415.0916693528927,104
2024-09-16 14:38:33.913000,415.1029702407199,105
2024-09-16 14:38:33.992000,415.1101422496035,6
2024-09-16 14:38:34.005000,415.0875703506773,100
2024-09-16 14:38:34.011000,415.0965180929416,996
2024-09-16 14:38:34.025000,415.0893176210817,997
2024-09-16 14:38:34.057000,415.0867336644745,103
2024-09-16 14:38:34.093000,415.11240852511605,12
2024-09-16 14:38:34.148000,415.092490489459,15
2024-09-16 14:38:34.203000,415.1130439370941,96
2024-09-16 14:38:34.254000,415.1049949765773,103
2024-09-16 14:38:34.387000,415.1041697951606,5
2024-09-16 14:38:34.423000,415.0824518884595,997
2024-09-16 14:38:34.526000,415.1068891747947,99
2024-09-16 14:38:34.628000,415.0928863051248,7
2024-09-16 14:38:34.781000,415.08240249266703,102
2024-09-16 14:38:34.903000,415.09858030326143,104
2024-09-16 14:38:34.982000,415.1085228432826,1005
2024-09-16 14:38:34.990000,415.0903879150555,1000
2024-09-16 14:38:35.027000,415.12941618504976,103
2024-09-16 14:38:35.027000,415.1000523368206,14
2024-09-16 14:38:35.177000,415.1416052531892,15
2024-09-16 14:38:35.220000,415.1267000500597,101
2024-09-16 14:38:35.233000,415.1552873863589,95
2024-09-16 14:38:35.285000,415.1600819984192,11
2024-09-16 14:38:35.290000,415.1111650383097,1001
2024-09-16 14:38:35.315000,415.17180704875176,995
2024-09-16 14:38:35.317000,415.1249276251786,1001
2024-09-16 14:38:35.352000,415.1184775320028,103
2024-09-16 14:38:35.449000,415.1288373007079,100
2024-09-16 14:38:35.581000,415.12256002161473,6
2024-09-16 14:38:35.755000,415.1014457770772,1001
2024-09-16 14:38:35.814000,415.1772335772365,1005
2024-09-16 14:38:35.881000,415.1615846968649,99
2024-09-16 14:38:35.931000,415.1008063209104,11
2024-09-16 14:38:35.931000,415.1751730527849,1001
2024-09-16 14:38:36.005000,415.182975224044,1000
2024-09-16 14:38:36.136000,415.1148279548005,7
2024-09-16 14:38:36.138000,415.1682149420954,102
2024-09-16 14:38:36.152000,415.1257240321591,1003
2024-09-16 14:38:36.164000,415.1253931926827,1002
2024-09-16 14:38:36.177000,415.1691579292216,104
2024-09-16 14:38:36.183000,415.1831055023503,1005
2024-09-16 14:38:36.217000,415.128402911676,999
2024-09-16 14:38:36.288000,415.1375372127639,95
2024-09-16 14:38:36.307000,415.1436211411112,103
2024-09-16 14:38:36.310000,415.1752714440069,996
2024-09-16 14:38:36.362000,415.13352599909007,10
2024-09-16 14:38:36.390000,415.11258689522975,995
2024-09-16 14:38:36.471000,415.1897747687526,101
2024-09-16 14:38:36.477000,415.1680265334493,1000
2024-09-16 14:38:36.487000,415.1238707558824,999
2024-09-16 14:38:36.565000,415.1932907854082,13
2024-09-16 14:38:36.574000,415.1673118248627,7
2024-09-16 14:38:36.633000,415.1060683178069,1003
2024-09-16 14:38:36.641000,415.17431718364776,98
2024-09-16 14:38:36.647000,415.20232195729216,1004
2024-09-16 14:38:36.704000,415.13968173212953,998
2024-09-16 14:38:36.726000,415.13220658375946,999
2024-09-16 14:38:36.735000,415.1476019938902,99
2024-09-16 14:38:36.775000,415.1526542907216,104
2024-09-16 14:38:36.784000,415.21181138641583,1004
2024-09-16 14:38:36.831000,415.2018802657446,99
2024-09-16 14:38:36.832000,415.12435625985023,9
2024-09-16 14:38:36.988000,415.18443810842393,96
2024-09-16 14:38:37.005000,415.16507165174687,13
2024-09-16 14:38:37.041000,415.0858851507555,997
2024-09-16 14:38:37.071000,415.18077393616,101
2024-09-16 14:38:37.108000,415.1004128673313,15
2024-09-16 14:38:37.262000,415.1444171507049,98
2024-09-16 14:38:37.264000,415.0694581396404,14
2024-09-16 14:38:37.275000,415.184820008685,1002
2024-09-16 14:38:37.340000,415.17265020264233,998
2024-09-16 14:38:37.372000,415.1001910332912,999
2024-09-16 14:38:37.378000,415.1040685655081,13
2024-09-16 14:38:37.380000,415.0805562488064,97
2024-09-16 14:38:37.457000,415.13395410446833,95
2024-09-16 14:38:37.462000,415.1776760341118,11
2024-09-16 14:38:37.513000,415.09310714822107,96
2024-09-16 14:38:37.540000,415.0994335434531,12
2024-09-16 14:38:37.609000,415.0922686113132,98
2024-09-16 14:38:37.657000,415.0669111177333,103
2024-09-16 14:38:37.659000,415.1952571577216,1003
2024-09-16 14:38:37.681000,415.1326206386811,996
2024-09-16 14:38:37.693000,415.0725523179472,101
2024-09-16 14:38:37.792000,415.0943758339831,11
2024-09-16 14:38:37.867000,415.13885470957786,13
2024-09-16 14:38:37.868000,415.1105389273629,1005
2024-09-16 14:38:37.886000,415.10233450265184,10
2024-09-16 14:38:37.897000,415.1190548057701,9
2024-09-16 14:38:37.902000,415.1186518958015,997
2024-09-16 14:38:37.945000,415.1616945245577,15
2024-09-16 14:38:37.980000,415.14163057401765,999
2024-09-16 14:38:38.417000,415.1188149921744,6
2024-09-16 14:38:39.136000,415.09981881494167,6
2024-09-16 14:38:39.387000,418.053773645429,1003
2024-09-16 14:38:39.648000,415.1083660575696,11
2024-09-16 14:38:39.870000,415.14670950001175,14
2024-09-16 14:38:39.991000,415.1278790363376,101
2024-09-16 14:38:40.096000,415.1448806333452,13
2024-09-16 14:38:40.107000,415.0355136972376,7
2024-09-16 14:38:40.123000,415.1217224244479,95
2024-09-16 14:38:40.187000,415.13650647776245,11
2024-09-16 14:38:40.188000,415.02258445628337,8
2024-09-16 14:38:40.277000,415.0178024571528,100
2024-09-16 14:38:40.416000,415.15390948857606,13
2024-09-16 14:38:40.427000,415.0187133868747,6
2024-09-16 14:38:40.431000,415.01333778971696,103
2024-09-16 14:38:40.482000,415.01776216221,11
2024-09-16 14:38:40.530000,415.02778995349655,100
2024-09-16 14:38:40.569000,415.1547005586432,995
2024-09-16 14:38:40.582000,415.0529640550498,995
2024-09-16 14:38:40.604000,415.1583081233116,997
2024-09-16 14:38:40.611000,415.17203587625903,999
2024-09-16 14:38:40.621000,415.0927981342393,105
2024-09-16 14:38:40.641000,415.14256091808136,99
2024-09-16 14:38:40.643000,415.0399949834559,1003
2024-09-16 14:38:40.646000,415.0388369499383,100
2024-09-16 14:38:40.703000,415.151198981404,995
2024-09-16 14:38:40.733000,415.0424226932108,998
2024-09-16 14:38:40.749000,415.0588062514918,5
2024-09-16 14:38:40.768000,415.1466712833523,999
2024-09-16 14:38:40.784000,415.0163513027653,12
2024-09-16 14:38:40.839000,415.01072022714993,6
2024-09-16 14:38:40.865000,415.0237682849807,98
2024-09-16 14:38:40.871000,415.0251999202747,1001
2024-09-16 14:38:40.952000,415.02273050637626,100
2024-09-16 14:38:42.043000,415.0466680668211,98
2024-09-16 14:38:42.088000,415.0345705588687,999
2024-09-16 14:38:42.236000,415.0347381630322,98
2024-09-16 14:38:42.456000,415.0192154674234,1003
2024-09-16 14:38:42.521000,415.0463034206844,14
2024-09-16 14:38:42.588000,415.05340358070345,9
2024-09-16 14:38:42.604000,415.01984096743695,98
2024-09-16 14:38:42.752000,415.061203976393,97
2024-09-16 14:38:42.953000,415.0388041469654,101
2024-09-16 14:38:43.013000,415.1441224780357,13
2024-09-16 14:38:43.031000,415.0832821042534,105
2024-09-16 14:38:43.067000,415.0530295716758,997
2024-09-16 14:38:43.112000,415.11361879175433,97
2024-09-16 14:38:43.324000,415.1197829154978,7
2024-09-16 14:38:43.329000,415.0568942717972,12
2024-09-16 14:38:43.481000,415.1409748230551,995
2024-09-16 14:38:43.516000,415.07416716106457,12
2024-09-16 14:38:43.585000,415.0395584695517,11
2024-09-16 14:38:43.618000,415.1076197913993,104
2024-09-16 14:38:43.663000,415.1199218745759,14
2024-09-16 14:38:43.782000,415.1082461408098,999
2024-09-16 14:38:43.819000,415.0891339538092,998
2024-09-16 14:38:43.847000,415.0877996228016,101
2024-09-16 14:38:43.847000,415.04613783888766,7
2024-09-16 14:38:43.936000,415.109102719958,15
2024-09-16 14:38:43.973000,415.1319376399013,105
2024-09-16 14:38:43.995000,415.0638728846882,15
2024-09-16 14:38:44.049000,415.1400142950063,5
2024-09-16 14:38:44.059000,415.10690802673065,15
2024-09-16 14:38:44.107000,415.1211366840686,102
2024-09-16 14:38:44.136000,415.1389114175991,1005
2024-09-16 14:38:44.235000,415.1227178745947,102
2024-09-16 14:38:44.262000,415.12769081247984,100
2024-09-16 14:38:44.313000,415.1089489784969,7
2024-09-16 14:38:44.336000,415.12267129502345,995
2024-09-16 14:38:44.342000,415.1395826979812,6
2024-09-16 14:38:44.345000,415.1072152630185,96
2024-09-16 14:38:44.349000,415.14302055136,14
2024-09-16 14:38:44.368000,415.14481784099934,5
2024-09-16 14:38:44.410000,415.0945700088101,996
2024-09-16 14:38:44.421000,415.1198429120431,13
2024-09-16 14:38:44.430000,415.1391146659548,99
2024-09-16 14:38:44.492000,415.11940504411336,1001
2024-09-16 14:38:44.509000,415.1015089609602,95
2024-09-16 14:38:44.597000,415.1125094058015,1000
2024-09-16 14:38:44.672000,415.0908086173088,98
2024-09-16 14:38:44.715000,415.1061182368765,1000
2024-09-16 14:38:44.725000,415.12933934569617,99
2024-09-16 14:38:44.741000,415.1466906565602,999
2024-09-16 14:38:44.751000,415.1106455098937,98
2024-09-16 14:38:44.766000,415.1170891075035,7
2024-09-16 14:38:44.781000,415.1180129705057,11
2024-09-16 14:38:44.823000,415.1269185811412,102
2024-09-16 14:38:44.871000,415.1433831096784,1004
2024-09-16 14:38:45.063000,415.1628368569092,997
2024-09-16 14:38:45.137000,415.1423152462411,996
2024-09-16 14:38:45.288000,415.15858919387273,1000
2024-09-16 14:38:45.434000,415.1407231419036,995
2024-09-16 14:38:45.542000,415.159090769116,7
2024-09-16 14:38:45.765000,415.15830216261145,97
2024-09-16 14:38:45.875000,415.1732474310176,1003
2024-09-16 14:38:45.943000,415.1517239505707,1005
2024-09-16 14:38:46.126000,415.14171621479227,11
2024-09-16 14:38:46.431000,415.15408209263154,105
2024-09-16 14:38:46.460000,415.1363841502436,995
2024-09-16 14:38:46.854000,415.14680207055545,1000
2024-09-16 14:38:47.010000,415.1328165527082,95
2024-09-16 14:38:47.015000,415.1321528434488,5
2024-09-16 14:38:47.026000,415.09265608856623,1003
2024-09-16 14:38:47.058000,415.1525706804517,1002
2024-09-16 14:38:47.226000,415.1265084518633,11
2024-09-16 14:38:47.277000,415.1124191670884,15
2024-09-16 14:38:47.373000,415.1660720382936,996
2024-09-16 14:38:47.374000,415.09748813381225,6
2024-09-16 14:38:47.414000,415.149101666212,1004
2024-09-16 14:38:47.438000,415.1469862920464,99
2024-09-16 14:38:47.500000,415.10445644104135,1005
2024-09-16 14:38:47.574000,415.0983954783168,98
2024-09-16 14:38:47.639000,415.0994066242233,96
2024-09-16 14:38:47.731000,415.1652027454857,96
2024-09-16 14:38:47.850000,415.1193876243309,999
2024-09-16 14:38:47.882000,415.14588671742814,97
2024-09-16 14:38:48.062000,415.102952714251,99
2024-09-16 14:38:48.070000,415.0642882205575,1005
2024-09-16 14:38:48.130000,415.06047167461656,1005
2024-09-16 14:38:48.170000,415.0703643955038,10
2024-09-16 14:38:48.171000,415.0771862556159,1002
2024-09-16 14:38:48.175000,415.0559429575581,98
2024-09-16 14:38:48.249000,415.0887063202956,997
2024-09-16 14:38:48.252000,415.0621839405728,15
2024-09-16 14:38:48.270000,415.074367290281,7
2024-09-16 14:38:48.308000,415.0583127585792,9
2024-09-16 14:38:48.317000,415.0638225513147,998
2024-09-16 14:38:48.385000,415.06974629926447,1001
2024-09-16 14:38:48.436000,415.0607496315346,104
2024-09-16 14:38:48.489000,415.077073228284,103
2024-09-16 14:38:48.628000,415.0870300213671,10
2024-09-16 14:38:48.656000,415.0805106021218,1003
2024-09-16 14:38:48.690000,415.0640274124673,1000
2024-09-16 14:38:48.771000,415.084168891458,1003
2024-09-16 14:38:48.797000,415.075962637707,8
2024-09-16 14:38:48.918000,415.05486012521226,103
2024-09-16 14:38:49.002000,415.16672737450665,101
2024-09-16 14:38:49.030000,415.176517581876,998
2024-09-16 14:38:49.068000,415.1325523895596,998
2024-09-16 14:38:49.084000,415.1715984658763,12
2024-09-16 14:38:49.100000,415.0583537702068,1001
2024-09-16 14:38:49.133000,415.1316713109504,1005
2024-09-16 14:38:49.198000,415.130270253923,1000
2024-09-16 14:38:49.211000,415.0961665357715,96
2024-09-16 14:38:49.386000,415.13028350317626,995
2024-09-16 14:38:49.400000,415.125880479169,96
2024-09-16 14:38:49.421000,415.1686982211072,105
2024-09-16 14:38:49.500000,415.1563013550452,97
2024-09-16 14:38:49.574000,415.1511342518936,100
2024-09-16 14:38:49.627000,415.1342864323733,103
2024-09-16 14:38:49.737000,415.171247270194,995
2024-09-16 14:38:49.775000,415.1458035469588,13
2024-09-16 14:38:49.792000,415.0772611610647,5
2024-09-16 14:38:49.845000,415.0775231697387,105
2024-09-16 14:38:49.865000,415.09240635580426,10
2024-09-16 14:38:49.891000,415.19094557156944,999
2024-09-16 14:38:49.899000,415.16673819024015,102
2024-09-16 14:38:49.904000,415.1056374281953,6
2024-09-16 14:38:49.920000,415.04827445535767,97
2024-09-16 14:38:49.953000,415.06339469785104,98
2024-09-16 14:38:49.974000,415.1422200725556,1003
2024-09-16 14:38:50.049000,415.2104003561466,8
2024-09-16 14:38:50.215000,415.2030659103909,1001
2024-09-16 14:38:50.251000,415.1982680668417,1001
2024-09-16 14:38:50.288000,415.2301628875316,96
2024-09-16 14:38:50.320000,415.17407323286346,15
2024-09-16 14:38:50.381000,415.22426252500816,10
2024-09-16 14:38:50.388000,415.2228400560427,10
2024-09-16 14:38:50.509000,415.1863521384319,999
2024-09-16 14:38:50.527000,415.218179891813,101
2024-09-16 14:38:50.531000,415.2209568835015,14
2024-09-16 14:38:50.891000,415.19257721173824,997
2024-09-16 14:38:50.931000,415.1860455526862,995
2024-09-16 14:38:50.961000,415.2120639095709,98
2024-09-16 14:38:50.978000,415.19696843869247,14
2024-09-16 14:38:51.045000,415.184240531919,998
2024-09-16 14:38:51.046000,415.2099611439544,998
2024-09-16 14:38:51.103000,415.2214731516058,10
2024-09-16 14:38:51.127000,415.1817356593181,1004
2024-09-16 14:38:51.173000,415.2186471005376,1003
2024-09-16 14:38:51.196000,415.1686595607194,7
2024-09-16 14:38:51.250000,415.1883283081818,5
2024-09-16 14:38:51.258000,415.2033435202957,15
2024-09-16 14:38:51.344000,415.2030190346613,1003
2024-09-16 14:38:51.519000,415.1862926132189,997
2024-09-16 14:38:51.549000,415.1830941290931,13
2024-09-16 14:38:51.584000,415.17275851495066,12
2024-09-16 14:38:51.620000,415.19076248389047,99
2024-09-16 14:38:51.709000,415.17782759623634,1002
2024-09-16 14:38:51.785000,415.2171413684771,102
2024-09-16 14:38:51.818000,415.2273479278226,95
2024-09-16 14:38:51.837000,415.21069526131913,11
2024-09-16 14:38:51.871000,415.1632408301707,1001
2024-09-16 14:38:51.906000,415.18451912548846,11
2024-09-16 14:38:52.082000,415.1911893883344,1002
2024-09-16 14:38:52.094000,415.18450709869495,95
2024-09-16 14:38:52.107000,415.18539456407547,13
2024-09-16 14:38:52.129000,415.1791528930078,10
2024-09-16 14:38:52.565000,415.1833874549532,999
2024-09-16 14:38:52.796000,415.1967039721286,97
2024-09-16 14:38:52.931000,415.1814319399973,995
2024-09-16 14:38:53.045000,415.1738759600924,13
2024-09-16 14:38:53.165000,415.1673926343807,1004
2024-09-16 14:38:53.174000,415.17943882475646,1005
2024-09-16 14:38:53.209000,415.1801309739167,1004
2024-09-16 14:38:53.245000,415.1800307978528,6
2024-09-16 14:38:53.332000,415.1787530681927,102
2024-09-16 14:38:53.482000,415.1706905476153,997
2024-09-16 14:38:53.507000,415.20478546580046,102
2024-09-16 14:38:53.673000,415.1759384939994,11
2024-09-16 14:38:53.740000,415.21017608470834,10
2024-09-16 14:38:53.787000,415.1738883596491,998
2024-09-16 14:38:53.856000,415.2213447146232,7
2024-09-16 14:38:53.864000,415.1816418014973,999
2024-09-16 14:38:53.898000,415.2021889485228,102
2024-09-16 14:38:53.901000,415.16972466245,105
2024-09-16 14:38:53.939000,415.17658315761634,100
2024-09-16 14:38:54.132000,415.2199742545237,98
2024-09-16 14:38:54.149000,415.1974878862422,6
2024-09-16 14:38:54.150000,415.1957150652882,997
2024-09-16 14:38:54.176000,415.2103096293047,5
2024-09-16 14:38:54.184000,415.2214018258116,99
2024-09-16 14:38:54.211000,415.187272190607,1002
2024-09-16 14:38:54.212000,415.1985605496079,1001
2024-09-16 14:38:54.275000,415.1750284116329,1004
2024-09-16 14:38:54.306000,415.2054193094674,13
2024-09-16 14:38:54.308000,415.2009002104119,9
2024-09-16 14:38:54.393000,415.1981125159716,1004
2024-09-16 14:38:54.431000,415.1865809275172,1000
2024-09-16 14:38:54.442000,415.2100436989047,96
2024-09-16 14:38:54.491000,415.2156440651236,101
2024-09-16 14:38:54.505000,415.2133099858915,999
2024-09-16 14:38:54.562000,415.21395107799657,15
2024-09-16 14:38:54.640000,415.2149924938809,105
2024-09-16 14:38:54.737000,415.1981192906376,14
2024-09-16 14:38:54.791000,415.1959794092315,95
2024-09-16 14:38:54.813000,415.1841532993071,12
2024-09-16 14:38:54.815000,415.2163165665964,1002
2024-09-16 14:38:54.822000,415.1999384832691,999
2024-09-16 14:38:54.848000,415.17922522135655,1002
2024-09-16 14:38:54.853000,415.1954418257461,9
2024-09-16 14:38:54.878000,415.2184058224713,1004
2024-09-16 14:38:54.912000,415.1916307010292,15
2024-09-16 14:38:54.937000,415.2105740301498,96
2024-09-16 14:38:54.966000,415.188407634432,1003
2024-09-16 14:38:54.977000,415.1882657712157,105
2024-09-16 14:38:55.041000,415.1938749761554,1003
2024-09-16 14:38:55.050000,415.1919776839933,9
2024-09-16 14:38:55.171000,415.1452840538121,1003
2024-09-16 14:38:55.206000,415.2048811431713,1001
2024-09-16 14:38:55.346000,415.1461088564556,1000
2024-09-16 14:38:55.382000,415.1801611161213,9
2024-09-16 14:38:55.606000,415.1550269943919,12
2024-09-16 14:38:55.622000,415.18635812288704,12
2024-09-16 14:38:55.663000,415.1874601925912,101
2024-09-16 14:38:55.673000,415.18451536357065,998
2024-09-16 14:38:55.680000,415.1768460740989,999
2024-09-16 14:38:56.055000,415.2136962700507,7
2024-09-16 14:38:56.077000,415.2224944183158,103
2024-09-16 14:38:56.091000,415.2151848703687,1003
2024-09-16 14:38:56.149000,415.18038498456735,13
2024-09-16 14:38:56.183000,415.2188720326176,11
2024-09-16 14:38:56.266000,415.2195135416473,995
2024-09-16 14:38:56.363000,415.17991883518016,97
2024-09-16 14:38:56.505000,415.2101188287291,995
2024-09-16 14:38:56.533000,415.204894195259,1003
2024-09-16 14:38:56.653000,415.2268935766951,97
2024-09-16 14:38:56.676000,415.2110436858296,996
2024-09-16 14:38:56.760000,415.22996812836135,102
2024-09-16 14:38:56.791000,415.1935904828648,98
2024-09-16 14:38:56.819000,415.20075964466537,8
2024-09-16 14:38:56.840000,415.1763174031266,102
2024-09-16 14:38:56.886000,415.2101521744651,103
2024-09-16 14:38:56.912000,415.2243154931412,1004
2024-09-16 14:38:56.928000,415.1847984159433,14
2024-09-16 14:38:56.958000,415.200865510078,999
2024-09-16 14:38:56.970000,415.17332942037575,15
2024-09-16 14:38:57.013000,415.0437319734414,1001
2024-09-16 14:38:57.045000,415.1481047919982,11
2024-09-16 14:38:57.049000,415.11678827489305,104
2024-09-16 14:38:57.070000,415.0978141548328,8
2024-09-16 14:38:57.073000,415.035364242812,102
2024-09-16 14:38:57.079000,415.128345750717,96
2024-09-16 14:38:57.103000,415.0321822723242,105
2024-09-16 14:38:57.113000,415.0192254415524,12
2024-09-16 14:38:57.127000,415.046717554331,1000
2024-09-16 14:38:57.163000,415.0805992114277,12
2024-09-16 14:38:57.188000,415.1001871338199,7
2024-09-16 14:38:57.202000,415.1414186233091,105
2024-09-16 14:38:57.221000,415.0870614730386,97
2024-09-16 14:38:57.231000,415.1302770411484,6
2024-09-16 14:38:57.307000,415.07269024386767,7
2024-09-16 14:38:57.317000,415.15657531296296,1001
2024-09-16 14:38:57.319000,415.1721820918759,999
2024-09-16 14:38:57.375000,415.0828207438664,1002
2024-09-16 14:38:57.376000,415.07213117563856,8
2024-09-16 14:38:57.405000,415.113667379637,10
2024-09-16 14:38:57.409000,415.122279849284,11
2024-09-16 14:38:57.565000,415.0610609702587,15
2024-09-16 14:38:57.570000,415.14563152542354,1000
2024-09-16 14:38:57.676000,415.0281078580557,999
2024-09-16 14:38:57.690000,415.0608971920904,998
2024-09-16 14:38:57.757000,415.1273878752537,1001
2024-09-16 14:38:57.783000,415.0762299112503,5
2024-09-16 14:38:57.821000,415.04602998706105,1002
2024-09-16 14:38:57.915000,415.1181560385977,98
2024-09-16 14:38:58.097000,415.1064480496781,11
2024-09-16 14:38:58.223000,415.0742837759247,5
2024-09-16 14:38:58.270000,415.05287149585104,103
2024-09-16 14:38:58.315000,415.0144772894456,105
2024-09-16 14:38:58.359000,415.0582282885805,15
2024-09-16 14:38:58.392000,415.0980135259324,11
2024-09-16 14:38:58.394000,415.1165705134907,99
2024-09-16 14:38:58.466000,415.0866074012277,99
2024-09-16 14:38:58.477000,415.09609359568566,9
2024-09-16 14:38:58.482000,418.1558695536086,100
2024-09-16 14:38:58.485000,415.1061128522408,99
2024-09-16 14:38:58.495000,415.0888084599623,98
2024-09-16 14:38:58.546000,415.0793189284975,13
2024-09-16 14:38:58.553000,415.0582138635421,1003
2024-09-16 14:38:58.564000,415.0473776087072,97
2024-09-16 14:38:58.652000,415.0355927062676,13
2024-09-16 14:38:58.658000,415.0045715933359,10
2024-09-16 14:38:58.660000,415.02383582783455,102
2024-09-16 14:38:58.666000,415.094573099969,1005
2024-09-16 14:38:58.668000,415.0272126748965,5
2024-09-16 14:38:58.669000,415.0974513704202,1000
2024-09-16 14:38:58.711000,415.0957345159568,99
2024-09-16 14:38:58.755000,415.0666587533637,15
2024-09-16 14:38:58.802000,415.0051331021282,997
2024-09-16 14:38:58.809000,415.103731709008,1005
2024-09-16 14:38:58.860000,418.1590645113088,96
2024-09-16 14:38:58.871000,415.0685643418344,104
2024-09-16 14:38:58.881000,415.0328263865913,96
2024-09-16 14:38:58.916000,415.1090546907884,13
2024-09-16 14:38:58.959000,415.015219880224,13
2024-09-16 14:38:58.980000,415.0999007430976,1001
2024-09-16 14:38:59.003000,415.0083736132894,11
2024-09-16 14:38:59.010000,414.99868097755154,6
2024-09-16 14:38:59.034000,414.9995457773771,6
2024-09-16 14:38:59.110000,414.9990714365909,5
2024-09-16 14:38:59.115000,415.03306601712507,105
2024-09-16 14:38:59.182000,415.0056269814901,5
2024-09-16 14:38:59.188000,415.0064284413968,1002
2024-09-16 14:38:59.202000,415.00723270316576,1005
2024-09-16 14:38:59.206000,415.0340726511374,103
2024-09-16 14:38:59.332000,415.0328194499676,15
2024-09-16 14:38:59.360000,415.06077461196094,95
2024-09-16 14:38:59.408000,415.0057312859383,11
2024-09-16 14:38:59.411000,415.0465248234635,6
2024-09-16 14:38:59.495000,415.0503741223928,8
2024-09-16 14:38:59.506000,414.9817626157783,104
2024-09-16 14:38:59.553000,415.0407265796476,15
2024-09-16 14:38:59.568000,415.04823842603054,5
2024-09-16 14:38:59.585000,414.99226805561904,1003
2024-09-16 14:38:59.660000,415.01380066918233,96
2024-09-16 14:38:59.692000,415.0074925852325,997
2024-09-16 14:38:59.712000,415.010523800094,1004
2024-09-16 14:38:59.746000,415.0067301115923,1000
2024-09-16 14:38:59.840000,414.9972906496541,999
2024-09-16 14:38:59.954000,415.00314049128696,102
2024-09-16 14:38:59.998000,415.0142553418709,15
