Timestamp,Price,Size
2024-09-20 11:16:00.132000,425.6964806436573,101
2024-09-20 11:16:00.346000,425.6872349781965,13
2024-09-20 11:16:00.551000,425.7029986883191,11
2024-09-20 11:16:00.688000,425.6878860449495,98
2024-09-20 11:16:01.185000,425.6721342133124,101
2024-09-20 11:16:01.537000,425.6805970112087,1000
2024-09-20 11:16:01.593000,425.6875872402545,11
2024-09-20 11:16:01.755000,425.6733700450709,14
2024-09-20 11:16:01.857000,425.71262635082513,996
2024-09-20 11:16:02.088000,425.7225301242325,104
2024-09-20 11:16:02.116000,425.6924626599608,15
2024-09-20 11:16:02.143000,425.708067385748,95
2024-09-20 11:16:02.248000,425.7178019874851,1000
2024-09-20 11:16:02.249000,425.7259975433148,105
2024-09-20 11:16:02.259000,425.712175419109,1004
2024-09-20 11:16:02.312000,425.71906299145553,995
2024-09-20 11:16:02.378000,425.71443339524257,1001
2024-09-20 11:16:02.406000,425.72288666837534,6
2024-09-20 11:16:02.407000,425.70049479735735,1005
2024-09-20 11:16:02.608000,425.7137261101075,6
2024-09-20 11:16:02.834000,425.708658847522,97
2024-09-20 11:16:02.985000,425.71054931520575,5
2024-09-20 11:16:03.051000,425.6954270507701,105
2024-09-20 11:16:03.089000,425.7031747994652,1001
2024-09-20 11:16:03.109000,425.7182135355648,14
2024-09-20 11:16:03.148000,425.6657365634603,12
2024-09-20 11:16:03.211000,425.700929621589,1003
2024-09-20 11:16:03.309000,425.6781599404378,7
2024-09-20 11:16:03.379000,425.714700960104,95
2024-09-20 11:16:03.434000,425.68289515150366,6
2024-09-20 11:16:03.454000,425.6794353443369,9
2024-09-20 11:16:03.628000,425.6828257921155,103
2024-09-20 11:16:03.715000,425.68864642558816,104
2024-09-20 11:16:03.808000,425.6683560689441,96
2024-09-20 11:16:03.833000,425.692142679803,15
2024-09-20 11:16:04,425.66186181510426,1002
2024-09-20 11:16:04.001000,425.6939583218211,1002
2024-09-20 11:16:04.063000,425.6802355349644,99
2024-09-20 11:16:04.207000,425.6980272441863,5
2024-09-20 11:16:04.248000,425.6742646978864,101
2024-09-20 11:16:04.326000,425.6546365282008,12
2024-09-20 11:16:04.397000,425.6665370317069,1004
2024-09-20 11:16:04.471000,425.688190535177,13
2024-09-20 11:16:04.477000,425.6824283040791,7
2024-09-20 11:16:04.498000,425.6988488547429,102
2024-09-20 11:16:04.560000,425.68905390760057,1002
2024-09-20 11:16:04.619000,425.6498753623145,1002
2024-09-20 11:16:04.629000,425.6686447691748,102
2024-09-20 11:16:04.715000,425.68889600493407,5
2024-09-20 11:16:04.756000,425.6824654772556,102
2024-09-20 11:16:04.767000,425.6557253179312,1001
2024-09-20 11:16:04.777000,425.68048008185593,7
2024-09-20 11:16:04.973000,425.6701787892648,1002
2024-09-20 11:16:05.110000,425.6668125740958,996
2024-09-20 11:16:05.145000,425.65735213172303,1005
2024-09-20 11:16:05.172000,425.656741080728,995
2024-09-20 11:16:05.252000,425.6713109099021,100
2024-09-20 11:16:05.298000,425.6707460493049,5
2024-09-20 11:16:05.311000,425.6610063329824,1005
2024-09-20 11:16:05.333000,425.7011180328747,97
2024-09-20 11:16:05.350000,425.6863844921127,7
2024-09-20 11:16:05.379000,425.6529604522727,103
2024-09-20 11:16:05.476000,425.6997498832397,14
2024-09-20 11:16:05.615000,425.6810076698384,15
2024-09-20 11:16:05.639000,425.6557229821098,7
2024-09-20 11:16:05.669000,425.7011340154131,998
2024-09-20 11:16:05.698000,425.6553728829535,996
2024-09-20 11:16:05.780000,425.6928965372791,5
2024-09-20 11:16:05.806000,425.6619224944875,10
2024-09-20 11:16:05.853000,425.6915436386212,1004
2024-09-20 11:16:05.895000,425.6704213513812,7
2024-09-20 11:16:06.013000,425.7208802406814,1000
2024-09-20 11:16:06.148000,425.7104742056016,1002
2024-09-20 11:16:06.715000,425.6884101617962,11
2024-09-20 11:16:06.798000,425.7116143345434,998
2024-09-20 11:16:06.935000,425.669812139503,102
2024-09-20 11:16:06.993000,425.70784927891856,1005
2024-09-20 11:16:07.009000,425.6684091537493,99
2024-09-20 11:16:07.055000,425.6652575188583,1001
2024-09-20 11:16:07.062000,425.6674983055913,995
2024-09-20 11:16:07.074000,425.6595999811792,5
2024-09-20 11:16:07.124000,425.6816195660051,8
2024-09-20 11:16:07.198000,425.6609968553073,102
2024-09-20 11:16:07.210000,425.6296487783543,12
2024-09-20 11:16:07.320000,425.6650124054253,6
2024-09-20 11:16:07.339000,425.6797002979817,102
2024-09-20 11:16:07.388000,425.6888676755547,996
2024-09-20 11:16:07.439000,425.6268774650679,1005
2024-09-20 11:16:07.574000,425.6639512080107,1002
2024-09-20 11:16:07.630000,425.6564570808261,97
2024-09-20 11:16:07.645000,425.65015871575497,105
2024-09-20 11:16:07.689000,425.6372305802551,9
2024-09-20 11:16:07.856000,425.6264237067519,97
2024-09-20 11:16:07.911000,425.6834295472325,996
2024-09-20 11:16:07.926000,425.68063004296414,104
2024-09-20 11:16:07.943000,425.6538748143688,998
2024-09-20 11:16:07.981000,425.67739421842543,6
2024-09-20 11:16:07.985000,425.6549850973781,1001
2024-09-20 11:16:08.100000,425.6699890229978,995
2024-09-20 11:16:08.121000,425.6714964774195,1003
2024-09-20 11:16:08.133000,425.6597466251306,1005
2024-09-20 11:16:08.148000,425.66311319769216,105
2024-09-20 11:16:08.265000,425.7210328127619,8
2024-09-20 11:16:08.323000,425.7228753427023,9
2024-09-20 11:16:08.327000,425.73753495543787,10
2024-09-20 11:16:08.384000,425.6496940720679,1003
2024-09-20 11:16:08.490000,425.736425526642,99
2024-09-20 11:16:08.600000,425.7002415536456,102
2024-09-20 11:16:08.614000,425.6792764328565,8
2024-09-20 11:16:08.615000,425.6573195968623,96
2024-09-20 11:16:08.848000,425.66349303688025,95
2024-09-20 11:16:08.913000,425.7187103911974,95
2024-09-20 11:16:08.944000,425.742659080553,1000
2024-09-20 11:16:08.953000,425.6941987477571,1000
2024-09-20 11:16:08.965000,425.7168852168457,96
2024-09-20 11:16:09.018000,425.88745134773546,8
2024-09-20 11:16:09.098000,425.8750230885345,11
2024-09-20 11:16:09.112000,425.8090816830037,995
2024-09-20 11:16:09.172000,425.8795888163718,103
2024-09-20 11:16:09.182000,425.84279282065927,5
2024-09-20 11:16:09.190000,425.8021320560711,999
2024-09-20 11:16:09.204000,425.83452965217447,99
2024-09-20 11:16:09.242000,425.83025133764943,1002
2024-09-20 11:16:09.286000,425.885596080264,95
2024-09-20 11:16:09.306000,425.78436144741374,10
2024-09-20 11:16:09.341000,425.803505976621,105
2024-09-20 11:16:09.415000,425.8424453939349,13
2024-09-20 11:16:09.435000,425.89518147192354,11
2024-09-20 11:16:09.572000,425.87260391981926,96
2024-09-20 11:16:09.587000,425.8750548079732,7
2024-09-20 11:16:09.610000,425.87106906646335,100
2024-09-20 11:16:09.641000,425.7544790283032,12
2024-09-20 11:16:09.738000,425.75274361712354,96
2024-09-20 11:16:09.746000,425.8765719204475,100
2024-09-20 11:16:09.815000,425.8651131666578,1001
2024-09-20 11:16:09.820000,425.8412496429326,12
2024-09-20 11:16:09.887000,425.74114090410905,1003
2024-09-20 11:16:09.985000,425.840933186534,101
2024-09-20 11:16:09.997000,425.8272686984534,100
2024-09-20 11:16:10.008000,425.9087752693619,8
2024-09-20 11:16:10.045000,425.8897075993303,1003
2024-09-20 11:16:10.058000,425.8853973765824,96
2024-09-20 11:16:10.088000,425.8667824665113,5
2024-09-20 11:16:10.095000,425.9118559760856,95
2024-09-20 11:16:10.098000,425.9200784389463,12
2024-09-20 11:16:10.186000,425.9287188730425,11
2024-09-20 11:16:10.192000,425.9031553497668,1004
2024-09-20 11:16:10.219000,425.92018223742537,997
2024-09-20 11:16:10.221000,425.9046423794437,1005
2024-09-20 11:16:10.267000,425.8777296876671,15
2024-09-20 11:16:10.292000,425.9298753251459,104
2024-09-20 11:16:10.308000,425.92107654224907,102
2024-09-20 11:16:10.310000,425.92836529312,101
2024-09-20 11:16:10.323000,425.91282932868666,5
2024-09-20 11:16:10.333000,425.8989314125118,99
2024-09-20 11:16:10.381000,425.8944365384671,1000
2024-09-20 11:16:10.434000,425.87076521309547,100
2024-09-20 11:16:10.515000,425.8746932993772,996
2024-09-20 11:16:10.541000,425.9345710864788,96
2024-09-20 11:16:10.543000,425.932878478036,5
2024-09-20 11:16:10.595000,425.9344593551097,101
2024-09-20 11:16:10.615000,425.8957805869328,997
2024-09-20 11:16:10.689000,425.8892653359361,1001
2024-09-20 11:16:10.730000,425.9313809734185,9
2024-09-20 11:16:10.825000,425.90859321693046,13
2024-09-20 11:16:10.910000,425.9080279374698,104
2024-09-20 11:16:10.942000,425.87053421419,998
2024-09-20 11:16:11.009000,425.8896953144396,100
2024-09-20 11:16:11.080000,425.9040008715013,995
2024-09-20 11:16:11.083000,425.8959367318001,5
2024-09-20 11:16:11.277000,425.8886424800394,998
2024-09-20 11:16:11.339000,425.9199557631139,1002
2024-09-20 11:16:11.385000,425.9047776771496,13
2024-09-20 11:16:11.693000,425.8978149306416,15
2024-09-20 11:16:11.722000,425.9221798608985,7
2024-09-20 11:16:11.938000,425.9148573560967,1000
2024-09-20 11:16:11.990000,425.927935449229,96
2024-09-20 11:16:11.997000,425.9059932696142,1003
2024-09-20 11:16:12.056000,425.8906832500036,999
2024-09-20 11:16:12.059000,425.8875064312706,997
2024-09-20 11:16:12.285000,425.91609801989966,1001
2024-09-20 11:16:12.609000,425.8807438891381,14
2024-09-20 11:16:12.628000,425.888869983515,98
2024-09-20 11:16:12.698000,425.8851593222765,1005
2024-09-20 11:16:12.906000,425.8985437354344,5
2024-09-20 11:16:13.013000,425.8954571687475,5
2024-09-20 11:16:13.068000,425.9145671343304,1003
2024-09-20 11:16:13.074000,425.9002173426198,996
2024-09-20 11:16:13.087000,425.8923287054209,997
2024-09-20 11:16:13.097000,425.9444642556621,1004
2024-09-20 11:16:13.292000,425.8837190145061,104
2024-09-20 11:16:13.307000,425.90769064300497,96
2024-09-20 11:16:13.353000,425.92308443837175,995
2024-09-20 11:16:13.363000,425.9227141140718,97
2024-09-20 11:16:13.379000,425.9001179866889,97
2024-09-20 11:16:13.379000,425.9042227818404,9
2024-09-20 11:16:13.451000,425.9299131346798,6
2024-09-20 11:16:13.475000,425.8972202244935,95
2024-09-20 11:16:13.523000,425.90219049544936,6
2024-09-20 11:16:13.525000,425.9099167032626,10
2024-09-20 11:16:13.531000,425.8848112044087,7
2024-09-20 11:16:13.572000,425.9190386058998,1002
2024-09-20 11:16:13.648000,425.888524508772,98
2024-09-20 11:16:13.665000,425.8957180560054,99
2024-09-20 11:16:13.682000,425.8841179715653,102
2024-09-20 11:16:13.693000,425.92172550145847,7
2024-09-20 11:16:13.820000,425.9110437804437,996
2024-09-20 11:16:13.864000,425.91160041384535,1002
2024-09-20 11:16:13.895000,425.9017738147361,13
2024-09-20 11:16:13.902000,425.91314361410286,101
2024-09-20 11:16:13.916000,425.9367724644232,98
2024-09-20 11:16:14.012000,425.8728343409036,8
2024-09-20 11:16:14.056000,425.8733741537978,1001
2024-09-20 11:16:14.240000,425.7976038292352,99
2024-09-20 11:16:14.281000,425.886829483519,5
2024-09-20 11:16:14.289000,425.88091342963867,97
2024-09-20 11:16:14.291000,425.89190884927183,105
2024-09-20 11:16:14.318000,425.8045036514642,1005
2024-09-20 11:16:14.404000,425.795918455065,7
2024-09-20 11:16:14.429000,425.8108446116989,995
2024-09-20 11:16:14.474000,425.809315389692,997
2024-09-20 11:16:14.521000,425.796788392595,1001
2024-09-20 11:16:14.523000,425.8159537839868,7
2024-09-20 11:16:14.584000,425.8123035133555,10
2024-09-20 11:16:14.593000,425.873390813417,997
2024-09-20 11:16:14.600000,425.88677463452245,6
2024-09-20 11:16:14.651000,425.865235086562,103
2024-09-20 11:16:14.676000,425.8841911140138,104
2024-09-20 11:16:14.698000,425.9110113065156,15
2024-09-20 11:16:14.711000,425.8230154752485,11
2024-09-20 11:16:14.892000,425.8022544338022,100
2024-09-20 11:16:15.105000,425.7561602173415,11
2024-09-20 11:16:15.132000,425.7519311955458,1002
2024-09-20 11:16:15.144000,425.7649910243078,97
2024-09-20 11:16:15.188000,425.7392505020894,98
2024-09-20 11:16:15.224000,425.7405255672487,1005
2024-09-20 11:16:15.294000,425.7297197605317,11
2024-09-20 11:16:15.345000,425.7443316675744,1001
2024-09-20 11:16:15.363000,425.7883771550522,1000
2024-09-20 11:16:15.380000,425.7468364738747,96
2024-09-20 11:16:15.391000,425.7676084625705,14
2024-09-20 11:16:15.465000,425.7573820006504,98
2024-09-20 11:16:15.561000,425.7806896433363,998
2024-09-20 11:16:15.571000,425.792453761092,102
2024-09-20 11:16:15.590000,425.73193473996986,15
2024-09-20 11:16:15.594000,425.7672091337491,8
2024-09-20 11:16:15.692000,425.7517785486161,102
2024-09-20 11:16:15.703000,425.7481112928261,95
2024-09-20 11:16:15.902000,425.73777448175167,1004
2024-09-20 11:16:15.905000,425.78650767639846,13
2024-09-20 11:16:15.925000,425.7937546350939,997
2024-09-20 11:16:15.930000,425.7650533912565,11
2024-09-20 11:16:16.886000,425.75073966428937,996
2024-09-20 11:16:16.983000,425.7602402201549,998
2024-09-20 11:16:17.049000,425.7621618395183,14
2024-09-20 11:16:17.213000,425.77734086224416,99
2024-09-20 11:16:17.270000,425.7746747025611,100
2024-09-20 11:16:17.355000,425.7595170637425,101
2024-09-20 11:16:17.362000,425.7641736523733,1005
2024-09-20 11:16:17.462000,425.79038998045206,100
2024-09-20 11:16:17.623000,425.79391908517385,1002
2024-09-20 11:16:17.636000,425.7680915816367,1001
2024-09-20 11:16:17.678000,425.75016385121233,8
2024-09-20 11:16:17.697000,425.79489868616304,103
2024-09-20 11:16:17.706000,425.7781261356472,5
2024-09-20 11:16:17.821000,425.7662727668544,97
2024-09-20 11:16:17.936000,425.75548815188665,7
2024-09-20 11:16:17.956000,425.7573550668183,995
2024-09-20 11:16:18.110000,425.7634421486945,97
2024-09-20 11:16:18.116000,425.7890519349371,12
2024-09-20 11:16:18.174000,425.7441232052318,15
2024-09-20 11:16:18.210000,425.7744010106962,998
2024-09-20 11:16:18.486000,425.7886290564554,102
2024-09-20 11:16:18.565000,425.79722084390806,1002
2024-09-20 11:16:18.895000,425.7812205108144,103
2024-09-20 11:16:18.904000,425.787116325852,96
2024-09-20 11:16:18.946000,425.7717274636421,15
2024-09-20 11:16:19.037000,425.7823961412426,104
2024-09-20 11:16:19.111000,425.7572907637247,102
2024-09-20 11:16:19.121000,425.7703271954777,11
2024-09-20 11:16:19.228000,425.7313433349249,97
2024-09-20 11:16:19.261000,425.764701009152,1000
2024-09-20 11:16:19.316000,425.7457727196653,15
2024-09-20 11:16:19.363000,425.7439646352826,105
2024-09-20 11:16:19.364000,425.7780488647046,102
2024-09-20 11:16:19.418000,425.7335412787661,102
2024-09-20 11:16:19.426000,425.7566095632127,998
2024-09-20 11:16:19.518000,425.7503873345108,9
2024-09-20 11:16:19.556000,425.76195663272426,7
2024-09-20 11:16:19.690000,425.7732949000675,10
2024-09-20 11:16:19.729000,425.7781748989366,101
2024-09-20 11:16:19.744000,425.75679541137566,98
2024-09-20 11:16:19.775000,425.755929152961,1004
2024-09-20 11:16:19.809000,425.77265137254034,9
2024-09-20 11:16:19.837000,425.7279539398646,95
2024-09-20 11:16:19.896000,425.7109823148234,7
2024-09-20 11:16:19.948000,425.7457588387424,95
2024-09-20 11:16:20.033000,425.73331187040895,1003
2024-09-20 11:16:20.061000,425.7526761507139,1003
2024-09-20 11:16:20.075000,425.7240758877407,101
2024-09-20 11:16:20.081000,425.7252358616588,101
2024-09-20 11:16:20.086000,425.744640586858,10
2024-09-20 11:16:20.099000,425.7484526942896,103
2024-09-20 11:16:20.178000,425.73179668462006,7
2024-09-20 11:16:20.234000,425.766178602425,995
2024-09-20 11:16:20.234000,425.728646555101,96
2024-09-20 11:16:20.251000,425.7598599143495,101
2024-09-20 11:16:20.327000,425.749879220235,95
2024-09-20 11:16:20.390000,425.7493303605895,15
2024-09-20 11:16:20.449000,425.7280418166448,14
2024-09-20 11:16:20.449000,425.7390896409679,101
2024-09-20 11:16:20.458000,425.7675318411338,13
2024-09-20 11:16:20.459000,425.7350817017892,98
2024-09-20 11:16:20.529000,425.7257498389234,11
2024-09-20 11:16:20.562000,425.7562655225789,101
2024-09-20 11:16:20.665000,425.74004603767935,995
2024-09-20 11:16:20.722000,425.7451001944277,11
2024-09-20 11:16:20.752000,425.7536276630866,98
2024-09-20 11:16:20.798000,425.7468239796613,5
2024-09-20 11:16:20.807000,425.7424149837056,13
2024-09-20 11:16:20.873000,425.7380752416167,5
2024-09-20 11:16:20.877000,425.7664412855232,96
2024-09-20 11:16:20.905000,425.7213822606511,13
2024-09-20 11:16:20.981000,425.7551085764957,102
2024-09-20 11:16:21.087000,425.8057635862921,7
2024-09-20 11:16:21.182000,425.8544485633645,15
2024-09-20 11:16:21.277000,425.7595125850925,8
2024-09-20 11:16:21.291000,425.84924792426807,10
2024-09-20 11:16:21.297000,425.7791125614072,5
2024-09-20 11:16:21.302000,425.77895759526535,11
2024-09-20 11:16:21.322000,425.7859427187757,101
2024-09-20 11:16:21.351000,425.780859197709,1004
2024-09-20 11:16:21.547000,425.846799767834,103
2024-09-20 11:16:21.642000,425.7792225410034,105
2024-09-20 11:16:21.694000,425.8116687233983,10
2024-09-20 11:16:21.713000,425.8322223883982,102
2024-09-20 11:16:21.716000,425.8160964985306,12
2024-09-20 11:16:21.740000,425.839867841685,102
2024-09-20 11:16:21.771000,425.7561667737016,13
2024-09-20 11:16:21.803000,425.84920662528015,1000
2024-09-20 11:16:21.872000,425.78372487275067,9
2024-09-20 11:16:21.951000,425.7946012362132,95
2024-09-20 11:16:22.015000,425.77097515419416,96
2024-09-20 11:16:22.033000,425.7741374257711,95
2024-09-20 11:16:22.069000,425.7798406907605,1005
2024-09-20 11:16:22.502000,425.8148510751379,14
2024-09-20 11:16:22.579000,425.7992606327015,99
2024-09-20 11:16:22.641000,425.7759996099372,1003
2024-09-20 11:16:22.677000,425.8183031881193,999
2024-09-20 11:16:22.736000,425.7754742141166,104
2024-09-20 11:16:22.760000,425.7958104112547,97
2024-09-20 11:16:22.850000,425.7563659874243,15
2024-09-20 11:16:22.987000,425.77369488451785,1002
2024-09-20 11:16:23.140000,425.77711636911096,15
2024-09-20 11:16:23.931000,425.7849419290939,11
2024-09-20 11:16:24.028000,425.80254875965727,5
2024-09-20 11:16:24.043000,425.7293827552311,1005
2024-09-20 11:16:24.066000,425.78637273068586,100
2024-09-20 11:16:24.080000,425.7774937268431,10
2024-09-20 11:16:24.126000,425.77219380498985,8
2024-09-20 11:16:24.180000,425.7813286532221,12
2024-09-20 11:16:24.273000,425.7660720113473,1000
2024-09-20 11:16:24.287000,425.788014445654,97
2024-09-20 11:16:24.370000,425.7552131953778,10
2024-09-20 11:16:24.377000,425.7728054183947,101
2024-09-20 11:16:24.409000,425.7872832906839,999
2024-09-20 11:16:24.448000,425.7865958766906,998
2024-09-20 11:16:24.480000,425.7765726080226,102
2024-09-20 11:16:24.496000,425.7454850802922,1001
2024-09-20 11:16:24.502000,425.78515364885016,97
2024-09-20 11:16:24.560000,425.77241202875854,11
2024-09-20 11:16:24.560000,425.7677546192888,8
2024-09-20 11:16:24.617000,425.7604991407263,6
2024-09-20 11:16:24.659000,425.7664634033286,1001
2024-09-20 11:16:24.778000,425.7664738795912,9
2024-09-20 11:16:24.780000,425.7707864599024,7
2024-09-20 11:16:24.840000,425.7786922753782,95
2024-09-20 11:16:24.884000,425.7981229144767,104
2024-09-20 11:16:24.889000,425.7930641726762,6
2024-09-20 11:16:24.937000,425.7859375850112,1005
2024-09-20 11:16:24.939000,425.7536597253104,8
2024-09-20 11:16:24.942000,425.8055699445776,101
2024-09-20 11:16:25.038000,425.7668297797258,100
2024-09-20 11:16:25.088000,425.7706194260024,6
2024-09-20 11:16:25.113000,425.7493924000499,9
2024-09-20 11:16:25.445000,425.7259288348182,100
2024-09-20 11:16:25.636000,425.75218078951775,104
2024-09-20 11:16:25.798000,425.77959477469193,1000
2024-09-20 11:16:25.798000,425.7965019068597,105
2024-09-20 11:16:25.822000,425.70594748261215,997
2024-09-20 11:16:25.877000,425.7313714139803,101
2024-09-20 11:16:25.881000,425.7263822208656,998
2024-09-20 11:16:25.918000,425.7888088392775,104
2024-09-20 11:16:25.950000,425.7280585810802,100
2024-09-20 11:16:25.977000,425.7389646946826,1005
2024-09-20 11:16:26.065000,425.67578051379655,998
2024-09-20 11:16:26.114000,425.72836148312393,105
2024-09-20 11:16:26.133000,425.6749315185962,1004
2024-09-20 11:16:26.142000,425.7190213528852,100
2024-09-20 11:16:26.238000,425.7208004000327,8
2024-09-20 11:16:26.276000,425.7242705332737,1000
2024-09-20 11:16:26.480000,425.7010386615466,995
2024-09-20 11:16:26.511000,425.7319597980804,1004
2024-09-20 11:16:26.548000,425.732141501683,997
2024-09-20 11:16:26.594000,425.7259018289071,95
2024-09-20 11:16:26.626000,425.69555418755743,12
2024-09-20 11:16:26.701000,425.7186131738029,10
2024-09-20 11:16:26.825000,425.6693170281007,998
2024-09-20 11:16:26.855000,425.6675314106193,5
2024-09-20 11:16:26.885000,425.7350650928092,1000
2024-09-20 11:16:26.908000,425.6786005795757,101
2024-09-20 11:16:27.132000,425.6978599780151,98
2024-09-20 11:16:27.176000,425.69624577899145,1001
2024-09-20 11:16:27.194000,425.7015116706099,998
2024-09-20 11:16:27.202000,425.7072241054324,6
2024-09-20 11:16:27.230000,425.69307738287137,11
2024-09-20 11:16:27.237000,425.6845360381347,95
2024-09-20 11:16:27.244000,425.6925451488404,13
2024-09-20 11:16:27.251000,425.6828536390894,1002
2024-09-20 11:16:27.258000,425.69270951640914,99
2024-09-20 11:16:27.269000,425.7132945401785,13
2024-09-20 11:16:27.307000,425.6865859891445,103
2024-09-20 11:16:27.333000,425.709064071633,15
2024-09-20 11:16:27.358000,425.70049633321753,12
2024-09-20 11:16:27.376000,425.6799470989817,995
2024-09-20 11:16:27.401000,425.6903819501992,995
2024-09-20 11:16:27.410000,425.6866051516963,15
2024-09-20 11:16:27.430000,425.6663093778812,99
2024-09-20 11:16:27.598000,425.6803202310709,997
2024-09-20 11:16:27.650000,425.70344146041833,998
2024-09-20 11:16:27.672000,425.6708407775072,100
2024-09-20 11:16:27.745000,425.6667966335803,95
2024-09-20 11:16:27.776000,425.67559738758,1002
2024-09-20 11:16:27.779000,425.709297815116,5
2024-09-20 11:16:27.827000,425.71407227357946,12
2024-09-20 11:16:27.830000,425.705205013816,9
2024-09-20 11:16:27.933000,425.6919923275403,5
2024-09-20 11:16:28.149000,425.68551063758576,98
2024-09-20 11:16:28.396000,425.68528368293073,96
2024-09-20 11:16:29.126000,425.6587461776192,101
2024-09-20 11:16:29.158000,425.6588280683957,8
2024-09-20 11:16:29.310000,425.6437273689514,102
2024-09-20 11:16:29.558000,425.64147607243336,1002
2024-09-20 11:16:29.641000,425.6578237696376,98
2024-09-20 11:16:30.012000,425.6650524516864,1001
2024-09-20 11:16:30.022000,425.70918851231386,102
2024-09-20 11:16:30.035000,425.7198703342788,11
2024-09-20 11:16:30.062000,425.66113336631,5
2024-09-20 11:16:30.064000,425.6743350870253,1005
2024-09-20 11:16:30.094000,425.6822417734472,11
2024-09-20 11:16:30.162000,425.6981576494528,1000
2024-09-20 11:16:30.259000,425.669815871159,105
2024-09-20 11:16:30.274000,425.6975442359519,12
2024-09-20 11:16:30.275000,425.6680516004868,12
2024-09-20 11:16:30.306000,425.7013562207521,101
2024-09-20 11:16:30.350000,425.6851991646639,104
2024-09-20 11:16:30.381000,425.6763166561372,100
2024-09-20 11:16:30.428000,425.6775299034519,9
2024-09-20 11:16:30.497000,425.65991040857296,99
2024-09-20 11:16:30.515000,425.6672112361938,105
2024-09-20 11:16:30.632000,425.670223922198,12
2024-09-20 11:16:30.652000,425.68379426258906,1003
2024-09-20 11:16:30.662000,425.6658689037332,103
2024-09-20 11:16:30.713000,425.7127950360623,11
2024-09-20 11:16:30.743000,425.6845525831075,96
2024-09-20 11:16:30.745000,425.6496662925791,104
2024-09-20 11:16:30.768000,425.7025404132466,98
2024-09-20 11:16:30.801000,425.6856446993288,8
2024-09-20 11:16:30.852000,425.7196605082373,97
2024-09-20 11:16:30.920000,425.6913877509157,100
2024-09-20 11:16:31.165000,425.6858114938183,15
2024-09-20 11:16:31.185000,425.66852781098464,99
2024-09-20 11:16:31.219000,425.66506392818906,1001
2024-09-20 11:16:31.249000,425.6794899012298,997
2024-09-20 11:16:31.320000,425.66170186677766,100
2024-09-20 11:16:31.450000,425.6699001952727,100
2024-09-20 11:16:31.501000,425.6605016403892,9
2024-09-20 11:16:31.726000,425.66565619040415,1003
2024-09-20 11:16:31.742000,425.6694620177191,96
2024-09-20 11:16:31.779000,425.6679105239035,102
2024-09-20 11:16:31.788000,425.68201381629984,998
2024-09-20 11:16:31.818000,425.6823499035496,996
2024-09-20 11:16:31.840000,425.68533861379177,6
2024-09-20 11:16:31.884000,425.6959574598659,97
2024-09-20 11:16:31.909000,425.6703320962829,996
2024-09-20 11:16:31.913000,425.6481149490599,100
2024-09-20 11:16:31.918000,425.6649337475088,101
2024-09-20 11:16:31.936000,425.6868311974252,999
2024-09-20 11:16:31.943000,425.6611271099241,9
2024-09-20 11:16:31.957000,425.6767144891424,1000
2024-09-20 11:16:31.981000,425.6825613453076,998
2024-09-20 11:16:32.115000,425.69266048935646,104
2024-09-20 11:16:32.171000,425.6383641332608,1000
2024-09-20 11:16:32.193000,425.6248818676864,997
2024-09-20 11:16:32.212000,425.6833269048079,6
2024-09-20 11:16:32.293000,425.6304514015214,1005
2024-09-20 11:16:32.310000,425.6640585989017,15
2024-09-20 11:16:32.338000,425.6243106335005,1003
2024-09-20 11:16:32.412000,425.6156512564584,15
2024-09-20 11:16:32.475000,425.6399342729699,1002
2024-09-20 11:16:32.490000,425.6238036323326,102
2024-09-20 11:16:32.497000,425.63980899772736,13
2024-09-20 11:16:32.557000,425.6513694235165,11
2024-09-20 11:16:32.609000,425.6229806372795,96
2024-09-20 11:16:32.725000,425.6218601105747,102
2024-09-20 11:16:32.983000,425.6468061679315,10
2024-09-20 11:16:33.073000,425.6343970494429,997
2024-09-20 11:16:33.074000,425.6391579222073,100
2024-09-20 11:16:33.077000,425.6224700369535,101
2024-09-20 11:16:33.077000,425.613917920301,97
2024-09-20 11:16:33.258000,425.6453635167585,6
2024-09-20 11:16:33.299000,425.629334331528,96
2024-09-20 11:16:33.305000,425.636884713387,7
2024-09-20 11:16:33.366000,425.6335683070286,995
2024-09-20 11:16:33.614000,425.6469869886264,14
2024-09-20 11:16:33.874000,425.6289735917573,102
2024-09-20 11:16:33.894000,425.62368860635536,105
2024-09-20 11:16:33.899000,425.6603572967233,97
2024-09-20 11:16:33.929000,425.6425742152689,98
2024-09-20 11:16:33.964000,425.6408414534239,7
2024-09-20 11:16:34.011000,425.6611771785666,95
2024-09-20 11:16:34.217000,425.6542255260592,13
2024-09-20 11:16:34.235000,425.6667843829445,103
2024-09-20 11:16:34.260000,425.62163604423375,14
2024-09-20 11:16:34.276000,425.6285850239312,100
2024-09-20 11:16:34.328000,425.62925799032814,95
2024-09-20 11:16:34.389000,425.6273383120568,1001
2024-09-20 11:16:34.479000,425.634425545597,102
2024-09-20 11:16:34.480000,425.6360190081291,10
2024-09-20 11:16:34.496000,425.6374928953741,995
2024-09-20 11:16:34.604000,425.612840502922,15
2024-09-20 11:16:34.611000,425.6834613535727,1003
2024-09-20 11:16:34.642000,425.6242125661611,100
2024-09-20 11:16:34.693000,425.6704290912199,1000
2024-09-20 11:16:34.743000,425.67211132798246,6
2024-09-20 11:16:34.746000,425.6559881962653,1001
2024-09-20 11:16:34.784000,425.6671036972346,99
2024-09-20 11:16:34.953000,425.6066148310298,996
2024-09-20 11:16:35.032000,425.59912994588245,995
2024-09-20 11:16:35.141000,425.55140600195983,998
2024-09-20 11:16:35.172000,425.62303322247897,13
2024-09-20 11:16:35.220000,425.5870170155899,102
2024-09-20 11:16:35.240000,425.5872122513663,998
2024-09-20 11:16:35.257000,425.6094770844239,14
2024-09-20 11:16:35.447000,425.5786843512616,6
2024-09-20 11:16:35.501000,425.6079116595192,998
2024-09-20 11:16:35.736000,425.5932471374344,995
2024-09-20 11:16:36.065000,425.51428259384136,98
2024-09-20 11:16:36.308000,425.5204546997883,998
2024-09-20 11:16:36.317000,425.5487421273507,997
2024-09-20 11:16:36.786000,425.5153570077695,1002
2024-09-20 11:16:36.835000,425.5374459464638,97
2024-09-20 11:16:36.973000,425.517611804389,12
2024-09-20 11:16:37.122000,425.5385159822735,100
2024-09-20 11:16:37.244000,425.5159369862334,97
2024-09-20 11:16:37.270000,425.5031400655291,8
2024-09-20 11:16:37.309000,425.5136872537368,6
2024-09-20 11:16:37.339000,425.5295648929072,104
2024-09-20 11:16:37.394000,425.513011664488,13
2024-09-20 11:16:37.427000,425.508258654048,97
2024-09-20 11:16:37.483000,425.5181460780144,105
2024-09-20 11:16:37.485000,425.5165471018381,998
2024-09-20 11:16:37.563000,425.5494846838996,100
2024-09-20 11:16:37.575000,425.5212232848913,96
2024-09-20 11:16:37.602000,425.52792331712726,10
2024-09-20 11:16:37.605000,425.5396003478914,1000
2024-09-20 11:16:37.611000,425.5025884023751,104
2024-09-20 11:16:37.622000,425.5040064843702,12
2024-09-20 11:16:37.625000,425.4974487156848,1005
2024-09-20 11:16:37.772000,425.52207421109495,1005
2024-09-20 11:16:37.821000,425.52399768862233,9
2024-09-20 11:16:37.827000,425.5169306424101,5
2024-09-20 11:16:37.989000,425.5274096722554,1005
2024-09-20 11:16:37.994000,425.5202542738913,14
2024-09-20 11:16:38.003000,425.5578192178499,1005
2024-09-20 11:16:38.010000,425.5628932929692,11
2024-09-20 11:16:38.065000,425.5584952805646,13
2024-09-20 11:16:38.072000,425.55004841055273,11
2024-09-20 11:16:38.094000,425.55189244473,10
2024-09-20 11:16:38.177000,425.5957782295595,99
2024-09-20 11:16:38.210000,425.5713084075819,995
2024-09-20 11:16:38.211000,425.5832538015847,12
2024-09-20 11:16:38.279000,425.5383899891356,1002
2024-09-20 11:16:38.330000,425.5819838014232,999
2024-09-20 11:16:38.355000,425.5885739118103,96
2024-09-20 11:16:38.377000,425.58127124769135,100
2024-09-20 11:16:38.410000,425.5891771330516,96
2024-09-20 11:16:38.536000,425.5395872557118,95
2024-09-20 11:16:38.722000,425.5963762396366,13
2024-09-20 11:16:38.728000,425.5952145119986,15
2024-09-20 11:16:38.747000,425.5822641187109,14
2024-09-20 11:16:38.926000,425.58949168675343,998
2024-09-20 11:16:39.066000,425.5807939848737,11
2024-09-20 11:16:39.225000,425.5812894491253,1004
2024-09-20 11:16:39.235000,425.58456382317786,1004
2024-09-20 11:16:39.289000,425.5095705545915,13
2024-09-20 11:16:39.312000,425.5652088295698,96
2024-09-20 11:16:39.322000,425.5677104490548,5
2024-09-20 11:16:39.352000,425.5779531070843,8
2024-09-20 11:16:39.387000,425.5685919800251,996
2024-09-20 11:16:39.496000,425.56893514459296,14
2024-09-20 11:16:39.514000,425.596435986068,12
2024-09-20 11:16:39.531000,425.60428695050496,96
2024-09-20 11:16:39.560000,425.5781290674184,996
2024-09-20 11:16:39.656000,425.5807876372458,95
2024-09-20 11:16:39.662000,425.5734169550601,998
2024-09-20 11:16:39.706000,425.5955934070236,95
2024-09-20 11:16:39.726000,425.5847508431399,102
2024-09-20 11:16:39.730000,425.5195083900073,102
2024-09-20 11:16:39.767000,425.5494207964472,995
2024-09-20 11:16:39.782000,425.5785218305144,8
2024-09-20 11:16:39.826000,425.5931358076847,996
2024-09-20 11:16:39.848000,425.5366405844745,9
2024-09-20 11:16:39.872000,425.502931225709,95
2024-09-20 11:16:39.962000,425.5604171712336,11
2024-09-20 11:16:39.994000,425.5096136847964,1004
2024-09-20 11:16:40.345000,425.5140368937234,102
2024-09-20 11:16:40.796000,425.51546119082326,102
2024-09-20 11:16:41.040000,425.5693451153634,14
2024-09-20 11:16:41.080000,425.5768073591152,11
2024-09-20 11:16:41.088000,425.5683912409469,13
2024-09-20 11:16:41.182000,425.5364285177188,998
2024-09-20 11:16:41.318000,425.55597588787134,105
2024-09-20 11:16:41.326000,425.5868969407778,95
2024-09-20 11:16:41.335000,425.5659881636848,999
2024-09-20 11:16:41.397000,425.5772436097356,11
2024-09-20 11:16:41.402000,425.57538807322834,101
2024-09-20 11:16:41.423000,425.58375990839386,5
2024-09-20 11:16:41.521000,425.576166133893,12
2024-09-20 11:16:41.529000,425.55704809438765,1003
2024-09-20 11:16:41.575000,425.58327112425314,102
2024-09-20 11:16:41.630000,425.5908640217971,14
2024-09-20 11:16:41.634000,425.5814248989242,995
2024-09-20 11:16:41.646000,425.5731362380903,101
2024-09-20 11:16:41.727000,425.55702979556753,8
2024-09-20 11:16:41.755000,425.5891927617448,1000
2024-09-20 11:16:41.818000,425.569443938622,996
2024-09-20 11:16:41.913000,425.5658016725852,7
2024-09-20 11:16:42.006000,425.5639110468484,1002
2024-09-20 11:16:42.123000,425.5400355490118,1004
2024-09-20 11:16:42.145000,425.5549978091474,101
2024-09-20 11:16:42.157000,425.5617195925233,103
2024-09-20 11:16:42.227000,425.5739032088066,15
2024-09-20 11:16:42.301000,425.5241153053012,998
2024-09-20 11:16:42.306000,425.5665644450656,97
2024-09-20 11:16:42.330000,425.5539144181735,996
2024-09-20 11:16:42.371000,425.56685111161386,104
2024-09-20 11:16:42.529000,425.5345889720577,11
2024-09-20 11:16:42.566000,425.57257554558674,5
2024-09-20 11:16:42.856000,425.5568642406288,999
2024-09-20 11:16:42.876000,425.5759170032439,103
2024-09-20 11:16:43.036000,425.5374218106052,1002
2024-09-20 11:16:43.226000,425.5430567451496,7
2024-09-20 11:16:43.285000,425.554086696316,1003
2024-09-20 11:16:43.326000,425.51477401206046,10
2024-09-20 11:16:43.380000,425.55172851763217,7
2024-09-20 11:16:43.389000,425.5358885931944,12
2024-09-20 11:16:43.408000,425.5192656428424,11
2024-09-20 11:16:43.426000,425.5355584419207,1005
2024-09-20 11:16:43.440000,425.5387724144769,103
2024-09-20 11:16:43.471000,425.5559152490795,98
2024-09-20 11:16:43.490000,425.5568418071684,102
2024-09-20 11:16:43.498000,425.5485042624697,11
2024-09-20 11:16:43.601000,425.5352566025324,15
2024-09-20 11:16:43.640000,425.5448687088869,102
2024-09-20 11:16:43.669000,425.5295479625935,97
2024-09-20 11:16:43.676000,425.5386122001879,9
2024-09-20 11:16:43.737000,425.54114243578135,9
2024-09-20 11:16:43.898000,425.547605620303,1004
2024-09-20 11:16:43.984000,425.5460175977243,1005
2024-09-20 11:16:44.218000,425.5654047558838,11
2024-09-20 11:16:44.684000,425.5748104260208,12
2024-09-20 11:16:44.708000,425.5666896084026,100
2024-09-20 11:16:44.813000,425.5506991388367,105
2024-09-20 11:16:45.287000,425.54044362297367,98
2024-09-20 11:16:46.082000,425.5290446043273,8
2024-09-20 11:16:46.132000,425.51500496739465,1005
2024-09-20 11:16:46.138000,425.5261950215648,995
2024-09-20 11:16:46.233000,425.5138754454896,96
2024-09-20 11:16:46.494000,425.5286387708693,100
2024-09-20 11:16:46.530000,425.5325154539023,97
2024-09-20 11:16:46.818000,425.5503133792775,15
2024-09-20 11:16:46.994000,425.5364075293593,13
2024-09-20 11:16:47.029000,425.5148039410748,8
2024-09-20 11:16:47.134000,425.5385239227641,1004
2024-09-20 11:16:47.149000,425.54803194418633,100
2024-09-20 11:16:47.162000,425.5642659832321,97
2024-09-20 11:16:47.185000,425.52729122299706,1003
2024-09-20 11:16:47.186000,425.55315600586135,1000
2024-09-20 11:16:47.218000,425.54033666621024,999
2024-09-20 11:16:47.271000,425.5735136833936,1003
2024-09-20 11:16:47.577000,425.5808736477552,1004
2024-09-20 11:16:47.591000,425.5562112666323,97
2024-09-20 11:16:47.592000,425.5494262893668,1000
2024-09-20 11:16:47.668000,425.5481207250196,9
2024-09-20 11:16:47.699000,425.5289917274316,7
2024-09-20 11:16:47.732000,425.5791715593218,7
2024-09-20 11:16:47.824000,425.534332285376,103
2024-09-20 11:16:47.915000,425.5201247185307,999
2024-09-20 11:16:47.955000,425.56078127362514,102
2024-09-20 11:16:48.011000,425.5996630588413,997
2024-09-20 11:16:48.078000,425.5958671525729,5
2024-09-20 11:16:48.127000,425.6047034385911,995
2024-09-20 11:16:48.307000,425.5621930116429,98
2024-09-20 11:16:48.314000,425.6192317754191,12
2024-09-20 11:16:48.384000,425.5593577517937,1000
2024-09-20 11:16:48.471000,425.6117472705784,97
2024-09-20 11:16:48.551000,425.6026675177189,1002
2024-09-20 11:16:48.690000,425.5781566749269,7
2024-09-20 11:16:48.731000,425.60765528116815,995
2024-09-20 11:16:48.890000,425.632529073778,6
2024-09-20 11:16:48.921000,425.6093503771373,98
2024-09-20 11:16:49.102000,425.613511526216,1003
2024-09-20 11:16:49.144000,425.6140127958655,100
2024-09-20 11:16:49.163000,425.65578299071336,999
2024-09-20 11:16:49.169000,425.6108173262679,8
2024-09-20 11:16:49.251000,425.6401460012329,100
2024-09-20 11:16:49.407000,425.612375798832,98
2024-09-20 11:16:49.431000,425.6508604185225,997
2024-09-20 11:16:49.440000,425.62839776610286,97
2024-09-20 11:16:49.503000,425.63654368249104,9
2024-09-20 11:16:49.594000,425.634568483465,997
2024-09-20 11:16:49.605000,425.6211303655815,1001
2024-09-20 11:16:49.718000,425.62073716603805,1000
2024-09-20 11:16:49.739000,425.6321761859292,101
2024-09-20 11:16:49.743000,425.67313990966846,8
2024-09-20 11:16:49.750000,425.6540148552788,1001
2024-09-20 11:16:49.895000,425.63208397429855,11
2024-09-20 11:16:49.904000,425.6388054625671,1001
2024-09-20 11:16:49.966000,425.6438567441378,14
2024-09-20 11:16:49.997000,425.6795377800783,996
2024-09-20 11:16:50.135000,425.6506801936861,1002
2024-09-20 11:16:50.154000,425.6890103851174,7
2024-09-20 11:16:50.175000,425.71260229408585,997
2024-09-20 11:16:50.215000,425.715310858086,11
2024-09-20 11:16:50.372000,425.72010399614,103
2024-09-20 11:16:50.382000,425.7307924478448,997
2024-09-20 11:16:50.395000,425.66140710627656,9
2024-09-20 11:16:50.444000,425.66668695802815,1000
2024-09-20 11:16:50.489000,425.6741428611271,997
2024-09-20 11:16:50.508000,425.6973168936686,100
2024-09-20 11:16:50.523000,425.7098866246346,995
2024-09-20 11:16:50.561000,425.718407027363,1000
2024-09-20 11:16:50.573000,425.6825890458204,1003
2024-09-20 11:16:50.580000,425.7225071574188,13
2024-09-20 11:16:50.613000,425.7162135841579,5
2024-09-20 11:16:50.730000,425.675014941909,5
2024-09-20 11:16:50.741000,425.6943826164247,97
2024-09-20 11:16:50.789000,425.7035950426566,1004
2024-09-20 11:16:50.817000,425.67977859414606,1002
2024-09-20 11:16:50.832000,425.6463479347853,998
2024-09-20 11:16:50.882000,425.722368922943,104
2024-09-20 11:16:50.899000,425.6378647667077,104
2024-09-20 11:16:50.953000,425.66468646958015,105
2024-09-20 11:16:51.137000,425.6378192965781,105
2024-09-20 11:16:51.279000,425.6137601134732,100
2024-09-20 11:16:51.480000,425.6149960746306,1002
2024-09-20 11:16:51.706000,425.6253837450284,1001
2024-09-20 11:16:51.756000,425.6324103101991,13
2024-09-20 11:16:51.954000,425.63409428532526,103
2024-09-20 11:16:52.164000,425.5788737013149,997
2024-09-20 11:16:52.383000,425.5893218876256,99
2024-09-20 11:16:53.028000,425.5495272829904,1002
2024-09-20 11:16:53.321000,425.5685222369565,102
2024-09-20 11:16:53.408000,425.5842799290519,15
2024-09-20 11:16:53.682000,425.57662099178094,102
2024-09-20 11:16:53.824000,425.5782517370508,102
2024-09-20 11:16:53.878000,425.57113394268816,13
2024-09-20 11:16:53.953000,425.5452238799232,1004
2024-09-20 11:16:54.069000,425.574683430652,1003
2024-09-20 11:16:54.090000,425.5890340744528,100
2024-09-20 11:16:54.131000,425.6000115704239,1001
2024-09-20 11:16:54.168000,425.5617842553142,1003
2024-09-20 11:16:54.190000,425.5683119543629,15
2024-09-20 11:16:54.399000,425.5616369211692,98
2024-09-20 11:16:54.414000,425.6242978398441,997
2024-09-20 11:16:54.469000,425.6165649586137,97
2024-09-20 11:16:54.481000,425.600652936957,13
2024-09-20 11:16:54.516000,425.5641483737136,101
2024-09-20 11:16:54.535000,425.60617049227807,5
2024-09-20 11:16:54.541000,425.6218332785504,96
2024-09-20 11:16:54.550000,425.5538039011328,104
2024-09-20 11:16:54.577000,425.5942573972232,95
2024-09-20 11:16:54.584000,425.593345739057,999
2024-09-20 11:16:54.608000,425.6077978205413,6
2024-09-20 11:16:54.646000,425.5914241915589,15
2024-09-20 11:16:54.672000,425.5648303088197,97
2024-09-20 11:16:54.706000,425.5694956350903,1002
2024-09-20 11:16:54.746000,425.553783339888,12
2024-09-20 11:16:54.775000,425.62665367419896,99
2024-09-20 11:16:54.831000,425.6192462967276,997
2024-09-20 11:16:54.845000,425.585252571195,998
2024-09-20 11:16:54.860000,425.6149446514172,101
2024-09-20 11:16:54.879000,425.587073230244,12
2024-09-20 11:16:54.988000,425.5946497986481,14
2024-09-20 11:16:55.104000,425.5547578894357,1005
2024-09-20 11:16:55.276000,425.5416276139668,95
2024-09-20 11:16:55.646000,425.556192733107,998
2024-09-20 11:16:55.681000,425.5530269772642,95
2024-09-20 11:16:56.074000,425.544609992268,1002
2024-09-20 11:16:56.076000,425.5348995353973,100
2024-09-20 11:16:56.116000,425.49408024091065,998
2024-09-20 11:16:56.170000,425.5340779179846,1005
2024-09-20 11:16:56.257000,425.5502274384485,96
2024-09-20 11:16:56.419000,425.53755412106665,7
2024-09-20 11:16:56.451000,425.51790647613376,105
2024-09-20 11:16:56.467000,425.54916902733896,10
2024-09-20 11:16:56.527000,425.557673051593,9
2024-09-20 11:16:56.564000,425.5518277850126,1003
2024-09-20 11:16:56.586000,425.50856655700215,104
2024-09-20 11:16:56.653000,425.5327390838416,98
2024-09-20 11:16:56.715000,425.5418086207421,95
2024-09-20 11:16:56.737000,425.5341010493782,101
2024-09-20 11:16:56.742000,425.5011298769822,1004
2024-09-20 11:16:56.744000,425.5609706411087,97
2024-09-20 11:16:56.774000,425.5512351813504,999
2024-09-20 11:16:56.798000,425.5641198645745,11
2024-09-20 11:16:56.898000,425.54209714151466,998
2024-09-20 11:16:56.924000,425.5117360965846,6
2024-09-20 11:16:56.934000,425.533266994721,10
2024-09-20 11:16:56.978000,425.551963750157,10
2024-09-20 11:16:57.132000,425.5048250588348,101
2024-09-20 11:16:57.497000,425.5043090149886,11
2024-09-20 11:16:57.514000,425.51517718679446,10
2024-09-20 11:16:58.328000,425.5139132891312,1001
2024-09-20 11:16:58.496000,425.5171174758594,14
2024-09-20 11:16:58.733000,425.5278722940509,100
2024-09-20 11:16:58.788000,425.4935342397128,97
2024-09-20 11:16:59.001000,425.5044051414368,105
2024-09-20 11:16:59.072000,425.5095096586733,1005
2024-09-20 11:16:59.101000,425.5315678536977,1003
2024-09-20 11:16:59.102000,425.5475275316565,97
2024-09-20 11:16:59.193000,425.5258871104013,96
2024-09-20 11:16:59.226000,425.5581910330749,15
2024-09-20 11:16:59.303000,425.5160349821151,995
2024-09-20 11:16:59.352000,425.5282345204029,105
2024-09-20 11:16:59.358000,425.4998999432558,10
2024-09-20 11:16:59.361000,425.5355915494874,15
2024-09-20 11:16:59.362000,425.5189632258344,999
2024-09-20 11:16:59.634000,425.52740290618766,1004
2024-09-20 11:16:59.666000,425.5498204215466,997
2024-09-20 11:16:59.701000,425.5532936392046,1004
2024-09-20 11:16:59.724000,425.5586343718368,1001
2024-09-20 11:16:59.885000,425.55546662827504,1001
2024-09-20 11:16:59.892000,425.5393473907584,95
2024-09-20 11:16:59.901000,425.54171247728993,13
2024-09-20 11:16:59.940000,425.5548394324548,8
