Timestamp,Price,Size
2024-09-18 14:05:00.047000,415.5151364985739,102
2024-09-18 14:05:00.181000,415.4756579634921,13
2024-09-18 14:05:00.206000,415.4759225406344,103
2024-09-18 14:05:00.230000,415.5069026593344,1004
2024-09-18 14:05:00.245000,415.506861946978,104
2024-09-18 14:05:00.247000,415.4793003943346,8
2024-09-18 14:05:00.258000,415.52962168083855,10
2024-09-18 14:05:00.274000,415.5114549792115,999
2024-09-18 14:05:00.386000,415.46800245370616,105
2024-09-18 14:05:00.458000,415.51076246008427,9
2024-09-18 14:05:00.533000,415.46445037012376,9
2024-09-18 14:05:00.583000,415.4933940620563,97
2024-09-18 14:05:00.644000,415.4899813856525,997
2024-09-18 14:05:00.659000,415.4989649764419,105
2024-09-18 14:05:00.765000,415.4912199762798,10
2024-09-18 14:05:00.862000,415.4705791223357,998
2024-09-18 14:05:00.879000,415.4614560245403,998
2024-09-18 14:05:00.904000,415.4678582654671,1005
2024-09-18 14:05:00.964000,415.47574875280094,101
2024-09-18 14:05:00.968000,415.4903511913749,1000
2024-09-18 14:05:00.990000,415.5096995391342,1000
2024-09-18 14:05:01.031000,415.4695747469821,1001
2024-09-18 14:05:01.033000,415.4965467818965,103
2024-09-18 14:05:01.050000,415.51985326284967,1001
2024-09-18 14:05:01.070000,415.509160471461,1003
2024-09-18 14:05:01.080000,415.5338798288321,996
2024-09-18 14:05:01.115000,415.51487557931887,101
2024-09-18 14:05:01.127000,415.5354756137466,1003
2024-09-18 14:05:01.146000,415.5270947872103,8
2024-09-18 14:05:01.149000,415.5233858017375,96
2024-09-18 14:05:01.208000,415.5302810275604,1000
2024-09-18 14:05:01.243000,415.5174231551091,102
2024-09-18 14:05:01.384000,415.5342264873914,1001
2024-09-18 14:05:01.389000,415.4994068844299,95
2024-09-18 14:05:01.411000,415.515034009328,996
2024-09-18 14:05:01.464000,415.5279755050497,103
2024-09-18 14:05:01.499000,415.52374618746944,1002
2024-09-18 14:05:01.502000,415.5256507687265,101
2024-09-18 14:05:01.568000,415.5149914455765,102
2024-09-18 14:05:01.581000,415.5363655884996,1000
2024-09-18 14:05:01.719000,415.5292819845692,98
2024-09-18 14:05:01.740000,415.5282510594962,13
2024-09-18 14:05:01.815000,415.5088631380879,104
2024-09-18 14:05:01.846000,415.525107244656,95
2024-09-18 14:05:01.860000,415.4787039482658,15
2024-09-18 14:05:01.973000,415.5001535823413,996
2024-09-18 14:05:01.984000,415.4839081565343,995
2024-09-18 14:05:02.073000,415.5132586622922,105
2024-09-18 14:05:02.128000,415.6376872324304,100
2024-09-18 14:05:02.172000,415.56561560251833,100
2024-09-18 14:05:02.197000,415.501377068047,999
2024-09-18 14:05:02.214000,415.6158255892648,97
2024-09-18 14:05:02.221000,415.526808584108,9
2024-09-18 14:05:02.223000,415.5226825591062,998
2024-09-18 14:05:02.341000,415.53896597210576,102
2024-09-18 14:05:02.355000,415.6331689433396,99
2024-09-18 14:05:02.596000,415.5921709345482,99
2024-09-18 14:05:02.615000,415.4981943535509,102
2024-09-18 14:05:02.705000,415.50433784622686,8
2024-09-18 14:05:02.722000,415.5234866774914,97
2024-09-18 14:05:02.726000,415.5084269634671,998
2024-09-18 14:05:02.781000,415.5331705844736,97
2024-09-18 14:05:02.785000,415.5150655818253,12
2024-09-18 14:05:02.839000,415.5201855038874,5
2024-09-18 14:05:02.868000,415.5430704484976,997
2024-09-18 14:05:02.931000,415.6269585043986,102
2024-09-18 14:05:02.934000,415.5934563304245,6
2024-09-18 14:05:03.170000,415.6703479305185,999
2024-09-18 14:05:03.243000,415.6894794806939,95
2024-09-18 14:05:03.258000,415.63648195241456,1000
2024-09-18 14:05:03.283000,415.6816197807784,14
2024-09-18 14:05:03.419000,415.6850919123689,101
2024-09-18 14:05:03.453000,415.6454502456433,996
2024-09-18 14:05:03.549000,415.63454659907336,9
2024-09-18 14:05:03.643000,415.67285162720015,99
2024-09-18 14:05:03.801000,415.68126465265976,97
2024-09-18 14:05:03.833000,415.6217559218994,1005
2024-09-18 14:05:03.873000,415.6739640905584,15
2024-09-18 14:05:03.939000,415.66967676493294,100
2024-09-18 14:05:04.035000,415.6978918779946,12
2024-09-18 14:05:04.051000,415.6963919120048,7
2024-09-18 14:05:04.051000,415.6675257591051,13
2024-09-18 14:05:04.085000,415.6909110319154,8
2024-09-18 14:05:04.091000,415.6855379719972,996
2024-09-18 14:05:04.092000,415.677305919391,104
2024-09-18 14:05:04.192000,415.6930508563452,1005
2024-09-18 14:05:04.426000,415.67169060875057,996
2024-09-18 14:05:04.437000,415.67085560384936,998
2024-09-18 14:05:04.491000,415.6858859133057,999
2024-09-18 14:05:04.506000,415.70516819532577,996
2024-09-18 14:05:04.525000,415.6798964805117,1003
2024-09-18 14:05:04.550000,415.6740360676641,103
2024-09-18 14:05:04.594000,415.66753607711,6
2024-09-18 14:05:04.668000,415.6789226393132,97
2024-09-18 14:05:04.672000,415.6683759816311,103
2024-09-18 14:05:04.709000,415.6689787386476,14
2024-09-18 14:05:04.735000,415.667563066694,12
2024-09-18 14:05:04.882000,415.6795249345366,1004
2024-09-18 14:05:04.888000,415.7012231274624,99
2024-09-18 14:05:04.912000,415.67768100341135,997
2024-09-18 14:05:04.918000,415.677466341062,102
2024-09-18 14:05:04.978000,415.71360707622034,998
2024-09-18 14:05:05.008000,415.6830210401682,99
2024-09-18 14:05:05.103000,415.6547157170438,11
2024-09-18 14:05:05.235000,415.63059882613663,996
2024-09-18 14:05:05.354000,415.6582054577362,1005
2024-09-18 14:05:05.373000,415.7087357913724,10
2024-09-18 14:05:05.438000,415.6487505623477,11
2024-09-18 14:05:05.458000,415.6511690065117,1004
2024-09-18 14:05:05.544000,415.64542717887343,104
2024-09-18 14:05:05.592000,415.6926278257933,9
2024-09-18 14:05:05.600000,415.69933598776805,103
2024-09-18 14:05:05.652000,415.6455857918709,10
2024-09-18 14:05:05.730000,415.7131522199583,15
2024-09-18 14:05:05.775000,415.6497763074312,5
2024-09-18 14:05:05.838000,415.6439235563019,98
2024-09-18 14:05:05.887000,415.63833645633713,104
2024-09-18 14:05:05.935000,415.6919441129567,996
2024-09-18 14:05:05.968000,415.66178197534094,5
2024-09-18 14:05:06.100000,415.6422242028124,102
2024-09-18 14:05:06.181000,415.6214028424825,1000
2024-09-18 14:05:06.279000,415.6341857091531,999
2024-09-18 14:05:06.425000,415.6264102425332,105
2024-09-18 14:05:06.654000,415.6104625359054,105
2024-09-18 14:05:06.663000,415.6376355301376,1001
2024-09-18 14:05:06.744000,415.6129756939709,103
2024-09-18 14:05:06.772000,415.6470670440538,102
2024-09-18 14:05:06.817000,415.63557092213233,1002
2024-09-18 14:05:07,415.66140797958633,12
2024-09-18 14:05:07.024000,415.6788299437703,995
2024-09-18 14:05:07.035000,415.6485797099729,995
2024-09-18 14:05:07.063000,415.6527189814757,11
2024-09-18 14:05:07.071000,415.6478374017248,6
2024-09-18 14:05:07.073000,415.6387083554756,99
2024-09-18 14:05:07.090000,415.6746542290328,1003
2024-09-18 14:05:07.152000,415.6283097981365,1004
2024-09-18 14:05:07.160000,415.6336934325341,13
2024-09-18 14:05:07.171000,415.6852103359036,103
2024-09-18 14:05:07.181000,415.6608100389524,999
2024-09-18 14:05:07.598000,415.66554496393735,995
2024-09-18 14:05:07.690000,415.6502682103857,1003
2024-09-18 14:05:07.756000,415.65880043554665,101
2024-09-18 14:05:07.771000,415.6577569691528,5
2024-09-18 14:05:07.794000,415.6497789356895,1000
2024-09-18 14:05:07.818000,415.63451247133526,13
2024-09-18 14:05:07.899000,415.6472442797947,1004
2024-09-18 14:05:07.915000,415.66461045999176,5
2024-09-18 14:05:07.980000,415.66818211506217,98
2024-09-18 14:05:08.049000,415.6694187104629,995
2024-09-18 14:05:08.135000,415.6559692068459,95
2024-09-18 14:05:08.283000,415.691544801822,98
2024-09-18 14:05:08.318000,415.6842408436743,97
2024-09-18 14:05:08.669000,415.6609597750358,103
2024-09-18 14:05:08.678000,415.6741084719458,1002
2024-09-18 14:05:08.858000,415.6554983737876,11
2024-09-18 14:05:08.961000,415.6849757407691,15
2024-09-18 14:05:08.967000,415.6519351290645,6
2024-09-18 14:05:08.968000,415.6728581921293,7
2024-09-18 14:05:09.046000,415.6591577207429,999
2024-09-18 14:05:09.056000,415.6889203774473,99
2024-09-18 14:05:09.058000,415.64313950322247,998
2024-09-18 14:05:09.064000,415.6619031085901,8
2024-09-18 14:05:09.200000,415.64307040970255,8
2024-09-18 14:05:09.223000,415.6068539681508,13
2024-09-18 14:05:09.235000,415.616599290598,1002
2024-09-18 14:05:09.241000,415.6728862390365,1003
2024-09-18 14:05:09.370000,415.5991167227152,997
2024-09-18 14:05:09.408000,415.6181634746925,6
2024-09-18 14:05:09.409000,415.6387086358592,101
2024-09-18 14:05:09.485000,415.6086874465652,1002
2024-09-18 14:05:09.553000,415.6308599456561,1001
2024-09-18 14:05:09.576000,415.65483248763593,99
2024-09-18 14:05:09.633000,415.6445084197113,999
2024-09-18 14:05:09.778000,415.6094250606136,95
2024-09-18 14:05:09.925000,415.6584995266796,95
2024-09-18 14:05:09.962000,415.6457021120557,1001
2024-09-18 14:05:10,415.682809789398,104
2024-09-18 14:05:10.061000,415.6742007204088,6
2024-09-18 14:05:10.416000,415.6565639670578,102
2024-09-18 14:05:10.476000,415.6435603470167,1004
2024-09-18 14:05:10.542000,415.6423767821384,1001
2024-09-18 14:05:10.552000,415.6718868130695,102
2024-09-18 14:05:10.588000,415.6271711108777,13
2024-09-18 14:05:10.610000,415.6783083507186,996
2024-09-18 14:05:10.638000,415.6520653751464,104
2024-09-18 14:05:10.736000,415.6917406228779,104
2024-09-18 14:05:10.775000,415.64447556876365,104
2024-09-18 14:05:10.831000,415.6928501736098,1002
2024-09-18 14:05:10.863000,415.65935498073634,8
2024-09-18 14:05:10.870000,415.6098528207416,103
2024-09-18 14:05:10.943000,415.6755297258175,8
2024-09-18 14:05:10.952000,415.6625149873619,12
2024-09-18 14:05:10.977000,415.6876492661602,1004
2024-09-18 14:05:11.054000,415.60295541485686,12
2024-09-18 14:05:11.058000,415.52457002336286,100
2024-09-18 14:05:11.077000,415.6630859730329,1005
2024-09-18 14:05:11.089000,415.60971386451496,5
2024-09-18 14:05:11.101000,415.60014055585,1003
2024-09-18 14:05:11.130000,415.5898490976256,13
2024-09-18 14:05:11.186000,415.65795792183593,102
2024-09-18 14:05:11.207000,415.6413669045957,995
2024-09-18 14:05:11.218000,415.6551783073695,1002
2024-09-18 14:05:11.220000,415.66698574820896,97
2024-09-18 14:05:11.260000,415.60233513301006,11
2024-09-18 14:05:11.276000,415.58431629107895,995
2024-09-18 14:05:11.283000,415.5255148260664,998
2024-09-18 14:05:11.296000,415.5883052513324,10
2024-09-18 14:05:11.355000,415.59537837133473,100
2024-09-18 14:05:11.393000,415.5949663630843,100
2024-09-18 14:05:11.438000,415.5999572883638,101
2024-09-18 14:05:11.518000,415.642823085723,97
2024-09-18 14:05:11.539000,415.6711233408757,999
2024-09-18 14:05:11.547000,415.5511719832307,95
2024-09-18 14:05:11.657000,415.6085965690168,104
2024-09-18 14:05:11.759000,415.62371437040287,1005
2024-09-18 14:05:11.774000,415.6529810628304,11
2024-09-18 14:05:11.879000,415.5522072200537,998
2024-09-18 14:05:11.901000,415.5874679129577,105
2024-09-18 14:05:11.907000,415.6072067489969,1005
2024-09-18 14:05:11.954000,415.6152807099139,998
2024-09-18 14:05:12.157000,415.5293932460733,1000
2024-09-18 14:05:12.301000,415.5344658013784,996
2024-09-18 14:05:12.774000,415.51380012450255,1005
2024-09-18 14:05:12.877000,415.5390667419923,1003
2024-09-18 14:05:13,415.5197003864451,9
2024-09-18 14:05:13.055000,415.5304752458911,995
2024-09-18 14:05:13.114000,415.5190227666753,96
2024-09-18 14:05:13.182000,415.533226828403,995
2024-09-18 14:05:13.259000,415.5288046373792,98
2024-09-18 14:05:13.505000,415.52539007587774,101
2024-09-18 14:05:13.623000,415.540795251789,101
2024-09-18 14:05:13.727000,415.5538496039826,14
2024-09-18 14:05:13.805000,415.5134789186733,10
2024-09-18 14:05:13.816000,415.56223949759,104
2024-09-18 14:05:13.841000,415.5526259624468,10
2024-09-18 14:05:13.843000,415.5394652537365,998
2024-09-18 14:05:13.856000,415.49819869213616,7
2024-09-18 14:05:13.886000,415.5164275223113,996
2024-09-18 14:05:13.945000,415.5616298928473,998
2024-09-18 14:05:13.967000,415.5010652632921,11
2024-09-18 14:05:14.008000,415.5050321597309,6
2024-09-18 14:05:14.034000,415.50420588243776,15
2024-09-18 14:05:14.058000,415.5342274774513,105
2024-09-18 14:05:14.134000,415.51908425660224,995
2024-09-18 14:05:14.175000,415.5258685926693,13
2024-09-18 14:05:14.192000,415.5146498538496,1000
2024-09-18 14:05:14.294000,415.5020876114888,103
2024-09-18 14:05:14.455000,415.5059771654928,12
2024-09-18 14:05:14.474000,415.5194810327338,1000
2024-09-18 14:05:14.508000,415.51878910832505,96
2024-09-18 14:05:14.586000,415.5187386908602,999
2024-09-18 14:05:14.651000,415.5157107785716,95
2024-09-18 14:05:14.671000,415.52680795602095,8
2024-09-18 14:05:14.752000,415.5024767125218,105
2024-09-18 14:05:14.758000,415.5008074404877,996
2024-09-18 14:05:14.858000,415.50314163296713,8
2024-09-18 14:05:14.890000,415.53475564787976,997
2024-09-18 14:05:15.002000,415.4733460619223,998
2024-09-18 14:05:15.021000,415.51804129325086,14
2024-09-18 14:05:15.086000,415.501225188568,11
2024-09-18 14:05:15.146000,415.4979209273742,6
2024-09-18 14:05:15.149000,415.47419819594114,1005
2024-09-18 14:05:15.172000,415.4681365270213,100
2024-09-18 14:05:15.191000,415.4807802141492,1002
2024-09-18 14:05:15.192000,415.4945966957167,996
2024-09-18 14:05:15.332000,415.4807005194727,996
2024-09-18 14:05:15.576000,415.4925282727635,102
2024-09-18 14:05:15.590000,415.4670158014265,11
2024-09-18 14:05:15.615000,415.5260080703546,997
2024-09-18 14:05:15.666000,415.5042914301114,999
2024-09-18 14:05:15.683000,415.4818767510237,9
2024-09-18 14:05:15.686000,415.4864850272598,97
2024-09-18 14:05:15.690000,415.5011320670308,98
2024-09-18 14:05:15.691000,415.4908538705935,98
2024-09-18 14:05:15.754000,415.4497026020756,999
2024-09-18 14:05:15.838000,415.47537379029,11
2024-09-18 14:05:15.920000,415.5168894454288,999
2024-09-18 14:05:15.955000,415.4763987604352,1004
2024-09-18 14:05:15.992000,415.4630213297822,102
2024-09-18 14:05:16.109000,415.5272665853728,13
2024-09-18 14:05:16.351000,415.56451023561993,97
2024-09-18 14:05:16.428000,415.5602192297301,1005
2024-09-18 14:05:16.635000,415.5378204080637,12
2024-09-18 14:05:16.764000,415.57111093842536,12
2024-09-18 14:05:16.784000,415.531608713749,14
2024-09-18 14:05:16.890000,415.5478977975517,6
2024-09-18 14:05:16.891000,415.53566360148415,10
2024-09-18 14:05:16.895000,415.5645380565162,15
2024-09-18 14:05:16.944000,415.5559426863885,11
2024-09-18 14:05:18.964000,415.5762836785166,101
2024-09-18 14:05:19.064000,415.5793014745086,1005
2024-09-18 14:05:19.420000,415.5673093468192,15
2024-09-18 14:05:20.042000,415.603437333906,6
2024-09-18 14:05:20.075000,415.5291860959943,99
2024-09-18 14:05:20.163000,415.536639373713,995
2024-09-18 14:05:20.213000,415.5644302252427,102
2024-09-18 14:05:20.251000,415.5775165630265,96
2024-09-18 14:05:20.275000,415.5652372841844,995
2024-09-18 14:05:20.291000,415.5484350145465,97
2024-09-18 14:05:20.320000,415.5496738788113,96
2024-09-18 14:05:20.363000,415.5461092989968,104
2024-09-18 14:05:20.365000,415.5633154510039,1004
2024-09-18 14:05:20.388000,415.59813016106176,6
2024-09-18 14:05:20.393000,415.55786333048246,1005
2024-09-18 14:05:20.488000,415.5247971289597,15
2024-09-18 14:05:20.504000,415.6025934665675,104
2024-09-18 14:05:20.520000,415.58484502327474,10
2024-09-18 14:05:20.566000,415.5292999607864,995
2024-09-18 14:05:20.662000,415.587064813026,102
2024-09-18 14:05:20.662000,415.5257915211576,103
2024-09-18 14:05:20.686000,415.5503665544808,5
2024-09-18 14:05:20.754000,415.5912141975446,7
2024-09-18 14:05:20.788000,415.5460282188576,95
2024-09-18 14:05:20.834000,415.5371508018438,102
2024-09-18 14:05:20.855000,415.5261954414463,1003
2024-09-18 14:05:20.960000,415.5946739069862,102
2024-09-18 14:05:21.035000,415.5077895724701,1002
2024-09-18 14:05:21.088000,415.5198316863351,1002
2024-09-18 14:05:21.117000,415.5053610562919,10
2024-09-18 14:05:21.181000,415.5094564881403,101
2024-09-18 14:05:21.217000,415.5472580057466,14
2024-09-18 14:05:21.230000,415.5275590340631,1004
2024-09-18 14:05:21.294000,415.5258840466032,997
2024-09-18 14:05:21.423000,415.5414804143239,100
2024-09-18 14:05:21.464000,415.5700513891643,995
2024-09-18 14:05:21.474000,415.5149137710425,6
2024-09-18 14:05:21.496000,415.51357273808736,105
2024-09-18 14:05:21.543000,415.52325612819857,15
2024-09-18 14:05:21.555000,415.52859385087527,5
2024-09-18 14:05:21.562000,415.51457736401767,96
2024-09-18 14:05:21.578000,415.51076946342346,1000
2024-09-18 14:05:21.638000,415.5638449868864,14
2024-09-18 14:05:21.728000,415.50754952988143,9
2024-09-18 14:05:21.731000,415.5288838063912,1004
2024-09-18 14:05:21.794000,415.5694505774089,12
2024-09-18 14:05:21.802000,415.4943005363433,1002
2024-09-18 14:05:21.832000,415.518209509948,105
2024-09-18 14:05:21.903000,415.5146325694183,7
2024-09-18 14:05:21.922000,415.51773977486033,99
2024-09-18 14:05:21.948000,415.5334873592509,13
2024-09-18 14:05:21.980000,415.5530410387476,95
2024-09-18 14:05:22.032000,415.55929759239206,1004
2024-09-18 14:05:22.045000,415.5616002822581,1001
2024-09-18 14:05:22.046000,415.5651089966248,105
2024-09-18 14:05:22.067000,415.52172474727377,997
2024-09-18 14:05:22.088000,415.5415898963349,5
2024-09-18 14:05:22.096000,415.591108544694,1003
2024-09-18 14:05:22.140000,415.60176268345606,105
2024-09-18 14:05:22.143000,415.56512526807023,100
2024-09-18 14:05:22.162000,415.5892158863175,1003
2024-09-18 14:05:22.240000,415.5736952138513,100
2024-09-18 14:05:22.283000,415.5906037216076,997
2024-09-18 14:05:22.353000,415.5821611811753,104
2024-09-18 14:05:22.361000,415.5649329709766,9
2024-09-18 14:05:22.382000,415.58037174535593,997
2024-09-18 14:05:22.393000,415.5723693170564,999
2024-09-18 14:05:22.531000,415.6305874368744,5
2024-09-18 14:05:22.545000,415.55598219879295,102
2024-09-18 14:05:22.590000,415.5794122735674,14
2024-09-18 14:05:22.620000,415.5668971106991,1004
2024-09-18 14:05:22.622000,415.58558679839206,10
2024-09-18 14:05:22.650000,415.575653608338,12
2024-09-18 14:05:22.717000,415.5528334387972,5
2024-09-18 14:05:22.740000,415.5873769529509,7
2024-09-18 14:05:22.918000,415.58628331591774,102
2024-09-18 14:05:22.936000,415.6299636119913,1000
2024-09-18 14:05:22.950000,415.5472973339379,14
2024-09-18 14:05:22.967000,415.5771867033218,14
2024-09-18 14:05:22.984000,415.6238100059829,1000
2024-09-18 14:05:23.005000,415.5863294706212,1001
2024-09-18 14:05:23.081000,415.5843125554061,102
2024-09-18 14:05:23.186000,415.6059593633835,99
2024-09-18 14:05:23.359000,415.5922415916437,102
2024-09-18 14:05:23.523000,415.534697187149,8
2024-09-18 14:05:23.649000,415.61138305418433,1004
2024-09-18 14:05:23.652000,415.5912370105444,103
2024-09-18 14:05:23.687000,415.60027932573126,103
2024-09-18 14:05:23.688000,415.5610028458318,10
2024-09-18 14:05:23.708000,415.5889937308097,101
2024-09-18 14:05:24.037000,415.567301601205,9
2024-09-18 14:05:24.135000,415.5875922040776,96
2024-09-18 14:05:24.304000,415.5846231227944,102
2024-09-18 14:05:24.371000,415.58770305899753,997
2024-09-18 14:05:24.392000,415.61225254526425,1000
2024-09-18 14:05:24.487000,415.582010889442,1002
2024-09-18 14:05:24.496000,415.5570072609421,99
2024-09-18 14:05:24.543000,415.5663578840998,99
2024-09-18 14:05:24.557000,415.56698946980976,7
2024-09-18 14:05:24.585000,415.5946550705455,1005
2024-09-18 14:05:24.586000,415.5672958362856,1001
2024-09-18 14:05:24.958000,415.5670143443575,11
2024-09-18 14:05:24.995000,415.5980368723731,103
2024-09-18 14:05:25.063000,415.6026806844429,1004
2024-09-18 14:05:25.481000,415.60056639836176,1001
2024-09-18 14:05:25.683000,415.6105667632812,1001
2024-09-18 14:05:25.744000,415.6019454551156,6
2024-09-18 14:05:25.750000,415.6129921419563,7
2024-09-18 14:05:25.980000,415.59847383750895,998
2024-09-18 14:05:26.061000,415.566578746995,15
2024-09-18 14:05:26.515000,415.6044223342725,13
2024-09-18 14:05:26.984000,415.5931660787544,1003
2024-09-18 14:05:27.157000,415.5651028766426,6
2024-09-18 14:05:27.279000,415.6272683543593,996
2024-09-18 14:05:27.409000,415.5879080750414,998
2024-09-18 14:05:27.453000,415.6377104891141,13
2024-09-18 14:05:27.562000,415.6109416089746,6
2024-09-18 14:05:27.575000,415.6139382336552,100
2024-09-18 14:05:27.581000,415.6266300745282,13
2024-09-18 14:05:27.771000,415.6253202004037,1000
2024-09-18 14:05:27.782000,415.5863082851217,105
2024-09-18 14:05:27.956000,415.6071704102893,12
2024-09-18 14:05:28.007000,415.648551242796,1003
2024-09-18 14:05:28.015000,415.6572296492831,6
2024-09-18 14:05:28.020000,415.6456816916833,98
2024-09-18 14:05:28.021000,415.6298756728696,101
2024-09-18 14:05:28.030000,415.65883409616606,998
2024-09-18 14:05:28.108000,415.6651480032494,7
2024-09-18 14:05:28.156000,415.681051627567,999
2024-09-18 14:05:28.218000,415.6591920510754,99
2024-09-18 14:05:28.273000,415.6484024418544,102
2024-09-18 14:05:28.363000,415.63768932680375,100
2024-09-18 14:05:28.469000,415.6645177976112,1001
2024-09-18 14:05:28.516000,415.6581731671508,8
2024-09-18 14:05:28.533000,415.6481406760776,97
2024-09-18 14:05:28.534000,415.6556167181176,14
2024-09-18 14:05:28.646000,415.66045675380735,1001
2024-09-18 14:05:28.678000,415.6344176338491,9
2024-09-18 14:05:28.767000,415.6434460256706,1002
2024-09-18 14:05:28.770000,415.6611721036263,13
2024-09-18 14:05:28.778000,415.64703458488754,13
2024-09-18 14:05:28.816000,415.65230320423495,13
2024-09-18 14:05:28.862000,415.66265927801857,97
2024-09-18 14:05:28.933000,415.6450091390933,105
2024-09-18 14:05:29.021000,415.6242349266669,9
2024-09-18 14:05:29.178000,415.6156599453795,98
2024-09-18 14:05:29.343000,415.60363581839937,12
2024-09-18 14:05:29.834000,415.6304642952751,1000
2024-09-18 14:05:29.884000,415.6226472656555,100
2024-09-18 14:05:29.895000,415.6080826988184,12
2024-09-18 14:05:29.939000,415.6311679154754,6
2024-09-18 14:05:30.002000,415.58786533399393,95
2024-09-18 14:05:30.033000,415.5725175338231,100
2024-09-18 14:05:30.040000,415.5971438618576,13
2024-09-18 14:05:30.062000,415.5656908896565,95
2024-09-18 14:05:30.075000,415.57204896224295,999
2024-09-18 14:05:30.083000,415.5590065214704,5
2024-09-18 14:05:30.131000,415.5800173987363,104
2024-09-18 14:05:30.229000,415.59616487189146,8
2024-09-18 14:05:30.233000,415.54424856540027,10
2024-09-18 14:05:30.241000,415.5691197789308,1000
2024-09-18 14:05:30.284000,415.601586324157,13
2024-09-18 14:05:30.388000,415.59522071393366,998
2024-09-18 14:05:30.410000,415.5930103144579,101
2024-09-18 14:05:30.520000,415.567414401586,101
2024-09-18 14:05:30.525000,415.590816472942,102
2024-09-18 14:05:30.555000,415.5615743433137,98
2024-09-18 14:05:30.558000,415.5373434853501,9
2024-09-18 14:05:30.606000,415.5584589554522,105
2024-09-18 14:05:30.731000,415.5691652309354,1004
2024-09-18 14:05:30.734000,415.5640287418905,98
2024-09-18 14:05:30.741000,415.59029814571824,1002
2024-09-18 14:05:30.744000,415.5715343688745,9
2024-09-18 14:05:30.750000,415.5921190552749,1000
2024-09-18 14:05:30.779000,415.56865314126617,997
2024-09-18 14:05:30.819000,415.55660065653655,97
2024-09-18 14:05:30.858000,415.560866679775,12
2024-09-18 14:05:30.912000,415.5608728464596,9
2024-09-18 14:05:30.966000,415.5661921882717,5
2024-09-18 14:05:30.973000,415.59176958463553,95
2024-09-18 14:05:30.979000,415.598439848342,98
2024-09-18 14:05:32.015000,415.5737503634653,95
2024-09-18 14:05:32.451000,415.560928659241,105
2024-09-18 14:05:32.593000,415.5831076259261,998
2024-09-18 14:05:32.827000,415.57573091260855,95
2024-09-18 14:05:34.101000,415.5730856608066,102
2024-09-18 14:05:34.120000,415.6102729050279,104
2024-09-18 14:05:34.144000,415.5894035027943,6
2024-09-18 14:05:34.154000,415.60141392367706,104
2024-09-18 14:05:34.185000,415.59301312727024,10
2024-09-18 14:05:34.202000,415.602886005786,97
2024-09-18 14:05:34.233000,415.5906858965532,10
2024-09-18 14:05:34.280000,415.57782393601497,1001
2024-09-18 14:05:34.366000,415.57642754546345,1000
2024-09-18 14:05:34.445000,415.5950012249426,1000
2024-09-18 14:05:34.515000,415.5702414467914,9
2024-09-18 14:05:34.518000,415.6073404420201,7
2024-09-18 14:05:34.728000,415.6014764535522,99
2024-09-18 14:05:35.146000,415.5541603603479,11
2024-09-18 14:05:35.188000,415.53327614066535,1004
2024-09-18 14:05:35.355000,415.5254678314303,105
2024-09-18 14:05:35.391000,415.52604415863146,998
2024-09-18 14:05:35.464000,415.53252252924926,7
2024-09-18 14:05:35.476000,415.5510604310777,13
2024-09-18 14:05:35.477000,415.5340193586791,5
2024-09-18 14:05:35.540000,415.5175131455606,98
2024-09-18 14:05:35.555000,415.53636843888063,96
2024-09-18 14:05:35.589000,415.5501649990146,10
2024-09-18 14:05:35.779000,415.515632366645,13
2024-09-18 14:05:36.080000,415.5113511125134,11
2024-09-18 14:05:36.090000,415.4926403107651,10
2024-09-18 14:05:36.144000,415.5146262502525,99
2024-09-18 14:05:36.201000,415.48267006152014,1001
2024-09-18 14:05:36.202000,415.5089179133601,104
2024-09-18 14:05:36.209000,415.4910373663603,5
2024-09-18 14:05:36.216000,415.5354834077244,997
2024-09-18 14:05:36.218000,415.51633038571424,14
2024-09-18 14:05:36.281000,415.5242954076889,99
2024-09-18 14:05:36.381000,415.4942676403917,14
2024-09-18 14:05:36.395000,415.5410539265225,998
2024-09-18 14:05:36.430000,415.51043630485486,1002
2024-09-18 14:05:36.565000,415.4873263763385,100
2024-09-18 14:05:36.571000,415.53969172227846,1003
2024-09-18 14:05:36.629000,415.4957378040188,6
2024-09-18 14:05:36.696000,415.4913442346211,11
2024-09-18 14:05:36.710000,415.47785878255866,999
2024-09-18 14:05:36.714000,415.4765201625961,998
2024-09-18 14:05:36.737000,415.4808264766131,8
2024-09-18 14:05:36.756000,415.4818034822538,1002
2024-09-18 14:05:36.767000,415.4862817565866,995
2024-09-18 14:05:36.877000,415.5398121548197,8
2024-09-18 14:05:36.972000,415.4888870962848,6
2024-09-18 14:05:36.978000,415.4898156850208,6
2024-09-18 14:05:36.996000,415.5486540780142,11
2024-09-18 14:05:37.013000,415.5513881744502,998
2024-09-18 14:05:37.074000,415.64189494991984,100
2024-09-18 14:05:37.204000,415.5669387194792,10
2024-09-18 14:05:37.245000,415.6463501634938,7
2024-09-18 14:05:37.245000,415.64326677241326,95
2024-09-18 14:05:37.428000,415.5962615552325,15
2024-09-18 14:05:37.470000,415.58645858280994,105
2024-09-18 14:05:37.486000,415.5506915500568,998
2024-09-18 14:05:37.517000,415.56814996219134,11
2024-09-18 14:05:37.523000,415.6413848772918,9
2024-09-18 14:05:37.568000,415.6478516990852,1001
2024-09-18 14:05:37.601000,415.640488962096,9
2024-09-18 14:05:37.648000,415.6238388705688,96
2024-09-18 14:05:37.658000,415.6480580065672,7
2024-09-18 14:05:37.676000,415.6364929753865,6
2024-09-18 14:05:37.742000,415.6350001001008,11
2024-09-18 14:05:37.778000,415.5506361496737,14
2024-09-18 14:05:37.862000,415.6028979870624,96
2024-09-18 14:05:37.891000,415.61743586990127,998
2024-09-18 14:05:37.946000,415.63650082639,13
2024-09-18 14:05:37.980000,415.6316711441635,6
2024-09-18 14:05:37.986000,415.6208470350025,11
2024-09-18 14:05:38.026000,415.548914573403,1002
2024-09-18 14:05:38.128000,415.59704475722793,14
2024-09-18 14:05:38.202000,415.5602036028727,101
2024-09-18 14:05:38.248000,415.5456839491399,104
2024-09-18 14:05:38.255000,415.5318555217358,9
2024-09-18 14:05:38.326000,415.5669862850578,1003
2024-09-18 14:05:38.350000,415.5936111315789,10
2024-09-18 14:05:38.421000,415.5548960355813,1003
2024-09-18 14:05:38.503000,415.54087580415614,1001
2024-09-18 14:05:38.521000,415.5810307107043,1003
2024-09-18 14:05:38.630000,415.5746167352284,100
2024-09-18 14:05:38.783000,415.56307890162464,98
2024-09-18 14:05:39.450000,415.551848002774,105
2024-09-18 14:05:39.812000,415.5410721223761,101
2024-09-18 14:05:39.940000,415.551987817135,1005
2024-09-18 14:05:40.035000,415.5259864486696,1005
2024-09-18 14:05:40.040000,415.4852819838276,99
2024-09-18 14:05:40.175000,415.4910891963042,10
2024-09-18 14:05:40.195000,415.530255812663,104
2024-09-18 14:05:40.253000,415.56067449934926,98
2024-09-18 14:05:40.350000,415.45922956175536,99
2024-09-18 14:05:40.379000,415.534935956932,15
2024-09-18 14:05:40.459000,415.5443683570764,97
2024-09-18 14:05:40.518000,415.5273432897411,5
2024-09-18 14:05:40.703000,415.5057874185534,998
2024-09-18 14:05:40.761000,415.45956779021685,102
2024-09-18 14:05:40.933000,415.49383341551214,1000
2024-09-18 14:05:40.962000,415.5203284487205,12
2024-09-18 14:05:40.969000,415.5173346632072,1000
2024-09-18 14:05:41.098000,415.5546823855023,101
2024-09-18 14:05:41.137000,415.5456295901969,97
2024-09-18 14:05:41.355000,415.4855834786995,1004
2024-09-18 14:05:41.435000,415.48025211085456,98
2024-09-18 14:05:41.444000,415.5403573246659,103
2024-09-18 14:05:41.506000,415.5483028927154,1003
2024-09-18 14:05:41.679000,415.5390335474278,100
2024-09-18 14:05:41.801000,415.49700295615816,96
2024-09-18 14:05:41.885000,415.4977921318537,8
2024-09-18 14:05:41.892000,415.5053855464754,99
2024-09-18 14:05:41.910000,415.48521390003015,5
2024-09-18 14:05:42.153000,415.5604567248576,100
2024-09-18 14:05:42.253000,415.56018821264666,9
2024-09-18 14:05:42.414000,415.5581805456789,9
2024-09-18 14:05:42.554000,415.5684992163302,997
2024-09-18 14:05:42.631000,415.56843531992325,15
2024-09-18 14:05:42.836000,415.55143340967777,11
2024-09-18 14:05:42.854000,415.5648297480604,7
2024-09-18 14:05:43.011000,415.5482265355005,99
2024-09-18 14:05:43.176000,415.5643445923568,7
2024-09-18 14:05:43.224000,415.5263619819913,6
2024-09-18 14:05:43.315000,415.5857816913651,7
2024-09-18 14:05:43.422000,415.5365979691987,7
2024-09-18 14:05:43.433000,415.5644233610653,999
2024-09-18 14:05:43.542000,415.5680316035173,105
2024-09-18 14:05:43.560000,415.5785831996286,1005
2024-09-18 14:05:43.654000,415.55036530598096,997
2024-09-18 14:05:43.822000,415.5608341462036,997
2024-09-18 14:05:43.837000,415.5645962830942,98
2024-09-18 14:05:43.881000,415.5779539073334,97
2024-09-18 14:05:43.892000,415.578645853588,9
2024-09-18 14:05:43.912000,415.5564812354227,1003
2024-09-18 14:05:43.935000,415.5754958779287,98
2024-09-18 14:05:44.058000,415.53923672462673,1002
2024-09-18 14:05:44.093000,415.5399397476684,1002
2024-09-18 14:05:44.121000,415.5267263333273,8
2024-09-18 14:05:44.126000,415.5332243850643,105
2024-09-18 14:05:44.137000,415.5516791869011,95
2024-09-18 14:05:44.306000,415.52151315048974,8
2024-09-18 14:05:44.434000,415.5429726281764,10
2024-09-18 14:05:44.523000,415.54980258645446,10
2024-09-18 14:05:44.606000,415.55853462141687,1002
2024-09-18 14:05:44.787000,415.54112813096384,997
2024-09-18 14:05:44.825000,415.5479142585268,8
2024-09-18 14:05:45.125000,415.5530864467057,997
2024-09-18 14:05:45.134000,415.5158067038809,98
2024-09-18 14:05:45.169000,415.5228268559321,1003
2024-09-18 14:05:45.261000,415.5347864315516,96
2024-09-18 14:05:45.293000,415.51657531628985,105
2024-09-18 14:05:45.304000,415.495396639815,14
2024-09-18 14:05:45.399000,415.4773226020248,96
2024-09-18 14:05:45.444000,415.4732827090601,12
2024-09-18 14:05:45.451000,415.5361888683052,7
2024-09-18 14:05:45.488000,415.5114453299955,998
2024-09-18 14:05:45.497000,415.5506201360575,9
2024-09-18 14:05:45.530000,415.5368767382925,101
2024-09-18 14:05:45.620000,415.5290140517674,998
2024-09-18 14:05:45.623000,415.5545104159093,995
2024-09-18 14:05:45.693000,415.5212480922964,9
2024-09-18 14:05:45.737000,415.5279472480706,12
2024-09-18 14:05:45.753000,415.5307229233411,11
2024-09-18 14:05:45.795000,415.53400153852215,99
2024-09-18 14:05:45.889000,415.5564449620271,12
2024-09-18 14:05:45.938000,415.4852774976749,15
2024-09-18 14:05:45.940000,415.5389174484454,15
2024-09-18 14:05:45.952000,415.5258130987629,5
2024-09-18 14:05:45.995000,415.4563311237162,104
2024-09-18 14:05:46.190000,415.4665926335053,14
2024-09-18 14:05:46.216000,415.4627124871904,996
2024-09-18 14:05:46.220000,415.4573146406718,1004
2024-09-18 14:05:46.261000,415.4908454863129,103
2024-09-18 14:05:46.375000,415.4827834895588,1002
2024-09-18 14:05:46.407000,415.4915962531957,998
2024-09-18 14:05:46.451000,415.4691362093741,5
2024-09-18 14:05:46.462000,415.4831348481469,104
2024-09-18 14:05:46.515000,415.4796475566002,8
2024-09-18 14:05:46.515000,415.4939840570287,999
2024-09-18 14:05:46.534000,415.4942088527559,1004
2024-09-18 14:05:46.602000,415.47966858931454,996
2024-09-18 14:05:46.677000,415.49556745761856,997
2024-09-18 14:05:46.690000,415.45295464271953,14
2024-09-18 14:05:46.735000,415.467827332185,8
2024-09-18 14:05:46.743000,415.4656015389489,99
2024-09-18 14:05:46.749000,415.4770314067357,15
2024-09-18 14:05:46.779000,415.50134341443743,105
2024-09-18 14:05:46.792000,415.48528629590976,999
2024-09-18 14:05:46.809000,415.4856973175312,99
2024-09-18 14:05:46.865000,415.4899966272997,104
2024-09-18 14:05:46.885000,415.4579560839117,103
2024-09-18 14:05:46.918000,415.4784859755538,99
2024-09-18 14:05:46.968000,415.4869594192912,12
2024-09-18 14:05:47.028000,415.4495112616951,100
2024-09-18 14:05:47.085000,415.44577489080393,15
2024-09-18 14:05:47.086000,415.4717452209369,10
2024-09-18 14:05:47.133000,415.43244286235904,99
2024-09-18 14:05:47.159000,415.4724037584509,102
2024-09-18 14:05:47.254000,415.4769190753347,103
2024-09-18 14:05:47.257000,415.4633123485664,10
2024-09-18 14:05:47.375000,415.4550963706823,997
2024-09-18 14:05:47.521000,415.46011866241815,15
2024-09-18 14:05:47.536000,415.4504228359319,997
2024-09-18 14:05:47.540000,415.4537612110066,10
2024-09-18 14:05:47.566000,415.4660652416666,99
2024-09-18 14:05:47.591000,415.4478685991353,6
2024-09-18 14:05:47.660000,415.48084535216753,13
2024-09-18 14:05:47.687000,415.4671648650019,997
2024-09-18 14:05:47.712000,415.45725950788784,96
2024-09-18 14:05:47.734000,415.4625298748119,13
2024-09-18 14:05:47.740000,415.4531781313052,13
2024-09-18 14:05:47.799000,415.460261829814,6
2024-09-18 14:05:47.802000,415.4691714880431,11
2024-09-18 14:05:47.868000,415.4592046761318,1004
2024-09-18 14:05:47.875000,415.47748633625696,995
2024-09-18 14:05:47.904000,415.45083894034286,97
2024-09-18 14:05:47.914000,415.4488007603874,1001
2024-09-18 14:05:47.924000,415.4751300375927,15
2024-09-18 14:05:48.546000,415.4380099069234,99
2024-09-18 14:05:48.599000,415.4835525674301,98
2024-09-18 14:05:48.724000,415.4690251149667,1001
2024-09-18 14:05:48.755000,415.48655493412366,1003
2024-09-18 14:05:48.900000,415.4943796388248,104
2024-09-18 14:05:49.063000,415.4383487596551,1002
2024-09-18 14:05:49.153000,415.4935133082559,1005
2024-09-18 14:05:49.172000,415.4888581071535,7
2024-09-18 14:05:49.185000,415.4836333745825,98
2024-09-18 14:05:49.208000,415.4617547553822,11
2024-09-18 14:05:49.279000,415.4562418440706,15
2024-09-18 14:05:49.306000,415.4892535642136,15
2024-09-18 14:05:49.343000,415.4553804816213,1004
2024-09-18 14:05:49.361000,415.459301949538,1005
2024-09-18 14:05:49.467000,415.47170006847193,5
2024-09-18 14:05:49.573000,415.4457309698871,1001
2024-09-18 14:05:49.654000,415.48100100384937,97
2024-09-18 14:05:49.682000,415.459030563563,102
2024-09-18 14:05:49.687000,415.4336901213098,95
2024-09-18 14:05:49.736000,415.4910052850863,998
2024-09-18 14:05:49.751000,415.44413699895546,1002
2024-09-18 14:05:49.789000,415.453712436496,7
2024-09-18 14:05:49.827000,415.4662776652647,1003
2024-09-18 14:05:49.936000,415.4884133058466,1002
2024-09-18 14:05:49.946000,415.4437370641238,10
2024-09-18 14:05:49.981000,415.455667290448,10
2024-09-18 14:05:49.999000,415.4793670148536,1001
2024-09-18 14:05:50.041000,415.4383853483584,15
2024-09-18 14:05:50.065000,415.4680569653698,998
2024-09-18 14:05:50.149000,415.4229470828144,104
2024-09-18 14:05:50.154000,415.3939746012561,8
2024-09-18 14:05:50.296000,415.4094524077223,996
2024-09-18 14:05:50.318000,415.4401309414037,97
2024-09-18 14:05:50.355000,415.40485935965256,105
2024-09-18 14:05:50.483000,415.3991027791666,11
2024-09-18 14:05:50.496000,415.4321541664705,1003
2024-09-18 14:05:50.804000,415.4131840321796,11
2024-09-18 14:05:50.828000,415.3958049137278,997
2024-09-18 14:05:50.856000,415.4440576831087,103
2024-09-18 14:05:50.908000,415.45913029126206,10
2024-09-18 14:05:50.985000,415.4173456772176,10
2024-09-18 14:05:51.391000,415.43406378201166,1001
2024-09-18 14:05:51.417000,415.41084340913466,98
2024-09-18 14:05:51.442000,415.4417651066135,99
2024-09-18 14:05:51.576000,415.45774735991057,105
2024-09-18 14:05:51.658000,415.4217804060296,10
2024-09-18 14:05:51.860000,415.4791861180638,10
2024-09-18 14:05:52.177000,415.4705785613442,7
2024-09-18 14:05:52.648000,415.47477609181664,1004
2024-09-18 14:05:52.746000,415.4942725557207,999
2024-09-18 14:05:52.916000,415.5063169856819,9
2024-09-18 14:05:53.021000,415.5107686733542,99
2024-09-18 14:05:53.060000,415.4231192519736,10
2024-09-18 14:05:53.061000,415.4468986171132,100
2024-09-18 14:05:53.076000,415.450040187121,995
2024-09-18 14:05:53.102000,415.4877339863141,1001
2024-09-18 14:05:53.223000,415.4925518040041,95
2024-09-18 14:05:53.255000,415.4874136760101,95
2024-09-18 14:05:53.267000,415.47694009481273,102
2024-09-18 14:05:53.276000,415.40373388729154,103
2024-09-18 14:05:53.325000,415.4578254336396,100
2024-09-18 14:05:53.384000,415.4338314480833,95
2024-09-18 14:05:53.485000,415.4547904092314,1002
2024-09-18 14:05:53.493000,415.4914930010816,6
2024-09-18 14:05:53.526000,415.44983754522025,11
2024-09-18 14:05:53.676000,415.4893525347686,100
2024-09-18 14:05:53.700000,415.4423533086384,999
2024-09-18 14:05:53.729000,415.47480888703967,10
2024-09-18 14:05:53.802000,415.460056532229,1002
2024-09-18 14:05:53.912000,415.45140201979126,97
2024-09-18 14:05:53.925000,415.4325378791718,101
2024-09-18 14:05:53.927000,415.4795227893556,8
2024-09-18 14:05:54.167000,415.4245467796956,95
2024-09-18 14:05:54.354000,415.3735143843787,13
2024-09-18 14:05:54.574000,415.43119312362353,8
2024-09-18 14:05:54.575000,415.3801837121308,14
2024-09-18 14:05:54.650000,415.41191314670425,6
2024-09-18 14:05:54.706000,415.3692948519643,996
2024-09-18 14:05:54.724000,415.413978985836,97
2024-09-18 14:05:54.808000,415.4503206269639,96
2024-09-18 14:05:54.831000,415.3835821202032,8
2024-09-18 14:05:54.850000,415.4125889876172,997
2024-09-18 14:05:54.853000,415.3721302189289,1001
2024-09-18 14:05:54.861000,415.4099738176988,1001
2024-09-18 14:05:54.929000,415.4028881504068,8
2024-09-18 14:05:55.011000,415.4824486314246,11
2024-09-18 14:05:55.057000,415.4761445641513,97
2024-09-18 14:05:55.069000,415.4719054443878,995
2024-09-18 14:05:55.164000,415.4486675276333,996
2024-09-18 14:05:55.204000,415.4352245857954,13
2024-09-18 14:05:55.221000,415.4530567999384,105
2024-09-18 14:05:55.283000,415.4570059240205,95
2024-09-18 14:05:55.353000,415.482364642016,99
2024-09-18 14:05:55.361000,415.4753512419864,5
2024-09-18 14:05:55.367000,415.4446258599413,97
2024-09-18 14:05:55.439000,415.44940723382166,104
2024-09-18 14:05:55.460000,415.4468920334709,101
2024-09-18 14:05:55.534000,415.4771548229723,11
2024-09-18 14:05:55.588000,415.4592706730444,103
2024-09-18 14:05:55.589000,415.45712118869534,97
2024-09-18 14:05:55.621000,415.42688059280056,97
2024-09-18 14:05:55.667000,415.48669022092577,13
2024-09-18 14:05:55.677000,415.4242704246709,8
2024-09-18 14:05:55.697000,415.494052870292,10
2024-09-18 14:05:55.774000,415.4278977023196,11
2024-09-18 14:05:55.871000,415.4815354627669,10
2024-09-18 14:05:55.991000,415.4311218180857,1005
2024-09-18 14:05:55.992000,415.48978428785233,13
2024-09-18 14:05:55.994000,415.50049284616097,13
2024-09-18 14:05:56.002000,415.47810358336943,101
2024-09-18 14:05:56.127000,415.48565013856864,999
2024-09-18 14:05:56.128000,415.411709338852,8
2024-09-18 14:05:56.174000,415.4127773866145,1001
2024-09-18 14:05:56.212000,415.3767738299177,99
2024-09-18 14:05:56.232000,415.4075758797373,104
2024-09-18 14:05:56.245000,415.45202507744864,999
2024-09-18 14:05:56.263000,415.3844805664791,998
2024-09-18 14:05:56.514000,415.4051621807289,999
2024-09-18 14:05:56.527000,415.4824458423256,14
2024-09-18 14:05:56.541000,415.39869875110605,101
2024-09-18 14:05:56.545000,415.5020738636926,102
2024-09-18 14:05:56.554000,415.4239037979232,996
2024-09-18 14:05:56.555000,415.3751370938097,8
2024-09-18 14:05:56.680000,415.39133292435855,996
2024-09-18 14:05:56.698000,415.39199948691646,995
2024-09-18 14:05:56.714000,415.4046465573,7
2024-09-18 14:05:56.735000,415.5070799769283,12
2024-09-18 14:05:56.739000,415.4060321990975,6
2024-09-18 14:05:56.754000,415.40229405352574,96
2024-09-18 14:05:56.820000,415.4975821286611,10
2024-09-18 14:05:56.844000,415.4421698573528,1000
2024-09-18 14:05:56.868000,415.4921834444338,10
2024-09-18 14:05:56.957000,415.3976001902722,101
2024-09-18 14:05:56.972000,415.4092732134798,997
2024-09-18 14:05:56.978000,415.3868352500052,998
2024-09-18 14:05:57.007000,415.4230617569784,11
2024-09-18 14:05:57.018000,415.4122095587209,98
2024-09-18 14:05:57.021000,415.36298145716006,995
2024-09-18 14:05:57.029000,415.4053444091078,1005
2024-09-18 14:05:57.074000,415.3487487923077,12
2024-09-18 14:05:57.119000,415.3700402650856,14
2024-09-18 14:05:57.129000,415.3808420020389,1002
2024-09-18 14:05:57.133000,415.4210080997226,7
2024-09-18 14:05:57.162000,415.4171405518493,104
2024-09-18 14:05:57.170000,415.3863343947839,996
2024-09-18 14:05:57.258000,415.359884665365,1000
2024-09-18 14:05:57.270000,415.4257691365992,103
2024-09-18 14:05:57.288000,415.34576212884815,1001
2024-09-18 14:05:57.303000,415.3615553745622,96
2024-09-18 14:05:57.329000,415.3541806889142,102
2024-09-18 14:05:57.388000,415.3618379802707,99
2024-09-18 14:05:57.388000,415.35420514407207,999
2024-09-18 14:05:57.399000,415.3493261473448,97
2024-09-18 14:05:57.412000,415.4206943726056,98
2024-09-18 14:05:57.419000,415.428246942322,99
2024-09-18 14:05:57.503000,415.3966937134947,8
2024-09-18 14:05:57.664000,415.4126630685212,13
2024-09-18 14:05:57.665000,415.3635655646164,995
2024-09-18 14:05:57.733000,415.4298636128151,105
2024-09-18 14:05:57.787000,415.42823431662447,102
2024-09-18 14:05:57.796000,415.3666485432104,1000
2024-09-18 14:05:57.855000,415.3667276598604,104
2024-09-18 14:05:57.910000,415.4187839442575,1001
2024-09-18 14:05:58.102000,415.37482554679457,9
2024-09-18 14:05:58.290000,415.3463687062909,10
2024-09-18 14:05:58.444000,415.37848442198685,12
2024-09-18 14:05:58.517000,415.3633125779522,102
2024-09-18 14:05:58.545000,415.3701720693518,13
2024-09-18 14:05:58.596000,415.362962025283,8
2024-09-18 14:05:58.626000,415.3659790082544,998
2024-09-18 14:05:58.649000,415.3601188245781,7
2024-09-18 14:05:58.764000,415.3559114547567,102
2024-09-18 14:05:58.932000,415.3620195867638,15
2024-09-18 14:05:59.084000,415.3448819583697,998
2024-09-18 14:05:59.095000,415.3553668337758,11
2024-09-18 14:05:59.123000,415.34589238506777,1002
2024-09-18 14:05:59.185000,415.3500136290181,97
2024-09-18 14:05:59.242000,415.327957080468,995
2024-09-18 14:05:59.286000,415.356417165582,1005
2024-09-18 14:05:59.399000,415.33942901546845,996
2024-09-18 14:05:59.711000,415.3495688100712,102
2024-09-18 14:05:59.910000,415.3635417769488,100
