Timestamp,Price,Size
2024-09-20 12:33:00.024000,427.7399011041453,9
2024-09-20 12:33:00.073000,427.7477193099905,14
2024-09-20 12:33:00.090000,427.7432089054743,95
2024-09-20 12:33:00.201000,427.7550587549198,1004
2024-09-20 12:33:00.284000,427.75381307609376,95
2024-09-20 12:33:00.342000,427.7186643871359,996
2024-09-20 12:33:00.405000,427.7584100672248,1004
2024-09-20 12:33:00.495000,427.76360057578,96
2024-09-20 12:33:00.553000,427.75697638531074,95
2024-09-20 12:33:00.569000,427.7576770968143,100
2024-09-20 12:33:00.652000,427.752302578261,7
2024-09-20 12:33:00.678000,427.75649440341886,100
2024-09-20 12:33:00.683000,427.7138061273863,100
2024-09-20 12:33:00.767000,427.7334227915164,97
2024-09-20 12:33:00.783000,427.762294673603,1005
2024-09-20 12:33:00.825000,427.76749042862775,103
2024-09-20 12:33:00.904000,427.72438174346,96
2024-09-20 12:33:00.941000,427.71348266753085,8
2024-09-20 12:33:00.948000,427.7331212175844,997
2024-09-20 12:33:01.061000,427.7074882747052,15
2024-09-20 12:33:01.105000,427.71189193840297,96
2024-09-20 12:33:01.127000,427.7555785457567,5
2024-09-20 12:33:01.171000,427.7301730631995,1004
2024-09-20 12:33:01.247000,427.725086640419,9
2024-09-20 12:33:01.298000,427.7352375615289,995
2024-09-20 12:33:01.358000,427.7074907145263,14
2024-09-20 12:33:01.370000,427.7516475355016,1004
2024-09-20 12:33:01.376000,427.71251218050304,104
2024-09-20 12:33:01.410000,427.7577779689788,1002
2024-09-20 12:33:01.449000,427.7484149458044,102
2024-09-20 12:33:01.547000,427.7257700142395,15
2024-09-20 12:33:01.582000,427.71642101475584,102
2024-09-20 12:33:01.590000,427.7193106399207,105
2024-09-20 12:33:01.617000,427.70377479244985,100
2024-09-20 12:33:01.628000,427.6852458965788,7
2024-09-20 12:33:01.731000,427.7351526464017,1005
2024-09-20 12:33:01.772000,427.7055447471736,96
2024-09-20 12:33:01.810000,427.70308946058407,13
2024-09-20 12:33:01.854000,427.6957389810671,14
2024-09-20 12:33:01.863000,427.68019931926136,1004
2024-09-20 12:33:01.908000,427.732585656665,102
2024-09-20 12:33:01.947000,427.7168762079187,12
2024-09-20 12:33:02.047000,427.7232700335077,1004
2024-09-20 12:33:02.104000,427.76187962676966,15
2024-09-20 12:33:02.178000,427.706881846555,5
2024-09-20 12:33:02.179000,427.7417832298692,95
2024-09-20 12:33:02.205000,427.6650353208875,103
2024-09-20 12:33:02.248000,427.61797735544513,95
2024-09-20 12:33:02.256000,427.6251473291062,1001
2024-09-20 12:33:02.264000,427.6312251690945,15
2024-09-20 12:33:02.280000,427.6647899760246,99
2024-09-20 12:33:02.299000,427.6475008209794,15
2024-09-20 12:33:02.332000,427.7139520159128,9
2024-09-20 12:33:02.347000,427.7561848966954,998
2024-09-20 12:33:02.461000,427.7035361690292,97
2024-09-20 12:33:02.469000,427.6525767309423,8
2024-09-20 12:33:02.583000,427.707872943584,996
2024-09-20 12:33:02.685000,427.7347419802776,8
2024-09-20 12:33:02.705000,427.6619558446925,12
2024-09-20 12:33:02.809000,427.6832264275895,1003
2024-09-20 12:33:02.822000,427.7675215239178,996
2024-09-20 12:33:02.829000,427.7537214691586,103
2024-09-20 12:33:02.839000,427.7289367052618,1005
2024-09-20 12:33:02.845000,427.7148762665133,95
2024-09-20 12:33:02.863000,427.7271206809425,104
2024-09-20 12:33:02.871000,427.7180142897209,999
2024-09-20 12:33:02.955000,427.7041233939649,99
2024-09-20 12:33:02.982000,427.75136836069134,15
2024-09-20 12:33:02.993000,427.73489181178286,1002
2024-09-20 12:33:03.027000,427.68749521351054,95
2024-09-20 12:33:03.067000,427.674299252876,95
2024-09-20 12:33:03.222000,427.6544820953635,10
2024-09-20 12:33:03.297000,427.7380360628696,1001
2024-09-20 12:33:03.387000,427.69383141488936,14
2024-09-20 12:33:03.397000,427.67133481096414,104
2024-09-20 12:33:03.427000,427.6407650999329,8
2024-09-20 12:33:03.478000,427.7014117969072,13
2024-09-20 12:33:03.497000,427.6726323348405,9
2024-09-20 12:33:03.514000,427.6865025268334,1004
2024-09-20 12:33:03.528000,427.6732494543927,102
2024-09-20 12:33:03.758000,427.6757064055019,5
2024-09-20 12:33:03.783000,427.6595988187551,6
2024-09-20 12:33:03.801000,427.6685055167709,996
2024-09-20 12:33:03.812000,427.64609155860586,8
2024-09-20 12:33:03.830000,427.6959386971703,13
2024-09-20 12:33:03.961000,427.686283032387,14
2024-09-20 12:33:03.980000,427.64629371720224,13
2024-09-20 12:33:03.998000,427.6749278093386,9
2024-09-20 12:33:04.009000,427.6728378040448,11
2024-09-20 12:33:04.083000,427.675506645612,1002
2024-09-20 12:33:04.134000,427.6957465556004,104
2024-09-20 12:33:04.204000,427.6885845340529,996
2024-09-20 12:33:04.366000,427.6592056420673,99
2024-09-20 12:33:04.369000,427.6982932010392,1003
2024-09-20 12:33:04.386000,427.7339102371114,995
2024-09-20 12:33:04.423000,427.686194760422,1002
2024-09-20 12:33:04.580000,427.6855098082637,100
2024-09-20 12:33:04.590000,427.6754208181158,13
2024-09-20 12:33:04.641000,427.7241091993926,105
2024-09-20 12:33:04.673000,427.6697363270289,104
2024-09-20 12:33:04.694000,427.7057034477099,104
2024-09-20 12:33:04.743000,427.725565529957,101
2024-09-20 12:33:04.775000,427.702838191008,1002
2024-09-20 12:33:04.803000,427.670474922766,995
2024-09-20 12:33:04.855000,427.6794367016914,10
2024-09-20 12:33:04.951000,427.6796725968278,1000
2024-09-20 12:33:05.045000,427.8126457395421,11
2024-09-20 12:33:05.184000,427.7826990573221,1002
2024-09-20 12:33:05.193000,427.6731387234495,103
2024-09-20 12:33:05.228000,427.76938475671705,101
2024-09-20 12:33:05.287000,427.68926117171145,6
2024-09-20 12:33:05.311000,427.6686373769292,105
2024-09-20 12:33:05.318000,427.7193488730293,1002
2024-09-20 12:33:05.340000,427.8240751299501,98
2024-09-20 12:33:05.348000,427.83266008062833,15
2024-09-20 12:33:05.362000,427.767820350112,98
2024-09-20 12:33:05.364000,427.761652646208,6
2024-09-20 12:33:05.378000,427.6949325321676,99
2024-09-20 12:33:05.420000,427.75448897381614,102
2024-09-20 12:33:05.428000,427.6969228806222,8
2024-09-20 12:33:05.560000,427.8302885563911,12
2024-09-20 12:33:05.564000,427.760921164452,104
2024-09-20 12:33:05.591000,427.69706424566994,12
2024-09-20 12:33:05.626000,427.7752311564399,9
2024-09-20 12:33:05.659000,427.7025759799017,7
2024-09-20 12:33:05.684000,427.7136524900384,999
2024-09-20 12:33:05.755000,427.7575699633816,99
2024-09-20 12:33:05.774000,427.820112638184,10
2024-09-20 12:33:05.813000,427.8774516815538,13
2024-09-20 12:33:05.823000,427.78721497096376,105
2024-09-20 12:33:05.835000,427.67396032691295,6
2024-09-20 12:33:05.919000,427.85409465994326,105
2024-09-20 12:33:06.048000,427.8666477552197,105
2024-09-20 12:33:06.135000,427.82110370353377,8
2024-09-20 12:33:06.257000,427.8455156754833,11
2024-09-20 12:33:06.457000,427.853448997256,100
2024-09-20 12:33:06.642000,427.8302666335399,98
2024-09-20 12:33:06.679000,427.8689533813501,95
2024-09-20 12:33:06.693000,427.82419296086897,996
2024-09-20 12:33:06.736000,427.8595745555247,5
2024-09-20 12:33:06.907000,427.84796713771846,103
2024-09-20 12:33:07.026000,427.82807439363535,1003
2024-09-20 12:33:07.330000,427.8167071073101,13
2024-09-20 12:33:07.357000,427.8244532929126,8
2024-09-20 12:33:07.409000,427.8598484080398,105
2024-09-20 12:33:07.549000,427.8292348469531,1001
2024-09-20 12:33:07.623000,427.82375407947,996
2024-09-20 12:33:07.856000,427.8361896423413,105
2024-09-20 12:33:07.971000,427.8203316405687,1004
2024-09-20 12:33:08.099000,427.8416054275689,104
2024-09-20 12:33:08.111000,427.8525808344181,10
2024-09-20 12:33:08.131000,427.7936442194237,1004
2024-09-20 12:33:08.257000,427.8577969849573,96
2024-09-20 12:33:08.375000,427.8157981740519,1005
2024-09-20 12:33:08.490000,427.8096095533082,104
2024-09-20 12:33:08.618000,427.8334301604776,96
2024-09-20 12:33:08.685000,427.8241990032091,103
2024-09-20 12:33:08.702000,427.7980485737663,7
2024-09-20 12:33:08.719000,427.8568486615472,103
2024-09-20 12:33:08.766000,427.8233069918912,996
2024-09-20 12:33:08.779000,427.7873039320336,8
2024-09-20 12:33:08.808000,427.7815569267609,98
2024-09-20 12:33:08.883000,427.7997150941228,1000
2024-09-20 12:33:08.887000,427.81416059275,996
2024-09-20 12:33:08.914000,427.8084085198635,996
2024-09-20 12:33:09.104000,427.8213127702667,14
2024-09-20 12:33:09.114000,427.7542797951162,5
2024-09-20 12:33:09.201000,427.78708126142726,1003
2024-09-20 12:33:09.232000,427.8035631708906,9
2024-09-20 12:33:09.247000,427.7592478172532,103
2024-09-20 12:33:09.298000,427.7673260844573,95
2024-09-20 12:33:09.314000,427.81583752736566,12
2024-09-20 12:33:09.314000,427.7739577148857,995
2024-09-20 12:33:09.337000,427.8177312106645,99
2024-09-20 12:33:09.372000,427.78452821571705,105
2024-09-20 12:33:09.430000,427.795078603037,99
2024-09-20 12:33:09.437000,427.77102768960754,8
2024-09-20 12:33:09.443000,427.8047286609884,995
2024-09-20 12:33:09.451000,427.7712900178775,96
2024-09-20 12:33:09.452000,427.7872718898758,103
2024-09-20 12:33:09.509000,427.762400311444,101
2024-09-20 12:33:09.620000,427.7869489648072,996
2024-09-20 12:33:09.653000,427.7970806828476,1005
2024-09-20 12:33:09.659000,427.7798986922122,996
2024-09-20 12:33:09.706000,427.7811226673904,1001
2024-09-20 12:33:09.780000,427.81708965390857,96
2024-09-20 12:33:09.797000,427.7843095139047,97
2024-09-20 12:33:09.815000,427.8236539903996,12
2024-09-20 12:33:09.816000,427.7749223794131,95
2024-09-20 12:33:09.911000,427.7753894248576,105
2024-09-20 12:33:09.947000,427.7800540096866,100
2024-09-20 12:33:09.981000,427.7863664300296,100
2024-09-20 12:33:10.105000,427.77487576228185,10
2024-09-20 12:33:10.110000,427.7489624953065,1002
2024-09-20 12:33:10.131000,427.7590226197416,9
2024-09-20 12:33:10.170000,427.78855544960703,7
2024-09-20 12:33:10.269000,427.7763903441431,101
2024-09-20 12:33:10.338000,427.7890206536577,995
2024-09-20 12:33:10.341000,427.7617734724353,6
2024-09-20 12:33:10.378000,427.7811278310339,1004
2024-09-20 12:33:10.452000,427.7868473805796,9
2024-09-20 12:33:10.526000,427.7690725603879,7
2024-09-20 12:33:10.651000,427.7567213469503,1001
2024-09-20 12:33:10.775000,427.7696001996279,1001
2024-09-20 12:33:10.969000,427.7601380588496,7
2024-09-20 12:33:10.991000,427.7779046418821,1002
2024-09-20 12:33:11.651000,427.7895287671433,99
2024-09-20 12:33:12.014000,427.7627341044728,98
2024-09-20 12:33:12.022000,427.741965887695,100
2024-09-20 12:33:12.061000,427.75350438491535,1000
2024-09-20 12:33:12.061000,427.7656257948695,995
2024-09-20 12:33:12.107000,427.756264424936,996
2024-09-20 12:33:12.143000,427.759196244996,10
2024-09-20 12:33:12.232000,427.7488114947589,14
2024-09-20 12:33:12.470000,427.77603957726166,6
2024-09-20 12:33:12.476000,427.7589449168749,96
2024-09-20 12:33:12.507000,427.7628287584156,104
2024-09-20 12:33:12.582000,427.7484886400753,999
2024-09-20 12:33:12.776000,427.76920199577336,99
2024-09-20 12:33:12.815000,427.74506947084143,5
2024-09-20 12:33:12.823000,427.7699457198107,5
2024-09-20 12:33:12.915000,427.76367801661786,999
2024-09-20 12:33:12.999000,427.7597709286806,1001
2024-09-20 12:33:13.100000,427.7503899509808,995
2024-09-20 12:33:13.539000,427.7691651967422,95
2024-09-20 12:33:13.540000,427.73120649422594,1002
2024-09-20 12:33:13.729000,427.7269087768278,98
2024-09-20 12:33:13.746000,427.7426100366281,1001
2024-09-20 12:33:13.760000,427.7646553902371,95
2024-09-20 12:33:14.091000,427.7090096216826,7
2024-09-20 12:33:14.112000,427.7836442195688,1003
2024-09-20 12:33:14.115000,427.71899643931016,101
2024-09-20 12:33:14.137000,427.6958980349179,1000
2024-09-20 12:33:14.147000,427.7516283817707,95
2024-09-20 12:33:14.215000,427.72567624466416,1005
2024-09-20 12:33:14.329000,427.75094296872686,101
2024-09-20 12:33:14.375000,427.7713463173267,97
2024-09-20 12:33:14.442000,427.78187229505255,1002
2024-09-20 12:33:14.447000,427.704848431379,1000
2024-09-20 12:33:14.469000,427.7154569378832,12
2024-09-20 12:33:14.560000,427.7718063740679,103
2024-09-20 12:33:14.618000,427.7588537598781,103
2024-09-20 12:33:14.643000,427.7011943052431,99
2024-09-20 12:33:14.658000,427.7089279333569,999
2024-09-20 12:33:14.658000,427.712825895155,996
2024-09-20 12:33:14.679000,427.764977807581,998
2024-09-20 12:33:14.692000,427.7645173512222,101
2024-09-20 12:33:14.797000,427.72632465511913,100
2024-09-20 12:33:14.812000,427.726959851261,14
2024-09-20 12:33:14.849000,427.71920033262137,105
2024-09-20 12:33:14.853000,427.75894488682655,999
2024-09-20 12:33:14.880000,427.7828709605457,97
2024-09-20 12:33:14.954000,427.7716974317357,6
2024-09-20 12:33:14.956000,427.7495809234133,101
2024-09-20 12:33:15.039000,427.802516635245,6
2024-09-20 12:33:15.137000,427.77140634569423,96
2024-09-20 12:33:15.187000,427.78035103002026,101
2024-09-20 12:33:15.272000,427.8085367511723,97
2024-09-20 12:33:15.295000,427.7703206025765,1001
2024-09-20 12:33:15.301000,427.7746125385884,1003
2024-09-20 12:33:15.377000,427.77869306116094,997
2024-09-20 12:33:15.381000,427.7937718256088,101
2024-09-20 12:33:15.398000,427.80217775742,15
2024-09-20 12:33:15.498000,427.7902813529639,1001
2024-09-20 12:33:15.558000,427.75114987130064,998
2024-09-20 12:33:15.611000,427.7726910793825,104
2024-09-20 12:33:15.636000,427.8031193623103,105
2024-09-20 12:33:15.650000,427.8077815322159,14
2024-09-20 12:33:15.661000,427.77621244773394,95
2024-09-20 12:33:15.679000,427.7984967672274,12
2024-09-20 12:33:15.709000,427.8233202777725,10
2024-09-20 12:33:15.753000,427.8071872104351,999
2024-09-20 12:33:15.785000,427.75849939392566,95
2024-09-20 12:33:15.872000,427.8091268202812,98
2024-09-20 12:33:15.874000,427.804813113793,1002
2024-09-20 12:33:15.874000,427.7745418012637,998
2024-09-20 12:33:15.898000,427.8124172644051,104
2024-09-20 12:33:15.951000,427.81263088512935,5
2024-09-20 12:33:15.954000,427.8189223796266,9
2024-09-20 12:33:15.985000,427.7987928539639,997
2024-09-20 12:33:16.021000,427.7650256618209,103
2024-09-20 12:33:16.203000,427.7300424793417,1000
2024-09-20 12:33:16.265000,427.7515889350076,1004
2024-09-20 12:33:16.423000,427.7392866761482,1004
2024-09-20 12:33:16.433000,427.76553207845296,11
2024-09-20 12:33:16.457000,427.75393222304587,101
2024-09-20 12:33:16.487000,427.7351774765008,6
2024-09-20 12:33:16.514000,427.73854996057634,998
2024-09-20 12:33:16.567000,427.7474250439422,102
2024-09-20 12:33:16.622000,427.7486452551181,98
2024-09-20 12:33:16.633000,427.73706835637086,95
2024-09-20 12:33:16.730000,427.74755018034097,98
2024-09-20 12:33:16.784000,427.75513274461497,103
2024-09-20 12:33:16.975000,427.7513115856325,7
2024-09-20 12:33:16.988000,427.7555228020545,999
2024-09-20 12:33:17.020000,427.7569583371237,10
2024-09-20 12:33:17.073000,427.7437031109324,996
2024-09-20 12:33:17.132000,427.7370212986237,103
2024-09-20 12:33:17.141000,427.7362490213323,105
2024-09-20 12:33:17.257000,427.7672781587036,8
2024-09-20 12:33:17.430000,427.776203782707,8
2024-09-20 12:33:17.460000,427.7327116014681,100
2024-09-20 12:33:17.555000,427.7400278233282,101
2024-09-20 12:33:17.566000,427.7282048593029,5
2024-09-20 12:33:17.648000,427.71119647454464,998
2024-09-20 12:33:17.682000,427.7188310372736,998
2024-09-20 12:33:17.731000,427.7379132966682,10
2024-09-20 12:33:17.748000,427.72845396500406,98
2024-09-20 12:33:17.794000,427.7129929361625,8
2024-09-20 12:33:17.913000,427.7238508207863,105
2024-09-20 12:33:18.096000,427.73704897698167,13
2024-09-20 12:33:18.097000,427.7408422727844,99
2024-09-20 12:33:18.153000,427.7778447047105,99
2024-09-20 12:33:18.290000,427.7251888775938,10
2024-09-20 12:33:18.352000,427.7474567626456,6
2024-09-20 12:33:18.384000,427.77076677764006,14
2024-09-20 12:33:18.388000,427.7293560423422,9
2024-09-20 12:33:18.395000,427.7446169951668,5
2024-09-20 12:33:18.414000,427.7356387205686,98
2024-09-20 12:33:18.503000,427.7415481173509,105
2024-09-20 12:33:18.545000,427.7263386655755,1003
2024-09-20 12:33:18.570000,427.74120281736606,11
2024-09-20 12:33:18.613000,427.76157268070926,995
2024-09-20 12:33:18.686000,427.7658360599677,8
2024-09-20 12:33:18.713000,427.7488992057343,1004
2024-09-20 12:33:18.715000,427.7669815279386,998
2024-09-20 12:33:18.728000,427.7949028400496,1005
2024-09-20 12:33:18.778000,427.7183619279994,105
2024-09-20 12:33:18.792000,427.7637252405135,1004
2024-09-20 12:33:18.803000,427.7158171027725,996
2024-09-20 12:33:18.812000,427.7794756278504,998
2024-09-20 12:33:18.858000,427.7861117146742,103
2024-09-20 12:33:18.862000,427.772544824838,1001
2024-09-20 12:33:18.952000,427.7576247778041,98
2024-09-20 12:33:18.963000,427.7775130220522,15
2024-09-20 12:33:19.042000,427.8390491184832,11
2024-09-20 12:33:19.120000,427.8167441370645,15
2024-09-20 12:33:19.121000,427.8220965840448,98
2024-09-20 12:33:19.137000,427.8013049171421,5
2024-09-20 12:33:19.150000,427.78151355786247,8
2024-09-20 12:33:19.190000,427.7917685008714,995
2024-09-20 12:33:19.220000,427.8128676367991,10
2024-09-20 12:33:19.241000,427.8325391531912,14
2024-09-20 12:33:19.276000,427.8334830523245,12
2024-09-20 12:33:19.456000,427.7884081293417,5
2024-09-20 12:33:19.512000,427.8159899943959,15
2024-09-20 12:33:19.523000,427.8088458489672,10
2024-09-20 12:33:19.566000,427.82597680009934,99
2024-09-20 12:33:19.574000,427.7957089045685,1005
2024-09-20 12:33:19.647000,427.80384432800633,6
2024-09-20 12:33:19.663000,427.7801712047304,100
2024-09-20 12:33:19.686000,427.7740738866233,6
2024-09-20 12:33:19.772000,427.8421134874854,5
2024-09-20 12:33:19.806000,427.77817944042073,12
2024-09-20 12:33:19.827000,427.78902328053096,102
2024-09-20 12:33:19.846000,427.8317175928564,1001
2024-09-20 12:33:19.900000,427.83423525977065,105
2024-09-20 12:33:19.928000,427.8237078739213,1003
2024-09-20 12:33:19.965000,427.7983103370976,13
2024-09-20 12:33:19.975000,427.7920268138177,5
2024-09-20 12:33:21.110000,427.83105228842095,8
2024-09-20 12:33:21.128000,427.8119319298116,9
2024-09-20 12:33:21.230000,427.7967165838189,98
2024-09-20 12:33:21.254000,427.81879836144617,95
2024-09-20 12:33:21.283000,427.790485968804,95
2024-09-20 12:33:21.311000,427.826110846484,8
2024-09-20 12:33:21.349000,427.823826450042,996
2024-09-20 12:33:21.409000,427.8012943466466,1004
2024-09-20 12:33:21.456000,427.80432621000097,12
2024-09-20 12:33:21.460000,427.7893807693237,1002
2024-09-20 12:33:21.465000,427.8112430702004,1005
2024-09-20 12:33:21.489000,427.7751558537077,1001
2024-09-20 12:33:21.498000,427.7897565123128,1000
2024-09-20 12:33:21.535000,427.7983053130497,8
2024-09-20 12:33:21.559000,427.7872485804209,1002
2024-09-20 12:33:21.659000,427.78970067575153,1005
2024-09-20 12:33:21.727000,427.7984703277561,11
2024-09-20 12:33:21.784000,427.8019609033342,998
2024-09-20 12:33:21.810000,427.7737633825471,104
2024-09-20 12:33:21.850000,427.8382931150005,15
2024-09-20 12:33:21.911000,427.7980490548509,103
2024-09-20 12:33:22.022000,427.8879813205296,100
2024-09-20 12:33:22.085000,427.86864196930617,101
2024-09-20 12:33:22.112000,427.8882498743365,100
2024-09-20 12:33:22.133000,427.8263830951759,1004
2024-09-20 12:33:22.263000,427.8582544641595,102
2024-09-20 12:33:22.433000,427.840132463127,15
2024-09-20 12:33:22.434000,427.8776128476496,95
2024-09-20 12:33:22.481000,427.8643883573717,97
2024-09-20 12:33:22.493000,427.78038654636623,11
2024-09-20 12:33:22.604000,427.81309525141023,999
2024-09-20 12:33:22.789000,427.8717514201928,102
2024-09-20 12:33:22.798000,427.86315171422257,995
2024-09-20 12:33:22.808000,427.8886713882448,998
2024-09-20 12:33:22.818000,427.8631658957086,14
2024-09-20 12:33:22.828000,427.8179234080608,1004
2024-09-20 12:33:22.835000,427.8856566590766,7
2024-09-20 12:33:22.919000,427.8835317611941,100
2024-09-20 12:33:22.939000,427.7979984110328,998
2024-09-20 12:33:22.994000,427.8633097615513,100
2024-09-20 12:33:23.010000,427.9749283236485,98
2024-09-20 12:33:23.031000,427.94643309868616,99
2024-09-20 12:33:23.194000,427.9128374937785,96
2024-09-20 12:33:23.345000,427.9353950685416,15
2024-09-20 12:33:23.419000,428.0180101455284,5
2024-09-20 12:33:23.420000,427.8862601919199,97
2024-09-20 12:33:23.425000,427.9708689762531,5
2024-09-20 12:33:23.444000,427.8554929654835,101
2024-09-20 12:33:23.499000,427.95606187019206,9
2024-09-20 12:33:23.518000,427.8868928356316,1002
2024-09-20 12:33:23.521000,427.8932804485361,1005
2024-09-20 12:33:23.556000,427.950387599688,998
2024-09-20 12:33:23.559000,427.92048042550863,996
2024-09-20 12:33:23.643000,427.9913756375357,999
2024-09-20 12:33:23.666000,427.9477285467088,998
2024-09-20 12:33:23.699000,427.8594174404778,99
2024-09-20 12:33:23.700000,427.8571642312626,7
2024-09-20 12:33:23.780000,427.910970540942,96
2024-09-20 12:33:23.799000,427.98454914412247,13
2024-09-20 12:33:23.833000,427.9488839764569,12
2024-09-20 12:33:23.845000,427.9479206103409,1001
2024-09-20 12:33:23.872000,427.8463864504569,999
2024-09-20 12:33:23.889000,427.88859959882046,5
2024-09-20 12:33:23.890000,427.9478804154136,14
2024-09-20 12:33:23.916000,427.94348233021617,1001
2024-09-20 12:33:24.023000,428.06051283536544,1001
2024-09-20 12:33:24.174000,428.0680781576456,8
2024-09-20 12:33:24.319000,428.0618072431504,10
2024-09-20 12:33:24.323000,428.07235019910377,8
2024-09-20 12:33:24.416000,428.047954605142,1004
2024-09-20 12:33:24.443000,428.0238870878277,1002
2024-09-20 12:33:24.466000,428.0662052181578,1005
2024-09-20 12:33:24.526000,428.0401276117665,7
2024-09-20 12:33:24.554000,428.06883428818537,97
2024-09-20 12:33:24.595000,428.04462262574,101
2024-09-20 12:33:24.629000,428.0503510875304,8
2024-09-20 12:33:24.706000,428.0641105667332,11
2024-09-20 12:33:24.792000,428.05211314641576,1000
2024-09-20 12:33:24.832000,428.0705899358037,99
2024-09-20 12:33:24.939000,428.0546792233976,1004
2024-09-20 12:33:25.005000,428.08517961278056,995
2024-09-20 12:33:25.106000,428.08420169889376,5
2024-09-20 12:33:25.108000,428.1096912841262,15
2024-09-20 12:33:25.119000,428.0964601738261,10
2024-09-20 12:33:25.162000,428.1068194812453,1002
2024-09-20 12:33:25.164000,428.0938940976508,998
2024-09-20 12:33:25.203000,428.07756492265617,104
2024-09-20 12:33:25.248000,428.1059768731649,1004
2024-09-20 12:33:25.248000,428.09132719940897,98
2024-09-20 12:33:25.262000,428.1013433053392,102
2024-09-20 12:33:25.270000,428.09697186210303,997
2024-09-20 12:33:25.287000,428.0737833341248,1003
2024-09-20 12:33:25.301000,428.0920013671352,1000
2024-09-20 12:33:25.442000,428.0789891684237,6
2024-09-20 12:33:25.515000,428.0659664161983,1002
2024-09-20 12:33:25.525000,428.0940486041015,104
2024-09-20 12:33:25.580000,428.0928797345133,11
2024-09-20 12:33:25.691000,428.0894605727309,7
2024-09-20 12:33:25.723000,428.0637503615424,13
2024-09-20 12:33:25.788000,428.0940345203688,1005
2024-09-20 12:33:25.898000,428.0793043533488,103
2024-09-20 12:33:25.936000,428.0722061568263,13
2024-09-20 12:33:25.962000,428.08308161374026,1004
2024-09-20 12:33:25.967000,428.1010694267547,8
2024-09-20 12:33:25.975000,428.0909378502285,15
2024-09-20 12:33:25.979000,428.1024328073055,995
2024-09-20 12:33:26.082000,428.0172611213422,15
2024-09-20 12:33:26.130000,428.0315817720922,1003
2024-09-20 12:33:26.132000,428.06668021426486,95
2024-09-20 12:33:26.138000,428.0158823022559,10
2024-09-20 12:33:26.159000,428.0267713948591,101
2024-09-20 12:33:26.263000,428.037998620295,101
2024-09-20 12:33:26.391000,428.0038003683461,1003
2024-09-20 12:33:26.418000,428.0845875553277,12
2024-09-20 12:33:26.444000,428.0359263542084,995
2024-09-20 12:33:26.519000,428.0142730803186,13
2024-09-20 12:33:26.574000,428.0339288475835,999
2024-09-20 12:33:26.639000,428.0932778899719,97
2024-09-20 12:33:26.658000,428.0271366758998,97
2024-09-20 12:33:26.794000,428.0361938942295,101
2024-09-20 12:33:26.817000,428.0146269914479,103
2024-09-20 12:33:26.887000,428.0101963979247,15
2024-09-20 12:33:26.908000,428.0161977633005,8
2024-09-20 12:33:26.928000,428.0562422772157,15
2024-09-20 12:33:27.175000,428.0744030286905,1003
2024-09-20 12:33:27.176000,428.06947920370754,102
2024-09-20 12:33:27.399000,428.0522217044767,6
2024-09-20 12:33:28.061000,428.0221701681895,10
2024-09-20 12:33:28.095000,428.0139113325177,105
2024-09-20 12:33:28.258000,428.03004973835925,9
2024-09-20 12:33:28.278000,428.0073752446088,8
2024-09-20 12:33:28.330000,428.03348185035327,102
2024-09-20 12:33:28.345000,428.0215359701192,102
2024-09-20 12:33:28.387000,428.0113873437352,995
2024-09-20 12:33:28.524000,428.0285137738471,10
2024-09-20 12:33:28.534000,428.0410137426882,98
2024-09-20 12:33:28.610000,428.0469776728359,997
2024-09-20 12:33:28.639000,428.0524741634731,1003
2024-09-20 12:33:28.688000,428.05802126181896,1000
2024-09-20 12:33:28.753000,428.0000582981714,105
2024-09-20 12:33:28.846000,428.0443471510338,6
2024-09-20 12:33:28.969000,428.0261463656224,97
2024-09-20 12:33:29.155000,428.0057218995775,11
2024-09-20 12:33:29.208000,428.0002468452856,97
2024-09-20 12:33:29.234000,428.0023470900903,6
2024-09-20 12:33:29.271000,428.0338405501288,102
2024-09-20 12:33:29.272000,427.9983168443472,1005
2024-09-20 12:33:29.375000,428.0091428284668,12
2024-09-20 12:33:29.381000,428.03443968151066,1003
2024-09-20 12:33:29.387000,427.9945187742308,99
2024-09-20 12:33:29.388000,428.03021947409184,998
2024-09-20 12:33:29.448000,427.98710331471966,14
2024-09-20 12:33:29.616000,427.99034742632807,11
2024-09-20 12:33:29.654000,428.01536468096566,95
2024-09-20 12:33:29.672000,428.0152880010552,1000
2024-09-20 12:33:29.820000,428.0078638755394,997
2024-09-20 12:33:29.835000,428.0466003199593,1001
2024-09-20 12:33:29.847000,427.9996413059544,1003
2024-09-20 12:33:29.864000,427.9990431047436,1005
2024-09-20 12:33:29.905000,428.0023408906234,8
2024-09-20 12:33:29.923000,428.0049986348445,14
2024-09-20 12:33:29.948000,428.0122646574623,104
2024-09-20 12:33:29.984000,428.0238554282776,1004
2024-09-20 12:33:30.670000,427.9947041971608,104
2024-09-20 12:33:32.087000,427.9230875264832,13
2024-09-20 12:33:32.168000,427.9426989827517,998
2024-09-20 12:33:32.218000,427.9759290067395,10
2024-09-20 12:33:32.262000,427.9685503297696,15
2024-09-20 12:33:32.336000,427.9716975670261,998
2024-09-20 12:33:32.450000,427.9355964633413,6
2024-09-20 12:33:32.497000,427.9387454676635,9
2024-09-20 12:33:32.502000,427.9702035089355,7
2024-09-20 12:33:32.517000,427.9456336054833,1005
2024-09-20 12:33:32.587000,427.9412235940306,99
2024-09-20 12:33:32.595000,427.9689466000117,13
2024-09-20 12:33:32.772000,427.9401753669644,105
2024-09-20 12:33:32.822000,427.96055730889947,1004
2024-09-20 12:33:32.842000,427.96002515479,98
2024-09-20 12:33:32.935000,427.9711026717951,1002
2024-09-20 12:33:32.976000,427.94293474385137,997
2024-09-20 12:33:33.187000,427.9411117281506,95
2024-09-20 12:33:33.316000,427.9259061259531,105
2024-09-20 12:33:33.455000,427.93648960505726,8
2024-09-20 12:33:33.550000,427.93829192523367,12
2024-09-20 12:33:34.227000,427.9449207747371,97
2024-09-20 12:33:34.267000,427.92432702568783,102
2024-09-20 12:33:35.017000,427.99089175920176,995
2024-09-20 12:33:35.045000,427.9560827062744,11
2024-09-20 12:33:35.087000,428.013108272736,101
2024-09-20 12:33:35.102000,427.93616429493846,1005
2024-09-20 12:33:35.180000,427.9949605897471,13
2024-09-20 12:33:35.294000,427.9931830770411,103
2024-09-20 12:33:35.304000,428.0308557992223,103
2024-09-20 12:33:35.334000,428.0075090722223,1000
2024-09-20 12:33:35.411000,428.0027764045551,8
2024-09-20 12:33:35.432000,428.0327118393181,1003
2024-09-20 12:33:35.588000,428.0006387174504,105
2024-09-20 12:33:35.723000,427.9288140971624,1002
2024-09-20 12:33:35.766000,427.9265268462384,97
2024-09-20 12:33:35.777000,427.9738914713303,995
2024-09-20 12:33:35.874000,427.9865351561448,995
2024-09-20 12:33:35.898000,427.9981529417527,15
2024-09-20 12:33:35.918000,427.9212453898947,100
2024-09-20 12:33:36.123000,427.97159963709817,997
2024-09-20 12:33:36.150000,427.98094571266574,7
2024-09-20 12:33:36.211000,427.98506811108825,15
2024-09-20 12:33:36.242000,427.9860016823662,1005
2024-09-20 12:33:36.254000,427.9837159306986,14
2024-09-20 12:33:36.389000,427.9697327973453,6
2024-09-20 12:33:36.395000,427.9783115158477,98
2024-09-20 12:33:36.805000,427.9890882268001,10
2024-09-20 12:33:36.913000,427.97261490902633,101
2024-09-20 12:33:36.968000,427.9829969885657,11
2024-09-20 12:33:37.027000,427.9682099799277,101
2024-09-20 12:33:37.075000,427.96213622445424,1001
2024-09-20 12:33:37.112000,427.9648374730677,14
2024-09-20 12:33:37.191000,427.9709840362128,999
2024-09-20 12:33:37.192000,427.976185542607,14
2024-09-20 12:33:37.250000,427.9832386305735,12
2024-09-20 12:33:37.290000,427.9530527062902,6
2024-09-20 12:33:37.327000,427.987473783656,1001
2024-09-20 12:33:37.413000,427.94610694113896,997
2024-09-20 12:33:37.492000,427.9457443052953,102
2024-09-20 12:33:37.594000,427.9832740036689,101
2024-09-20 12:33:37.800000,427.9562327911637,105
2024-09-20 12:33:37.909000,427.9603368367331,101
2024-09-20 12:33:37.970000,427.96401375296097,97
2024-09-20 12:33:38.800000,427.9574694222955,104
2024-09-20 12:33:39.042000,428.0320567114676,997
2024-09-20 12:33:39.139000,427.9664001952682,10
2024-09-20 12:33:39.140000,428.04113474391903,9
2024-09-20 12:33:39.165000,428.0223315656421,1003
2024-09-20 12:33:39.217000,427.99048525928384,12
2024-09-20 12:33:39.254000,427.9497125422585,13
2024-09-20 12:33:39.311000,427.9185737875067,1001
2024-09-20 12:33:39.330000,427.9223048146889,102
2024-09-20 12:33:39.353000,427.9924835281693,1002
2024-09-20 12:33:39.388000,427.9432033094978,1003
2024-09-20 12:33:39.435000,427.9775514512586,5
2024-09-20 12:33:39.470000,428.02633785567815,1001
2024-09-20 12:33:39.502000,427.97204421559326,101
2024-09-20 12:33:39.522000,428.0113493730863,7
2024-09-20 12:33:39.545000,428.0065836019128,1005
2024-09-20 12:33:39.560000,427.9213258378781,13
2024-09-20 12:33:39.661000,427.991787942487,99
2024-09-20 12:33:39.675000,428.0378874035016,8
2024-09-20 12:33:39.719000,427.9513030200063,104
2024-09-20 12:33:39.798000,428.0103033174301,9
2024-09-20 12:33:39.836000,427.94678553620815,5
2024-09-20 12:33:39.877000,427.9627213869676,96
2024-09-20 12:33:39.916000,427.9738716644703,7
2024-09-20 12:33:39.958000,428.0308852085009,13
2024-09-20 12:33:40.002000,428.0292807117282,5
2024-09-20 12:33:40.009000,428.03228875512207,997
2024-09-20 12:33:40.164000,427.976571331588,15
2024-09-20 12:33:40.233000,427.9359099453921,997
2024-09-20 12:33:40.295000,427.9775960117541,999
2024-09-20 12:33:40.313000,427.9465349120448,8
2024-09-20 12:33:40.326000,428.02065236605824,9
2024-09-20 12:33:40.406000,427.9297330051892,104
2024-09-20 12:33:40.434000,428.0225267255029,101
2024-09-20 12:33:40.470000,427.9543053394688,11
2024-09-20 12:33:40.560000,427.94401937984463,1000
2024-09-20 12:33:40.568000,428.01246952223534,9
2024-09-20 12:33:40.621000,427.9622649153606,100
2024-09-20 12:33:40.635000,428.0293491147516,102
2024-09-20 12:33:40.700000,427.9238816692975,1005
2024-09-20 12:33:40.757000,427.9254393872944,10
2024-09-20 12:33:40.779000,428.0316875380358,5
2024-09-20 12:33:40.785000,427.9448448687184,15
2024-09-20 12:33:40.797000,428.025534498621,96
2024-09-20 12:33:40.881000,428.026031186358,1001
2024-09-20 12:33:40.893000,427.9933905352066,997
2024-09-20 12:33:40.927000,428.0228137549024,999
2024-09-20 12:33:40.962000,428.0285245138593,14
2024-09-20 12:33:40.971000,428.0343995083858,97
2024-09-20 12:33:41.041000,428.0794483461932,1003
2024-09-20 12:33:41.041000,428.0332518836683,105
2024-09-20 12:33:41.044000,428.0104643731924,11
2024-09-20 12:33:41.057000,427.9905550995844,102
2024-09-20 12:33:41.079000,428.0800980470608,1001
2024-09-20 12:33:41.088000,428.07311381945647,8
2024-09-20 12:33:41.118000,428.00872778524047,11
2024-09-20 12:33:41.286000,428.0779226203807,6
2024-09-20 12:33:41.348000,428.045547314601,97
2024-09-20 12:33:41.368000,428.0751369084711,5
2024-09-20 12:33:41.380000,427.973729164291,1004
2024-09-20 12:33:41.395000,428.0106698756935,13
2024-09-20 12:33:41.437000,428.0155165457692,10
2024-09-20 12:33:41.498000,427.9729627500458,997
2024-09-20 12:33:41.499000,428.0697155990555,1004
2024-09-20 12:33:41.524000,428.083359957463,14
2024-09-20 12:33:41.536000,428.0206158358554,98
2024-09-20 12:33:41.608000,428.0828873187176,10
2024-09-20 12:33:41.619000,427.9645539615399,1002
2024-09-20 12:33:41.650000,427.9661941252088,1004
2024-09-20 12:33:41.672000,427.9898262492064,103
2024-09-20 12:33:41.699000,428.05678032822254,998
2024-09-20 12:33:41.717000,428.0939128952557,104
2024-09-20 12:33:41.751000,428.0880803061441,102
2024-09-20 12:33:41.815000,427.98868553761855,1000
2024-09-20 12:33:41.906000,428.0680658881183,103
2024-09-20 12:33:41.987000,428.0219699291722,5
2024-09-20 12:33:42.019000,428.1650634077211,7
2024-09-20 12:33:42.023000,428.1386240853959,96
2024-09-20 12:33:42.114000,428.13516547676977,1001
2024-09-20 12:33:42.217000,428.1325007018901,5
2024-09-20 12:33:42.229000,428.13602281953473,13
2024-09-20 12:33:42.233000,428.1222295133703,104
2024-09-20 12:33:42.242000,428.1651742248928,103
2024-09-20 12:33:42.264000,428.1582810138668,100
2024-09-20 12:33:42.340000,428.1416638361087,105
2024-09-20 12:33:42.470000,428.1548820415428,1005
2024-09-20 12:33:42.486000,428.11531849860216,104
2024-09-20 12:33:42.587000,428.1349183472744,1000
2024-09-20 12:33:42.611000,428.1471416867405,1005
2024-09-20 12:33:42.707000,428.1436097868612,995
2024-09-20 12:33:42.732000,428.1455323060306,99
2024-09-20 12:33:42.768000,428.1168957345362,1002
2024-09-20 12:33:42.801000,428.148472874793,1004
2024-09-20 12:33:42.803000,428.13240538235925,1002
2024-09-20 12:33:42.890000,428.15065614147466,104
2024-09-20 12:33:42.953000,428.1410038748072,1000
2024-09-20 12:33:43.223000,428.173063896184,1001
2024-09-20 12:33:43.375000,428.18179631175866,104
2024-09-20 12:33:43.535000,428.1482494514247,97
2024-09-20 12:33:43.627000,428.1590216548787,7
2024-09-20 12:33:43.739000,428.19048228104754,103
2024-09-20 12:33:43.763000,428.1841701758644,1000
2024-09-20 12:33:44.116000,428.25663948139857,95
2024-09-20 12:33:44.190000,428.2009461357972,99
2024-09-20 12:33:44.193000,428.1840905232186,13
2024-09-20 12:33:44.242000,428.221943537702,15
2024-09-20 12:33:44.255000,428.1789985345501,1003
2024-09-20 12:33:44.345000,428.1713064140628,1000
2024-09-20 12:33:44.375000,428.18974858031686,99
2024-09-20 12:33:44.388000,428.2335361547412,1000
2024-09-20 12:33:44.404000,428.2027714976353,11
2024-09-20 12:33:44.514000,428.1788654096805,15
2024-09-20 12:33:44.739000,428.1842148540063,999
2024-09-20 12:33:44.790000,428.2082149553221,9
2024-09-20 12:33:44.820000,428.2267408404123,6
2024-09-20 12:33:44.829000,428.2125709471311,13
2024-09-20 12:33:44.898000,428.2252750606963,10
2024-09-20 12:33:44.914000,428.2288071375601,7
2024-09-20 12:33:44.969000,428.2267014245278,999
2024-09-20 12:33:45.016000,428.2294635288063,1005
2024-09-20 12:33:45.018000,428.23690409503945,1005
2024-09-20 12:33:45.073000,428.23817321482846,97
2024-09-20 12:33:45.103000,428.2341720519436,98
2024-09-20 12:33:45.123000,428.2311424101218,997
2024-09-20 12:33:45.150000,428.25078873573335,105
2024-09-20 12:33:45.210000,428.2298501572996,96
2024-09-20 12:33:45.262000,428.22170808239866,95
2024-09-20 12:33:45.382000,428.1949371122412,98
2024-09-20 12:33:45.399000,428.178088074447,10
2024-09-20 12:33:45.450000,428.2097222173232,1002
2024-09-20 12:33:45.452000,428.2467362917144,102
2024-09-20 12:33:45.459000,428.2394960568598,99
2024-09-20 12:33:45.484000,428.2306035221576,1002
2024-09-20 12:33:45.514000,428.2149140438678,104
2024-09-20 12:33:45.608000,428.1812174088973,103
2024-09-20 12:33:45.610000,428.2068194294368,13
2024-09-20 12:33:45.702000,428.21271211152094,101
2024-09-20 12:33:45.737000,428.2090671957868,8
2024-09-20 12:33:45.783000,428.1818702928341,102
2024-09-20 12:33:45.873000,428.2147327790779,1004
2024-09-20 12:33:45.897000,428.22166749533113,7
2024-09-20 12:33:45.900000,428.22561985056086,97
2024-09-20 12:33:45.901000,428.2105380189077,105
2024-09-20 12:33:45.912000,428.2467010028215,103
2024-09-20 12:33:45.920000,428.2136478526725,12
2024-09-20 12:33:47.074000,428.2365890304872,1005
2024-09-20 12:33:47.246000,428.2223343319055,98
2024-09-20 12:33:47.269000,428.2360954538793,999
2024-09-20 12:33:47.330000,428.18963986637465,98
2024-09-20 12:33:47.461000,428.2140975355444,14
2024-09-20 12:33:47.631000,428.1839140237477,95
2024-09-20 12:33:47.704000,428.19565307357885,97
2024-09-20 12:33:48.015000,428.24633329853134,103
2024-09-20 12:33:48.032000,428.2507084843771,102
2024-09-20 12:33:48.049000,428.2310856280984,1002
2024-09-20 12:33:48.104000,428.252662052661,14
2024-09-20 12:33:48.138000,428.26574466583793,1003
2024-09-20 12:33:48.145000,428.2522236237224,98
2024-09-20 12:33:48.239000,428.2434566458897,97
2024-09-20 12:33:48.305000,428.2246421504459,997
2024-09-20 12:33:48.312000,428.259366438056,997
2024-09-20 12:33:48.314000,428.2745211444992,6
2024-09-20 12:33:48.356000,428.2499589345881,9
2024-09-20 12:33:48.397000,428.2408543432183,15
2024-09-20 12:33:48.410000,428.2523545281543,1004
2024-09-20 12:33:48.414000,428.2210773789967,1002
2024-09-20 12:33:48.424000,428.26013856188223,105
2024-09-20 12:33:48.452000,428.23762320793935,7
2024-09-20 12:33:48.480000,428.23392518824585,100
2024-09-20 12:33:48.483000,428.2554012305413,103
2024-09-20 12:33:48.523000,428.2395574492243,1003
2024-09-20 12:33:48.556000,428.2282518256057,7
2024-09-20 12:33:48.597000,428.253358586248,97
2024-09-20 12:33:48.635000,428.21709885124943,95
2024-09-20 12:33:48.646000,428.26050401802894,12
2024-09-20 12:33:48.670000,428.2408058878965,5
2024-09-20 12:33:48.693000,428.2450495169237,5
2024-09-20 12:33:48.726000,428.2670633792566,6
2024-09-20 12:33:48.825000,428.23503698489066,10
2024-09-20 12:33:48.901000,428.26470113170143,1005
2024-09-20 12:33:48.918000,428.27566630226687,995
2024-09-20 12:33:49.014000,428.31893117660246,997
2024-09-20 12:33:49.121000,428.2805770622469,6
2024-09-20 12:33:49.260000,428.2526103317964,95
2024-09-20 12:33:49.266000,428.2554426076148,995
2024-09-20 12:33:49.280000,428.2416737618613,96
2024-09-20 12:33:49.391000,428.2567545993493,1004
2024-09-20 12:33:49.417000,428.2682158833114,100
2024-09-20 12:33:49.470000,428.2995722589861,102
2024-09-20 12:33:49.470000,428.2922848582884,100
2024-09-20 12:33:49.479000,428.28694183451415,1000
2024-09-20 12:33:49.480000,428.2637935797544,12
2024-09-20 12:33:49.546000,428.3014454711648,105
2024-09-20 12:33:49.700000,428.28120227919663,1003
2024-09-20 12:33:49.951000,428.25161750871865,1000
2024-09-20 12:33:49.981000,428.273093592142,98
2024-09-20 12:33:50.009000,428.2953152897528,1001
2024-09-20 12:33:50.010000,428.2638549407883,103
2024-09-20 12:33:50.079000,428.26740667297366,5
2024-09-20 12:33:50.117000,428.27282795976566,996
2024-09-20 12:33:50.138000,428.22572458335225,995
2024-09-20 12:33:50.139000,428.2666355739426,14
2024-09-20 12:33:50.203000,428.20733600763486,97
2024-09-20 12:33:50.227000,428.2202993979391,1001
2024-09-20 12:33:50.232000,428.2020975228776,7
2024-09-20 12:33:50.247000,428.2837261338023,96
2024-09-20 12:33:50.536000,428.2105636031146,97
2024-09-20 12:33:50.560000,428.2585365309175,5
2024-09-20 12:33:50.561000,428.2062348497102,96
2024-09-20 12:33:50.564000,428.2587149993767,1000
2024-09-20 12:33:50.640000,428.1913781796087,104
2024-09-20 12:33:50.669000,428.2172278983138,8
2024-09-20 12:33:50.749000,428.25842241638304,15
2024-09-20 12:33:50.759000,428.251368291445,95
2024-09-20 12:33:50.761000,428.24379246016434,12
2024-09-20 12:33:50.772000,428.24110953620936,9
2024-09-20 12:33:50.836000,428.2792313620069,8
2024-09-20 12:33:50.871000,428.2425945983357,11
2024-09-20 12:33:50.944000,428.2531702311835,1005
2024-09-20 12:33:51.193000,428.1733893098228,98
2024-09-20 12:33:51.278000,428.1549168661634,15
2024-09-20 12:33:51.291000,428.1213371345773,10
2024-09-20 12:33:51.318000,428.1707423594587,11
2024-09-20 12:33:51.370000,428.10178160213786,5
2024-09-20 12:33:51.498000,428.1517732913516,5
2024-09-20 12:33:51.513000,428.0948369630081,1004
2024-09-20 12:33:51.557000,428.1250346502158,998
2024-09-20 12:33:51.559000,428.1055128756878,7
2024-09-20 12:33:51.618000,428.1341734915839,995
2024-09-20 12:33:51.710000,428.1043709192157,95
2024-09-20 12:33:51.866000,428.1114250421346,9
2024-09-20 12:33:51.878000,428.1242275802596,95
2024-09-20 12:33:52.267000,428.1097614888265,95
2024-09-20 12:33:52.818000,428.1195308975567,14
2024-09-20 12:33:52.900000,428.1105793278161,10
2024-09-20 12:33:53.074000,428.13250290185226,1003
2024-09-20 12:33:53.265000,428.1208996054866,15
2024-09-20 12:33:53.443000,428.12295089866825,8
2024-09-20 12:33:53.539000,428.1133354268887,99
2024-09-20 12:33:53.631000,428.1331438026084,997
2024-09-20 12:33:53.771000,428.1216494275045,999
2024-09-20 12:33:53.850000,428.137697847773,999
2024-09-20 12:33:53.916000,428.1303249069187,98
2024-09-20 12:33:53.927000,428.13024796444665,13
2024-09-20 12:33:53.936000,428.1214302459436,11
2024-09-20 12:33:53.967000,428.12066029295016,1003
2024-09-20 12:33:54.036000,428.0645528730679,105
2024-09-20 12:33:54.094000,428.09119558932656,13
2024-09-20 12:33:54.286000,428.0431323762618,1000
2024-09-20 12:33:54.292000,428.0751735540326,97
2024-09-20 12:33:54.296000,428.078191609921,997
2024-09-20 12:33:54.313000,428.0659606430001,998
2024-09-20 12:33:54.315000,428.0976310263315,104
2024-09-20 12:33:54.334000,428.10146480796544,7
2024-09-20 12:33:54.340000,428.11836160819536,99
2024-09-20 12:33:54.530000,428.0568784670351,105
2024-09-20 12:33:54.549000,428.0462682311653,7
2024-09-20 12:33:54.590000,428.0898795193205,101
2024-09-20 12:33:54.612000,428.12013466341057,102
2024-09-20 12:33:54.634000,428.12620317340776,998
2024-09-20 12:33:54.636000,428.1226671160389,101
2024-09-20 12:33:54.661000,428.0809371968271,995
2024-09-20 12:33:54.698000,428.1027752785468,5
2024-09-20 12:33:54.786000,428.0976967214586,105
2024-09-20 12:33:54.790000,428.1076904396736,997
2024-09-20 12:33:54.874000,428.0908876324168,995
2024-09-20 12:33:54.884000,428.0903652404303,995
2024-09-20 12:33:54.905000,428.0742102382634,15
2024-09-20 12:33:55.031000,428.11123763906687,5
2024-09-20 12:33:55.106000,428.0833571739946,104
2024-09-20 12:33:55.119000,428.0980151208848,1000
2024-09-20 12:33:55.173000,428.0916398544849,105
2024-09-20 12:33:55.312000,428.07686142544617,105
2024-09-20 12:33:55.532000,428.0955424742695,5
2024-09-20 12:33:55.602000,428.0769865738369,996
2024-09-20 12:33:55.623000,428.0918549464327,9
2024-09-20 12:33:55.810000,428.0999533126501,97
2024-09-20 12:33:55.832000,428.0953565706183,97
2024-09-20 12:33:55.902000,428.098570085672,97
2024-09-20 12:33:56.203000,428.0961474381999,95
2024-09-20 12:33:56.297000,428.1050403121639,11
2024-09-20 12:33:56.349000,428.12034397563207,14
2024-09-20 12:33:56.520000,428.1053531889005,1001
2024-09-20 12:33:56.539000,428.1019816166229,9
2024-09-20 12:33:56.810000,428.10474924562175,15
2024-09-20 12:33:56.902000,428.1060531034538,9
2024-09-20 12:33:57.007000,428.06231195301285,998
2024-09-20 12:33:57.109000,428.1141886984436,97
2024-09-20 12:33:57.197000,428.0951605712719,15
2024-09-20 12:33:57.222000,428.0977321796915,101
2024-09-20 12:33:57.235000,428.0694127337396,98
2024-09-20 12:33:57.333000,428.0602768872861,7
2024-09-20 12:33:57.531000,428.1017921442705,96
2024-09-20 12:33:57.683000,428.12860121311,15
2024-09-20 12:33:57.705000,428.0697611927474,102
2024-09-20 12:33:57.745000,428.1371670548965,1005
2024-09-20 12:33:57.856000,428.07680521947685,9
2024-09-20 12:33:57.972000,428.07325638822107,100
2024-09-20 12:33:58.086000,428.0794632330994,998
2024-09-20 12:33:58.182000,428.08032207096585,14
2024-09-20 12:33:58.370000,428.072831284305,99
2024-09-20 12:33:58.449000,428.1170466883182,997
2024-09-20 12:33:58.682000,428.1371629237629,100
2024-09-20 12:33:58.742000,428.1444693544823,1003
2024-09-20 12:33:58.842000,428.1029988695999,1002
2024-09-20 12:33:58.894000,428.1020229916385,97
2024-09-20 12:33:58.928000,428.0865631708963,1000
2024-09-20 12:33:58.982000,428.1062590252062,7
2024-09-20 12:33:59.013000,428.0770811950442,98
2024-09-20 12:33:59.052000,428.0769481685157,97
2024-09-20 12:33:59.073000,428.0973277050895,6
2024-09-20 12:33:59.102000,428.07926570619054,9
2024-09-20 12:33:59.126000,428.0917935329104,98
2024-09-20 12:33:59.245000,428.1166826724455,995
2024-09-20 12:33:59.447000,428.0790115274467,99
2024-09-20 12:33:59.553000,428.10726002867983,99
2024-09-20 12:33:59.665000,428.1004726385163,100
2024-09-20 12:33:59.764000,428.07411614479406,7
