Timestamp,Price,Size
2024-09-19 10:14:00.037000,418.0713525376414,996
2024-09-19 10:14:00.135000,418.0945900510916,100
2024-09-19 10:14:00.271000,418.1135782797,12
2024-09-19 10:14:00.277000,418.0558510954467,97
2024-09-19 10:14:00.335000,418.0857748019209,1002
2024-09-19 10:14:00.343000,418.0875661274391,13
2024-09-19 10:14:00.431000,418.0963364774084,1000
2024-09-19 10:14:00.435000,418.0631974476447,1001
2024-09-19 10:14:00.567000,418.0798106892446,7
2024-09-19 10:14:00.697000,418.0507153688359,102
2024-09-19 10:14:00.702000,418.0810232794934,100
2024-09-19 10:14:00.712000,418.0842697852684,12
2024-09-19 10:14:00.721000,418.1006005238248,98
2024-09-19 10:14:00.743000,418.0755201735291,102
2024-09-19 10:14:00.839000,418.0532436199532,12
2024-09-19 10:14:00.847000,418.0667723017979,99
2024-09-19 10:14:00.980000,418.1010358860714,98
2024-09-19 10:14:01.112000,418.0618382343657,1000
2024-09-19 10:14:01.199000,418.04503692289614,1002
2024-09-19 10:14:01.247000,418.0560410780384,103
2024-09-19 10:14:01.549000,418.0498260563975,101
2024-09-19 10:14:01.752000,418.0511378971256,100
2024-09-19 10:14:01.890000,418.0454728166051,995
2024-09-19 10:14:02.079000,418.18956548785246,995
2024-09-19 10:14:02.182000,418.10235711821787,998
2024-09-19 10:14:02.208000,418.0641368795788,1001
2024-09-19 10:14:02.222000,418.05826912268816,7
2024-09-19 10:14:02.272000,418.0959618803427,11
2024-09-19 10:14:02.355000,418.18623510294975,11
2024-09-19 10:14:02.436000,418.0829260447667,1005
2024-09-19 10:14:02.714000,418.16552008502754,100
2024-09-19 10:14:02.720000,418.1091674953766,11
2024-09-19 10:14:02.800000,418.10822021948616,10
2024-09-19 10:14:02.858000,418.19643021335446,996
2024-09-19 10:14:02.908000,418.1288854814017,11
2024-09-19 10:14:02.909000,418.0944574661059,6
2024-09-19 10:14:02.982000,418.0490022842696,995
2024-09-19 10:14:03.027000,418.20825972417055,14
2024-09-19 10:14:03.057000,418.1795890235974,1000
2024-09-19 10:14:03.080000,418.2002247760989,1005
2024-09-19 10:14:03.133000,418.2212084551298,12
2024-09-19 10:14:03.169000,418.20307371190313,95
2024-09-19 10:14:03.171000,418.22018525915206,7
2024-09-19 10:14:03.195000,418.18356835774233,997
2024-09-19 10:14:03.201000,418.2345310681334,103
2024-09-19 10:14:03.213000,418.1878676013276,99
2024-09-19 10:14:03.254000,418.2266823035414,1003
2024-09-19 10:14:03.280000,418.21103347238335,99
2024-09-19 10:14:03.339000,418.2150902802495,10
2024-09-19 10:14:03.379000,418.19439625918375,995
2024-09-19 10:14:03.394000,418.20033787500114,1001
2024-09-19 10:14:03.484000,418.21716521823447,10
2024-09-19 10:14:03.584000,418.2097892659543,998
2024-09-19 10:14:03.594000,418.22582266687454,96
2024-09-19 10:14:03.620000,418.2095219888743,1003
2024-09-19 10:14:03.625000,418.19875450386337,1004
2024-09-19 10:14:03.638000,418.2405911302499,102
2024-09-19 10:14:03.718000,418.20829302729294,97
2024-09-19 10:14:03.747000,418.1980978440149,105
2024-09-19 10:14:03.751000,418.2273032647285,104
2024-09-19 10:14:03.751000,418.1827658342353,999
2024-09-19 10:14:03.853000,418.19178730116334,995
2024-09-19 10:14:04.022000,418.2788327494608,1000
2024-09-19 10:14:04.143000,418.240129145795,997
2024-09-19 10:14:04.202000,418.2425508316215,102
2024-09-19 10:14:04.206000,418.30749483957226,995
2024-09-19 10:14:04.235000,418.2415899034832,11
2024-09-19 10:14:04.253000,418.2238737627433,5
2024-09-19 10:14:04.374000,418.2927272952168,102
2024-09-19 10:14:04.414000,418.240683995205,6
2024-09-19 10:14:04.436000,418.2323460086587,1001
2024-09-19 10:14:04.440000,418.2876733774912,5
2024-09-19 10:14:04.440000,418.24652045070167,104
2024-09-19 10:14:04.524000,418.2942268975639,7
2024-09-19 10:14:04.529000,418.2302485269339,96
2024-09-19 10:14:04.530000,418.2328574811459,1002
2024-09-19 10:14:04.530000,418.22016922182473,11
2024-09-19 10:14:04.616000,418.2383450499954,995
2024-09-19 10:14:04.621000,418.2642335526321,10
2024-09-19 10:14:04.678000,418.2556125993484,995
2024-09-19 10:14:04.710000,418.2838166980288,95
2024-09-19 10:14:04.780000,418.2014711450857,1000
2024-09-19 10:14:04.823000,418.2333506919736,103
2024-09-19 10:14:04.918000,418.28121634715234,104
2024-09-19 10:14:04.979000,418.2465822636712,101
2024-09-19 10:14:05.590000,418.3109034392322,104
2024-09-19 10:14:05.738000,418.2976214283106,105
2024-09-19 10:14:05.930000,418.30290501444654,995
2024-09-19 10:14:05.936000,418.2719757374057,98
2024-09-19 10:14:06.012000,418.2444605280344,11
2024-09-19 10:14:06.021000,418.2660522187551,96
2024-09-19 10:14:06.026000,418.2473807141026,97
2024-09-19 10:14:06.204000,418.20418367447513,1003
2024-09-19 10:14:06.233000,418.2548950640183,1002
2024-09-19 10:14:06.338000,418.1994785752728,8
2024-09-19 10:14:06.382000,418.2300296154428,96
2024-09-19 10:14:06.419000,418.2512456400794,99
2024-09-19 10:14:06.461000,418.2243492359184,996
2024-09-19 10:14:06.542000,418.2316974452232,100
2024-09-19 10:14:06.552000,418.24544877402457,995
2024-09-19 10:14:06.613000,418.21320116339547,6
2024-09-19 10:14:06.648000,418.2277001049574,104
2024-09-19 10:14:06.728000,418.2178226428863,13
2024-09-19 10:14:06.731000,418.2175183565759,10
2024-09-19 10:14:06.783000,418.25113669506726,98
2024-09-19 10:14:06.869000,418.2264301622097,998
2024-09-19 10:14:06.876000,418.23134899996006,8
2024-09-19 10:14:06.884000,418.22786974039417,101
2024-09-19 10:14:06.957000,418.2033429873798,14
2024-09-19 10:14:06.995000,418.2676631551519,1002
2024-09-19 10:14:07.084000,418.288182416775,13
2024-09-19 10:14:07.104000,418.2793143219912,1004
2024-09-19 10:14:07.208000,418.25943927577407,96
2024-09-19 10:14:07.260000,418.263967169973,97
2024-09-19 10:14:07.306000,418.2821165885896,1001
2024-09-19 10:14:07.658000,418.2966813800184,96
2024-09-19 10:14:07.712000,418.25933012522177,8
2024-09-19 10:14:07.716000,418.27019123203456,12
2024-09-19 10:14:07.806000,418.2698247855461,1003
2024-09-19 10:14:07.808000,418.283657346887,7
2024-09-19 10:14:08.017000,418.340468152023,99
2024-09-19 10:14:08.026000,418.3284461813713,104
2024-09-19 10:14:08.034000,418.3244516623351,14
2024-09-19 10:14:08.187000,418.26024140707307,97
2024-09-19 10:14:08.253000,418.260768920373,5
2024-09-19 10:14:08.297000,418.2920549820039,6
2024-09-19 10:14:08.306000,418.31719934937,1001
2024-09-19 10:14:08.339000,418.2504944941642,999
2024-09-19 10:14:08.340000,418.29911167370886,102
2024-09-19 10:14:08.372000,418.3196957718209,103
2024-09-19 10:14:08.388000,418.3121351842785,8
2024-09-19 10:14:08.510000,418.3466485734445,99
2024-09-19 10:14:08.615000,418.3031701056171,9
2024-09-19 10:14:08.639000,418.35157561047936,95
2024-09-19 10:14:08.650000,418.3074878143868,15
2024-09-19 10:14:08.678000,418.24377727083566,7
2024-09-19 10:14:08.683000,418.3330110071293,1004
2024-09-19 10:14:08.762000,418.32036937996537,1002
2024-09-19 10:14:08.780000,418.2643400835341,1001
2024-09-19 10:14:08.800000,418.29644082902496,1004
2024-09-19 10:14:08.852000,418.3127300887225,12
2024-09-19 10:14:08.990000,418.3323002807802,100
2024-09-19 10:14:09.015000,418.3268250849826,13
2024-09-19 10:14:09.077000,418.3368418335238,996
2024-09-19 10:14:09.086000,418.3330201619598,11
2024-09-19 10:14:09.116000,418.3335775395052,100
2024-09-19 10:14:09.144000,418.32923598579856,100
2024-09-19 10:14:09.151000,418.3447104437655,1001
2024-09-19 10:14:09.469000,418.3339393731901,9
2024-09-19 10:14:09.475000,418.3184684309984,101
2024-09-19 10:14:09.545000,418.3286316835981,103
2024-09-19 10:14:09.569000,418.3269487786554,100
2024-09-19 10:14:09.633000,418.3184972098265,101
2024-09-19 10:14:09.769000,418.3393495676879,100
2024-09-19 10:14:09.792000,418.3377802654362,1001
2024-09-19 10:14:10.015000,418.37151760961393,97
2024-09-19 10:14:10.036000,418.368149676754,1004
2024-09-19 10:14:10.164000,418.373533079808,997
2024-09-19 10:14:10.421000,418.3688661428864,1001
2024-09-19 10:14:10.482000,418.36526755480384,101
2024-09-19 10:14:10.730000,418.3592196362321,15
2024-09-19 10:14:10.737000,418.374968370806,104
2024-09-19 10:14:11.318000,418.3308353948594,997
2024-09-19 10:14:11.840000,418.34693713066144,95
2024-09-19 10:14:11.953000,418.3256805910163,102
2024-09-19 10:14:12.126000,418.3522171425728,995
2024-09-19 10:14:12.207000,418.3173316692773,105
2024-09-19 10:14:12.381000,418.32301307900144,103
2024-09-19 10:14:12.704000,418.33319503152967,100
2024-09-19 10:14:12.754000,418.3253588517828,101
2024-09-19 10:14:12.794000,418.32776930510175,999
2024-09-19 10:14:12.921000,418.3347647083039,15
2024-09-19 10:14:12.928000,418.3263999773823,1005
2024-09-19 10:14:13.200000,418.355035550516,9
2024-09-19 10:14:13.227000,418.356377151233,995
2024-09-19 10:14:13.275000,418.3423612525184,105
2024-09-19 10:14:13.394000,418.36098690789294,996
2024-09-19 10:14:13.448000,418.3474140450506,996
2024-09-19 10:14:13.686000,418.3512294677586,105
2024-09-19 10:14:15.001000,418.3413443242698,1001
2024-09-19 10:14:15.019000,418.3260940125131,999
2024-09-19 10:14:15.075000,418.3553920903405,999
2024-09-19 10:14:15.102000,418.330608988746,8
2024-09-19 10:14:15.166000,418.3270466990782,97
2024-09-19 10:14:15.170000,418.3485148834299,7
2024-09-19 10:14:15.251000,418.3137935175186,13
2024-09-19 10:14:15.285000,418.3648963524093,12
2024-09-19 10:14:15.318000,418.3582936056473,10
2024-09-19 10:14:15.354000,418.3339897552618,98
2024-09-19 10:14:15.617000,418.35121705759394,5
2024-09-19 10:14:15.620000,418.3767998812423,6
2024-09-19 10:14:15.627000,418.3468050439405,1001
2024-09-19 10:14:15.660000,418.3525804376368,9
2024-09-19 10:14:15.809000,418.3448302153783,13
2024-09-19 10:14:15.831000,418.3144938147479,13
2024-09-19 10:14:15.856000,418.349633193287,11
2024-09-19 10:14:15.996000,418.3433025288424,1001
2024-09-19 10:14:16.060000,418.3391041091753,95
2024-09-19 10:14:16.136000,418.3182962948492,12
2024-09-19 10:14:16.145000,418.3453256393533,1000
2024-09-19 10:14:16.157000,418.31996696609394,8
2024-09-19 10:14:16.213000,418.3418996095133,8
2024-09-19 10:14:16.272000,418.31494620597846,1002
2024-09-19 10:14:16.339000,418.3505455119919,95
2024-09-19 10:14:16.619000,418.3286823112501,1002
2024-09-19 10:14:16.662000,418.3189320664163,101
2024-09-19 10:14:16.850000,418.3553735672646,13
2024-09-19 10:14:17.014000,418.24653866231904,1001
2024-09-19 10:14:17.080000,418.272535951302,11
2024-09-19 10:14:17.451000,418.29130679635824,997
2024-09-19 10:14:17.562000,418.2504855731226,997
2024-09-19 10:14:17.739000,418.272040137244,6
2024-09-19 10:14:17.778000,418.2771244839171,13
2024-09-19 10:14:17.839000,418.2747505236091,8
2024-09-19 10:14:17.876000,418.2995449743063,5
2024-09-19 10:14:17.912000,418.2526922339095,10
2024-09-19 10:14:17.953000,418.3103737816993,997
2024-09-19 10:14:18.014000,418.2467817257303,99
2024-09-19 10:14:18.150000,418.2255102362775,1002
2024-09-19 10:14:18.240000,418.2684577038163,6
2024-09-19 10:14:18.292000,418.2724895621794,103
2024-09-19 10:14:18.324000,418.23263412281096,1003
2024-09-19 10:14:18.405000,418.2683131241867,102
2024-09-19 10:14:18.410000,418.26877941328667,999
2024-09-19 10:14:18.551000,418.2560857879176,13
2024-09-19 10:14:18.596000,418.2727917376141,103
2024-09-19 10:14:18.611000,418.2652271989286,102
2024-09-19 10:14:18.613000,418.27520653362507,9
2024-09-19 10:14:18.767000,418.2559295925887,97
2024-09-19 10:14:18.835000,418.2736710151648,1003
2024-09-19 10:14:18.858000,418.2310572707751,100
2024-09-19 10:14:18.922000,418.2462956034283,1000
2024-09-19 10:14:19.001000,418.24596945285856,98
2024-09-19 10:14:19.033000,418.2214957773394,13
2024-09-19 10:14:19.060000,418.2026795910981,12
2024-09-19 10:14:19.100000,418.2172151269489,8
2024-09-19 10:14:19.125000,418.25578745480567,1005
2024-09-19 10:14:19.264000,418.23344234843233,8
2024-09-19 10:14:19.325000,418.227792135765,104
2024-09-19 10:14:19.365000,418.2310477450173,9
2024-09-19 10:14:19.510000,418.2335572481184,8
2024-09-19 10:14:19.862000,418.2387717080863,996
2024-09-19 10:14:19.878000,418.2282744693836,996
2024-09-19 10:14:19.916000,418.2388285031543,11
2024-09-19 10:14:19.944000,418.2312280853943,12
2024-09-19 10:14:20.069000,418.2434024716597,997
2024-09-19 10:14:20.155000,418.28183486094326,99
2024-09-19 10:14:20.178000,418.20435023903536,998
2024-09-19 10:14:20.370000,418.21090494716384,1002
2024-09-19 10:14:20.518000,418.2904474810208,102
2024-09-19 10:14:20.621000,418.2024766464562,95
2024-09-19 10:14:20.621000,418.2272218711036,97
2024-09-19 10:14:20.639000,418.2578596112222,11
2024-09-19 10:14:20.750000,418.2480918987795,10
2024-09-19 10:14:20.797000,418.2783962961931,1000
2024-09-19 10:14:21.115000,418.2388141828304,99
2024-09-19 10:14:21.413000,418.2222485137402,15
2024-09-19 10:14:21.770000,418.235347411744,998
2024-09-19 10:14:21.804000,418.23877094522334,95
2024-09-19 10:14:22.032000,418.26491604475046,104
2024-09-19 10:14:22.134000,418.3121106913727,1002
2024-09-19 10:14:22.180000,418.2360986061807,14
2024-09-19 10:14:22.296000,418.2844287058475,96
2024-09-19 10:14:22.358000,418.3248433747268,14
2024-09-19 10:14:22.412000,418.26460980831575,103
2024-09-19 10:14:22.448000,418.33456517930745,102
2024-09-19 10:14:22.529000,418.3093864803469,14
2024-09-19 10:14:22.628000,418.3040439184618,97
2024-09-19 10:14:22.685000,418.3119049706647,103
2024-09-19 10:14:22.694000,418.3104724482535,15
2024-09-19 10:14:22.750000,418.3083397106369,999
2024-09-19 10:14:22.969000,418.3077282421007,102
2024-09-19 10:14:23.017000,418.3024196572232,14
2024-09-19 10:14:23.026000,418.32868694458136,100
2024-09-19 10:14:23.134000,418.3222317962943,98
2024-09-19 10:14:23.138000,418.3036745679908,13
2024-09-19 10:14:23.141000,418.31716929280753,1002
2024-09-19 10:14:23.181000,418.3259577588015,1002
2024-09-19 10:14:23.183000,418.3245317160309,99
2024-09-19 10:14:23.219000,418.35110711482935,103
2024-09-19 10:14:23.244000,418.31664305268185,103
2024-09-19 10:14:23.299000,418.3307256813992,100
2024-09-19 10:14:23.346000,418.3599085256258,997
2024-09-19 10:14:23.354000,418.2990419628359,104
2024-09-19 10:14:23.413000,418.3357102900284,1003
2024-09-19 10:14:23.414000,418.3404180097975,95
2024-09-19 10:14:23.456000,418.3153779316371,12
2024-09-19 10:14:23.499000,418.35120344706127,998
2024-09-19 10:14:23.528000,418.319226919208,100
2024-09-19 10:14:23.591000,418.3402923777465,95
2024-09-19 10:14:23.696000,418.33116388285424,100
2024-09-19 10:14:23.730000,418.3251985202611,999
2024-09-19 10:14:23.774000,418.3286514365242,998
2024-09-19 10:14:23.840000,418.3491792120887,103
2024-09-19 10:14:23.898000,418.3581787674497,96
2024-09-19 10:14:23.961000,418.3445775671964,14
2024-09-19 10:14:23.973000,418.3554013801962,1001
2024-09-19 10:14:24.021000,418.3154328030632,8
2024-09-19 10:14:24.089000,418.3000315329773,7
2024-09-19 10:14:24.228000,418.2740439139191,10
2024-09-19 10:14:24.230000,418.3172795667789,999
2024-09-19 10:14:24.269000,418.2976999375264,1000
2024-09-19 10:14:24.280000,418.27995008843294,7
2024-09-19 10:14:24.409000,418.3016677376406,11
2024-09-19 10:14:24.423000,418.2861896908053,11
2024-09-19 10:14:24.673000,418.2994135392081,12
2024-09-19 10:14:24.725000,418.3062889480984,102
2024-09-19 10:14:24.856000,418.31004550961023,5
2024-09-19 10:14:24.856000,418.3178124462132,102
2024-09-19 10:14:25.116000,418.3475227935584,1004
2024-09-19 10:14:25.195000,418.3234857137916,1004
2024-09-19 10:14:25.199000,418.36521893879575,12
2024-09-19 10:14:25.432000,418.3247248396569,10
2024-09-19 10:14:25.630000,418.32122117177806,998
2024-09-19 10:14:25.707000,418.32494701648784,999
2024-09-19 10:14:25.758000,418.320533198454,5
2024-09-19 10:14:25.804000,418.3581103015456,95
2024-09-19 10:14:25.852000,418.33391070656586,103
2024-09-19 10:14:25.870000,418.35162004964405,6
2024-09-19 10:14:25.955000,418.3307651542985,12
2024-09-19 10:14:25.998000,418.35841215358016,12
2024-09-19 10:14:26.067000,418.3367112202133,13
2024-09-19 10:14:26.192000,418.3692780222872,105
2024-09-19 10:14:26.316000,418.3804681545379,96
2024-09-19 10:14:26.375000,418.3385131407247,103
2024-09-19 10:14:26.545000,418.34486007275314,1004
2024-09-19 10:14:26.566000,418.3611523950982,1004
2024-09-19 10:14:26.594000,418.35949756719504,102
2024-09-19 10:14:26.855000,418.35111492216,999
2024-09-19 10:14:26.897000,418.35203312375086,999
2024-09-19 10:14:26.925000,418.3468512400331,998
2024-09-19 10:14:26.972000,418.3615674572056,9
2024-09-19 10:14:27.014000,418.3741380911253,1003
2024-09-19 10:14:27.074000,418.3685453463249,1005
2024-09-19 10:14:27.120000,418.3639450319922,98
2024-09-19 10:14:27.178000,418.373757713643,11
2024-09-19 10:14:27.222000,418.3841608977989,105
2024-09-19 10:14:27.292000,418.3842473713308,997
2024-09-19 10:14:27.347000,418.3612894563639,997
2024-09-19 10:14:27.368000,418.3755736168122,1002
2024-09-19 10:14:27.369000,418.3482594946794,7
2024-09-19 10:14:27.388000,418.3469725685406,98
2024-09-19 10:14:27.449000,418.38993007842913,996
2024-09-19 10:14:27.516000,418.37936404257096,104
2024-09-19 10:14:27.583000,418.3846507506437,97
2024-09-19 10:14:27.591000,418.3469885709037,99
2024-09-19 10:14:27.695000,418.3683826538724,11
2024-09-19 10:14:27.719000,418.38176003021823,10
2024-09-19 10:14:27.761000,418.4057031616358,7
2024-09-19 10:14:27.778000,418.35071795165726,15
2024-09-19 10:14:27.867000,418.3618605998027,998
2024-09-19 10:14:27.869000,418.38603854935656,8
2024-09-19 10:14:27.945000,418.3771926644839,997
2024-09-19 10:14:28.037000,418.3444718765948,15
2024-09-19 10:14:28.103000,418.3848649695258,96
2024-09-19 10:14:28.116000,418.3127638122611,995
2024-09-19 10:14:28.142000,418.3160064751037,98
2024-09-19 10:14:28.192000,418.3255227600757,999
2024-09-19 10:14:28.284000,418.36333276635486,5
2024-09-19 10:14:28.315000,418.292102849304,105
2024-09-19 10:14:28.333000,418.3728695802122,998
2024-09-19 10:14:28.336000,418.3081251240394,997
2024-09-19 10:14:28.381000,418.2744828193042,7
2024-09-19 10:14:28.389000,418.3210074429685,97
2024-09-19 10:14:28.427000,418.3177496761882,1005
2024-09-19 10:14:28.467000,418.2686819090751,995
2024-09-19 10:14:28.523000,418.3174460373808,100
2024-09-19 10:14:28.586000,418.3373761272508,97
2024-09-19 10:14:28.609000,418.320818210252,1005
2024-09-19 10:14:28.661000,418.3087514647213,103
2024-09-19 10:14:28.675000,418.2805579174015,101
2024-09-19 10:14:28.718000,418.3327836574706,103
2024-09-19 10:14:28.737000,418.3391447054508,11
2024-09-19 10:14:28.783000,418.3833556943429,11
2024-09-19 10:14:28.809000,418.34147940990727,97
2024-09-19 10:14:28.835000,418.3276195476589,997
2024-09-19 10:14:28.896000,418.263928506901,997
2024-09-19 10:14:28.896000,418.3357536615202,8
2024-09-19 10:14:28.966000,418.32309860027726,1002
2024-09-19 10:14:29.074000,418.2720904458277,95
2024-09-19 10:14:29.135000,418.2286835843017,11
2024-09-19 10:14:29.171000,418.2382757361263,1004
2024-09-19 10:14:29.272000,418.2862025359924,996
2024-09-19 10:14:29.285000,418.2709627445356,997
2024-09-19 10:14:29.337000,418.2477555728512,7
2024-09-19 10:14:29.386000,418.2714856689648,103
2024-09-19 10:14:29.497000,418.27150451782586,13
2024-09-19 10:14:29.513000,418.2212603933644,995
2024-09-19 10:14:29.526000,418.24213338724,1005
2024-09-19 10:14:29.550000,418.28212027313407,15
2024-09-19 10:14:29.559000,418.2335781959444,9
2024-09-19 10:14:29.623000,418.2330461766115,13
2024-09-19 10:14:29.655000,418.2290009959596,96
2024-09-19 10:14:29.795000,418.2646458238564,1004
2024-09-19 10:14:29.810000,418.27810230187015,5
2024-09-19 10:14:29.836000,418.2724371084975,1005
2024-09-19 10:14:29.863000,418.2365787252493,997
2024-09-19 10:14:29.883000,418.2644649249194,6
2024-09-19 10:14:29.895000,418.2861864813308,8
2024-09-19 10:14:30.061000,418.28988153907824,12
2024-09-19 10:14:30.081000,418.2408840496046,99
2024-09-19 10:14:30.083000,418.2336520601329,12
2024-09-19 10:14:30.102000,418.2797569962867,996
2024-09-19 10:14:30.128000,418.300104460941,104
2024-09-19 10:14:30.217000,418.28006332049296,1004
2024-09-19 10:14:30.234000,418.26252738903617,105
2024-09-19 10:14:30.424000,418.2731207864843,1005
2024-09-19 10:14:30.450000,418.2276819258237,1003
2024-09-19 10:14:30.474000,418.2285030065778,100
2024-09-19 10:14:30.570000,418.2980028591855,97
2024-09-19 10:14:30.631000,418.2544616528738,13
2024-09-19 10:14:30.666000,418.2554523850725,1003
2024-09-19 10:14:30.705000,418.2357930580813,100
2024-09-19 10:14:30.716000,418.2359694116234,1002
2024-09-19 10:14:30.746000,418.2269143820843,14
2024-09-19 10:14:30.772000,418.3127139874989,8
2024-09-19 10:14:30.797000,418.2388132244497,997
2024-09-19 10:14:30.987000,418.207869144323,99
2024-09-19 10:14:31.010000,418.3016807876174,998
2024-09-19 10:14:31.047000,418.267049127069,1005
2024-09-19 10:14:31.252000,418.30880862416245,96
2024-09-19 10:14:31.304000,418.3185515434228,102
2024-09-19 10:14:31.321000,418.30456204741927,101
2024-09-19 10:14:31.523000,418.3124448856605,6
2024-09-19 10:14:31.633000,418.2985638009573,100
2024-09-19 10:14:31.648000,418.333230811766,5
2024-09-19 10:14:31.818000,418.3039166682176,11
2024-09-19 10:14:31.900000,418.2909626911332,7
2024-09-19 10:14:31.902000,418.2725160463589,105
2024-09-19 10:14:31.952000,418.29709784156046,997
2024-09-19 10:14:31.985000,418.3206434098416,103
2024-09-19 10:14:32.077000,418.2673250236307,7
2024-09-19 10:14:32.129000,418.2102794326208,96
2024-09-19 10:14:32.206000,418.29517366355856,8
2024-09-19 10:14:32.211000,418.20177248161406,998
2024-09-19 10:14:32.230000,418.27517439257593,8
2024-09-19 10:14:32.246000,418.22354712092834,105
2024-09-19 10:14:32.392000,418.2055669147114,998
2024-09-19 10:14:32.399000,418.2036571883929,95
2024-09-19 10:14:32.403000,418.2630511565247,996
2024-09-19 10:14:32.479000,418.2704106115548,1001
2024-09-19 10:14:32.618000,418.2773858407564,100
2024-09-19 10:14:32.639000,418.2744929180984,14
2024-09-19 10:14:32.678000,418.2307160040731,100
2024-09-19 10:14:32.695000,418.2597912435986,6
2024-09-19 10:14:32.803000,418.2572406450881,9
2024-09-19 10:14:32.865000,418.26059598675454,10
2024-09-19 10:14:32.987000,418.2180403540424,1002
2024-09-19 10:14:33.048000,418.1872870671868,14
2024-09-19 10:14:33.106000,418.1895523630134,105
2024-09-19 10:14:33.111000,418.1702328576274,102
2024-09-19 10:14:33.213000,418.18165394000897,100
2024-09-19 10:14:33.333000,418.18823981497815,11
2024-09-19 10:14:33.488000,418.1640627394402,105
2024-09-19 10:14:33.666000,418.1919530220623,104
2024-09-19 10:14:33.795000,418.1906093147414,6
2024-09-19 10:14:33.807000,418.18261239509656,1005
2024-09-19 10:14:33.962000,418.1917543041284,5
2024-09-19 10:14:34.051000,418.1906333462728,1002
2024-09-19 10:14:34.065000,418.1977599697024,1005
2024-09-19 10:14:34.066000,418.1684609969737,97
2024-09-19 10:14:34.116000,418.1981608490752,96
2024-09-19 10:14:34.152000,418.1575562324152,996
2024-09-19 10:14:34.191000,418.1757911581491,105
2024-09-19 10:14:34.194000,418.18033325826406,104
2024-09-19 10:14:34.204000,418.1827115481455,998
2024-09-19 10:14:34.205000,418.1738383927562,11
2024-09-19 10:14:34.374000,418.16340009661246,101
2024-09-19 10:14:34.383000,418.1740038503218,13
2024-09-19 10:14:34.399000,418.18129089715154,998
2024-09-19 10:14:34.423000,418.1841170646248,999
2024-09-19 10:14:34.423000,418.154403679105,1003
2024-09-19 10:14:34.430000,418.1819294294522,95
2024-09-19 10:14:34.474000,418.19306154870833,996
2024-09-19 10:14:34.558000,418.1985113044451,6
2024-09-19 10:14:34.596000,418.19533402638007,13
2024-09-19 10:14:34.629000,418.1557447055085,99
2024-09-19 10:14:34.639000,418.1857907432975,5
2024-09-19 10:14:34.654000,418.1982559933585,997
2024-09-19 10:14:34.656000,418.1548150629397,7
2024-09-19 10:14:34.673000,418.1610992390013,14
2024-09-19 10:14:34.805000,418.1549077816062,95
2024-09-19 10:14:34.814000,418.19296413689216,8
2024-09-19 10:14:34.832000,418.1851078745839,96
2024-09-19 10:14:34.850000,418.18666774362816,995
2024-09-19 10:14:34.901000,418.2094287893999,104
2024-09-19 10:14:34.991000,418.1851516958058,95
2024-09-19 10:14:35.077000,418.18720398567234,12
2024-09-19 10:14:35.082000,418.1809049866749,101
2024-09-19 10:14:35.111000,418.18356643775513,13
2024-09-19 10:14:35.154000,418.152580606798,998
2024-09-19 10:14:35.193000,418.1704175592956,5
2024-09-19 10:14:35.279000,418.1679459156756,104
2024-09-19 10:14:35.372000,418.186559710346,13
2024-09-19 10:14:35.461000,418.1843712460853,100
2024-09-19 10:14:35.526000,418.1724795020778,1003
2024-09-19 10:14:35.536000,418.1797940557885,9
2024-09-19 10:14:35.608000,418.1749592907976,95
2024-09-19 10:14:35.660000,418.1772999624295,99
2024-09-19 10:14:35.741000,418.1942090016509,997
2024-09-19 10:14:35.854000,418.167346588382,1004
2024-09-19 10:14:35.874000,418.1907322698728,98
2024-09-19 10:14:35.889000,418.1832327277196,15
2024-09-19 10:14:35.911000,418.1767720498541,102
2024-09-19 10:14:35.945000,418.1863812613213,103
2024-09-19 10:14:35.947000,418.17720878271234,14
2024-09-19 10:14:35.954000,418.182236610742,999
2024-09-19 10:14:35.959000,418.1734348843776,1005
2024-09-19 10:14:36.009000,418.1789619230842,10
2024-09-19 10:14:36.019000,418.17434284479697,104
2024-09-19 10:14:36.035000,418.14816373701854,1000
2024-09-19 10:14:36.036000,418.156144416025,1002
2024-09-19 10:14:36.076000,418.1956824812255,995
2024-09-19 10:14:36.107000,418.14664553463126,5
2024-09-19 10:14:36.255000,418.1553493026788,1004
2024-09-19 10:14:36.282000,418.1524566203725,1003
2024-09-19 10:14:36.287000,418.1703719556713,1002
2024-09-19 10:14:36.370000,418.1773590186074,998
2024-09-19 10:14:36.379000,418.1993797540082,7
2024-09-19 10:14:36.393000,418.1515636659755,7
2024-09-19 10:14:36.482000,418.15680778590365,1005
2024-09-19 10:14:36.534000,418.15796107545737,95
2024-09-19 10:14:36.699000,418.1373325363849,1000
2024-09-19 10:14:36.777000,418.1825835181499,98
2024-09-19 10:14:36.793000,418.1750521091844,95
2024-09-19 10:14:36.817000,418.1659453539368,996
2024-09-19 10:14:36.823000,418.1698983012374,1000
2024-09-19 10:14:36.842000,418.18940111738937,99
2024-09-19 10:14:36.923000,418.1495478629921,1003
2024-09-19 10:14:36.929000,418.1839898811637,995
2024-09-19 10:14:36.937000,418.1606913352745,999
2024-09-19 10:14:36.954000,418.1613612778802,104
2024-09-19 10:14:37.015000,418.1759366401992,11
2024-09-19 10:14:37.062000,418.170773753197,104
2024-09-19 10:14:37.218000,418.1520173773977,998
2024-09-19 10:14:37.316000,418.1779782647851,97
2024-09-19 10:14:37.423000,418.14905476879153,995
2024-09-19 10:14:37.426000,418.1353441733171,5
2024-09-19 10:14:37.485000,418.14827724892746,103
2024-09-19 10:14:37.531000,418.1207742634402,1003
2024-09-19 10:14:37.660000,418.1441420008186,1003
2024-09-19 10:14:37.696000,418.16446162723565,7
2024-09-19 10:14:37.711000,418.1755722311448,105
2024-09-19 10:14:37.800000,418.1344600194904,105
2024-09-19 10:14:37.849000,418.1502882711378,14
2024-09-19 10:14:37.970000,418.1840477733349,1000
2024-09-19 10:14:38.013000,418.1088436355688,13
2024-09-19 10:14:38.043000,418.1474018530269,97
2024-09-19 10:14:38.128000,418.1134607817736,105
2024-09-19 10:14:38.144000,418.2005443492741,103
2024-09-19 10:14:38.156000,418.1125303264945,103
2024-09-19 10:14:38.158000,418.2355341909661,6
2024-09-19 10:14:38.167000,418.1782975144655,995
2024-09-19 10:14:38.198000,418.2243570041226,101
2024-09-19 10:14:38.239000,418.1780430626735,104
2024-09-19 10:14:38.245000,418.1119452978509,104
2024-09-19 10:14:38.318000,418.1054191021895,1001
2024-09-19 10:14:38.351000,418.1872287677235,995
2024-09-19 10:14:38.382000,418.0917879359434,1004
2024-09-19 10:14:38.384000,418.2154841455575,1005
2024-09-19 10:14:38.453000,418.2032758079238,104
2024-09-19 10:14:38.533000,418.2170961276523,11
2024-09-19 10:14:38.582000,418.20625894999415,11
2024-09-19 10:14:38.589000,418.0949967205708,96
2024-09-19 10:14:38.606000,418.21922035112925,15
2024-09-19 10:14:38.607000,418.1008477143472,995
2024-09-19 10:14:38.689000,418.2224208031769,1005
2024-09-19 10:14:38.734000,418.129265098264,10
2024-09-19 10:14:38.751000,418.1178683491389,998
2024-09-19 10:14:38.846000,418.1778473741833,14
2024-09-19 10:14:38.900000,418.20260665356966,999
2024-09-19 10:14:38.919000,418.1201497266856,98
2024-09-19 10:14:38.980000,418.21568356234064,11
2024-09-19 10:14:39.069000,418.1418489130898,98
2024-09-19 10:14:39.078000,418.2011529612347,1000
2024-09-19 10:14:39.086000,418.24386735535865,13
2024-09-19 10:14:39.093000,418.1987026372247,996
2024-09-19 10:14:39.111000,418.136039442059,10
2024-09-19 10:14:39.127000,418.1746702422764,15
2024-09-19 10:14:39.228000,418.2339814798264,12
2024-09-19 10:14:39.252000,418.1962440998039,105
2024-09-19 10:14:39.347000,418.1905578072035,1003
2024-09-19 10:14:39.350000,418.1762763886079,97
2024-09-19 10:14:39.370000,418.16486240571686,15
2024-09-19 10:14:39.382000,418.1949056173903,1002
2024-09-19 10:14:39.396000,418.1460461584103,1003
2024-09-19 10:14:39.443000,418.2000570140259,11
2024-09-19 10:14:39.465000,418.2443726520772,14
2024-09-19 10:14:39.467000,418.234928368608,10
2024-09-19 10:14:39.505000,418.1944062901532,1004
2024-09-19 10:14:39.544000,418.20518155178297,14
2024-09-19 10:14:39.545000,418.1792777489344,6
2024-09-19 10:14:39.554000,418.2220294164741,102
2024-09-19 10:14:39.573000,418.1803820588576,12
2024-09-19 10:14:39.607000,418.1487625682517,98
2024-09-19 10:14:39.615000,418.2350172296044,1002
2024-09-19 10:14:39.635000,418.2462617256166,1001
2024-09-19 10:14:39.655000,418.1877658410543,98
2024-09-19 10:14:39.738000,418.23768067680464,996
2024-09-19 10:14:39.889000,418.1789912192991,996
2024-09-19 10:14:39.922000,418.2175337037785,1002
2024-09-19 10:14:40.018000,418.1781897946893,997
2024-09-19 10:14:40.033000,418.14080383327376,103
2024-09-19 10:14:40.044000,418.1784063413664,6
2024-09-19 10:14:40.046000,418.1636829533032,1000
2024-09-19 10:14:40.129000,418.1866400729645,997
2024-09-19 10:14:40.146000,418.1741094189877,102
2024-09-19 10:14:40.224000,418.1506639442443,96
2024-09-19 10:14:40.323000,418.17893059177817,14
2024-09-19 10:14:40.414000,418.15354915984193,998
2024-09-19 10:14:40.418000,418.1817690002402,1000
2024-09-19 10:14:40.445000,418.178449881808,1005
2024-09-19 10:14:40.452000,418.18035283435984,10
2024-09-19 10:14:40.477000,418.17567703658034,99
2024-09-19 10:14:40.506000,418.16184625388473,14
2024-09-19 10:14:40.517000,418.1723494041684,15
2024-09-19 10:14:40.523000,418.1676802556876,9
2024-09-19 10:14:40.533000,418.1573742743044,9
2024-09-19 10:14:40.572000,418.18908334013815,104
2024-09-19 10:14:40.736000,418.1417167415599,7
2024-09-19 10:14:40.751000,418.158540449168,15
2024-09-19 10:14:40.799000,418.1616914532225,9
2024-09-19 10:14:40.839000,418.1628263319394,1002
2024-09-19 10:14:40.890000,418.1775288941764,6
2024-09-19 10:14:40.937000,418.1661014013571,13
2024-09-19 10:14:40.940000,418.1753083054201,1001
2024-09-19 10:14:40.960000,418.1746076742507,13
2024-09-19 10:14:40.993000,418.1389854316242,8
2024-09-19 10:14:41.028000,418.2244101464406,96
2024-09-19 10:14:41.042000,418.2072770687622,997
2024-09-19 10:14:41.143000,418.19946986131527,995
2024-09-19 10:14:41.166000,418.2003678267618,9
2024-09-19 10:14:41.176000,418.2123715396297,104
2024-09-19 10:14:41.197000,418.17434812676623,8
2024-09-19 10:14:41.260000,418.21620040377,12
2024-09-19 10:14:41.378000,418.2035014032578,995
2024-09-19 10:14:41.403000,418.194405283124,96
2024-09-19 10:14:41.456000,418.20273216593154,99
2024-09-19 10:14:41.476000,418.2227179927934,105
2024-09-19 10:14:41.501000,418.1916787146211,100
2024-09-19 10:14:41.564000,418.21568896479545,96
2024-09-19 10:14:41.595000,418.1990180412938,11
2024-09-19 10:14:41.616000,418.1709195047607,999
2024-09-19 10:14:41.654000,418.19914503385496,103
2024-09-19 10:14:41.661000,418.1919901893408,8
2024-09-19 10:14:41.736000,418.1972116487057,97
2024-09-19 10:14:41.765000,418.1948263839379,9
2024-09-19 10:14:41.957000,418.2091258156089,999
2024-09-19 10:14:42.066000,418.1844614151358,103
2024-09-19 10:14:42.077000,418.0999063836907,101
2024-09-19 10:14:42.100000,418.1427476174058,1005
2024-09-19 10:14:42.139000,418.1340857520463,103
2024-09-19 10:14:42.153000,418.0936793603749,998
2024-09-19 10:14:42.173000,418.1328786653044,1005
2024-09-19 10:14:42.217000,418.1494537159255,101
2024-09-19 10:14:42.290000,418.1404743069992,12
2024-09-19 10:14:42.295000,418.1672810993666,12
2024-09-19 10:14:42.361000,418.13701073554125,1005
2024-09-19 10:14:42.377000,418.1837917453246,1001
2024-09-19 10:14:42.420000,418.1395824830813,101
2024-09-19 10:14:42.460000,418.12772402509927,101
2024-09-19 10:14:42.525000,418.1360488310146,6
2024-09-19 10:14:42.543000,418.1592504679584,102
2024-09-19 10:14:42.558000,418.12132229473866,996
2024-09-19 10:14:42.592000,418.19566138408015,10
2024-09-19 10:14:42.652000,418.12835470952206,998
2024-09-19 10:14:42.667000,418.1886162880141,95
2024-09-19 10:14:42.749000,418.1347236438699,104
2024-09-19 10:14:42.761000,418.06988257741614,1000
2024-09-19 10:14:42.762000,418.1362259401557,1004
2024-09-19 10:14:42.776000,418.1347179237002,101
2024-09-19 10:14:42.844000,418.1750517017799,11
2024-09-19 10:14:42.847000,418.12537695076304,15
2024-09-19 10:14:42.848000,418.1165576299925,98
2024-09-19 10:14:42.907000,418.18627945431126,14
2024-09-19 10:14:42.980000,418.1710882058621,1000
2024-09-19 10:14:42.990000,418.143937144241,98
2024-09-19 10:14:43.076000,418.0624279524417,102
2024-09-19 10:14:43.080000,418.0877667667969,99
2024-09-19 10:14:43.459000,418.1142557158775,13
2024-09-19 10:14:43.471000,418.1230073735723,101
2024-09-19 10:14:43.613000,418.08918604917903,13
2024-09-19 10:14:43.636000,418.0763719102794,100
2024-09-19 10:14:43.639000,418.1059822438096,10
2024-09-19 10:14:43.754000,418.0857726313946,98
2024-09-19 10:14:43.756000,418.1068062955263,12
2024-09-19 10:14:43.863000,418.11038654528943,1000
2024-09-19 10:14:43.984000,418.1106832893947,1000
2024-09-19 10:14:44.018000,418.0010224145628,95
2024-09-19 10:14:44.088000,418.1185697510113,998
2024-09-19 10:14:44.103000,418.03733917131336,14
2024-09-19 10:14:44.263000,418.0633613811084,999
2024-09-19 10:14:44.279000,418.0858924251913,1002
2024-09-19 10:14:44.321000,418.12217612106406,12
2024-09-19 10:14:44.332000,418.107968164269,1001
2024-09-19 10:14:44.357000,418.00239529751735,14
2024-09-19 10:14:44.437000,418.0594596563403,99
2024-09-19 10:14:44.477000,418.0562345011814,13
2024-09-19 10:14:44.580000,418.0467096246501,12
2024-09-19 10:14:44.719000,417.99837475608985,1000
2024-09-19 10:14:44.720000,418.0981145238798,100
2024-09-19 10:14:44.831000,418.0947176606156,5
2024-09-19 10:14:44.858000,418.01423336081615,9
2024-09-19 10:14:44.925000,418.10497475136737,7
2024-09-19 10:14:44.992000,418.0665533954931,1000
2024-09-19 10:14:45.028000,417.9433283673587,999
2024-09-19 10:14:45.149000,417.9887333736093,102
2024-09-19 10:14:45.275000,417.9877809747287,99
2024-09-19 10:14:45.280000,417.9862265141804,1002
2024-09-19 10:14:45.555000,418.014139579304,7
2024-09-19 10:14:45.594000,417.9449604845485,12
2024-09-19 10:14:45.657000,417.9573076792181,13
2024-09-19 10:14:45.725000,417.9352993498478,5
2024-09-19 10:14:45.730000,417.9803438239496,105
2024-09-19 10:14:45.819000,417.9802427458831,1003
2024-09-19 10:14:45.832000,417.9524356569716,998
2024-09-19 10:14:45.860000,417.9466020866521,998
2024-09-19 10:14:45.886000,417.9563240825743,8
2024-09-19 10:14:45.890000,417.9554496370977,98
2024-09-19 10:14:46.545000,417.9391344586392,105
2024-09-19 10:14:46.815000,417.9514987821993,97
2024-09-19 10:14:46.953000,417.920896297954,5
2024-09-19 10:14:47.001000,417.96215743216624,14
2024-09-19 10:14:47.089000,417.95259553886143,10
2024-09-19 10:14:47.158000,417.964447990469,999
2024-09-19 10:14:47.169000,417.9520879844874,996
2024-09-19 10:14:47.191000,417.9393868511749,1004
2024-09-19 10:14:47.253000,417.9107744333002,9
2024-09-19 10:14:47.277000,417.9278873798506,998
2024-09-19 10:14:47.282000,417.9497517292845,5
2024-09-19 10:14:47.309000,417.94349528233977,96
2024-09-19 10:14:47.355000,417.96469369362455,13
2024-09-19 10:14:47.393000,417.9720613569492,105
2024-09-19 10:14:47.540000,417.9810871966587,998
2024-09-19 10:14:47.559000,417.9781107772565,999
2024-09-19 10:14:47.697000,417.9583384689125,5
2024-09-19 10:14:47.731000,417.9652246334198,102
2024-09-19 10:14:47.776000,417.9530177565945,1003
2024-09-19 10:14:47.994000,417.9592091689121,997
2024-09-19 10:14:48.130000,417.9826110791236,999
2024-09-19 10:14:48.190000,417.9826164409318,96
2024-09-19 10:14:48.260000,417.9959565953202,7
2024-09-19 10:14:48.352000,417.99343957822447,95
2024-09-19 10:14:48.563000,417.9760798197115,100
2024-09-19 10:14:48.691000,417.985134182626,997
2024-09-19 10:14:48.868000,418.0000492385783,105
2024-09-19 10:14:48.953000,417.9911863045245,103
2024-09-19 10:14:49.061000,417.9939391462061,1005
2024-09-19 10:14:49.079000,417.9932204870844,15
2024-09-19 10:14:49.180000,417.966213192714,101
2024-09-19 10:14:49.299000,417.9681668042778,6
2024-09-19 10:14:49.330000,417.95093975854064,13
2024-09-19 10:14:49.447000,417.9444952650477,100
2024-09-19 10:14:49.469000,417.9860887185067,14
2024-09-19 10:14:49.528000,417.98685857787706,998
2024-09-19 10:14:49.685000,417.941041335552,96
2024-09-19 10:14:49.705000,417.9766807649972,95
2024-09-19 10:14:49.773000,417.9851344564269,95
2024-09-19 10:14:49.870000,417.96387268882177,8
2024-09-19 10:14:49.897000,417.9835595015858,97
2024-09-19 10:14:49.914000,417.9774007588321,95
2024-09-19 10:14:50.103000,417.9264060768537,101
2024-09-19 10:14:50.160000,417.9248591000147,8
2024-09-19 10:14:50.300000,417.9166511870696,8
2024-09-19 10:14:50.305000,417.9126481115193,996
2024-09-19 10:14:50.624000,417.922804434249,103
2024-09-19 10:14:50.904000,417.9139315108469,99
2024-09-19 10:14:51.046000,417.9256606769224,6
2024-09-19 10:14:51.048000,417.91587708566567,998
2024-09-19 10:14:51.090000,417.9078020325719,1002
2024-09-19 10:14:51.118000,417.9257993899405,5
2024-09-19 10:14:51.153000,417.88255507175086,104
2024-09-19 10:14:51.215000,417.9572644747825,97
2024-09-19 10:14:51.358000,417.9123990869844,995
2024-09-19 10:14:51.377000,417.8906129938489,102
2024-09-19 10:14:51.383000,417.89189235784494,7
2024-09-19 10:14:51.387000,417.9024930938821,1005
2024-09-19 10:14:51.487000,417.9078191130646,95
2024-09-19 10:14:51.505000,417.89299423468026,14
2024-09-19 10:14:51.544000,417.95318244269487,14
2024-09-19 10:14:51.619000,417.90436146199744,8
2024-09-19 10:14:51.622000,417.8820556157612,101
2024-09-19 10:14:51.686000,417.93626098314974,10
2024-09-19 10:14:51.695000,417.9345845267912,12
2024-09-19 10:14:51.714000,417.8950666107722,15
2024-09-19 10:14:51.755000,417.9241824149751,995
2024-09-19 10:14:51.796000,417.8742062577713,104
2024-09-19 10:14:51.845000,417.9400308640501,98
2024-09-19 10:14:51.860000,417.9310227896246,96
2024-09-19 10:14:51.870000,417.89193310562,95
2024-09-19 10:14:51.901000,417.9078040673248,1004
2024-09-19 10:14:51.903000,417.9446242171908,998
2024-09-19 10:14:51.956000,417.9237857684963,6
2024-09-19 10:14:51.979000,417.8971986526187,995
2024-09-19 10:14:52.009000,417.9342193528344,102
2024-09-19 10:14:52.049000,417.8960488653378,10
2024-09-19 10:14:52.059000,417.8688222074748,95
2024-09-19 10:14:52.061000,417.9388953825707,96
2024-09-19 10:14:52.062000,417.9471462336614,1001
2024-09-19 10:14:52.085000,417.8387095297825,1003
2024-09-19 10:14:52.240000,417.93926094767824,10
2024-09-19 10:14:52.240000,417.8883160704799,101
2024-09-19 10:14:52.289000,417.92883608644456,99
2024-09-19 10:14:52.351000,417.9263172521101,1002
2024-09-19 10:14:52.353000,417.83316782188456,104
2024-09-19 10:14:52.392000,417.8428041624082,99
2024-09-19 10:14:52.423000,417.8560004462209,995
2024-09-19 10:14:52.440000,417.8448523201279,1005
2024-09-19 10:14:52.462000,417.90458747664553,104
2024-09-19 10:14:52.469000,417.9366007686381,12
2024-09-19 10:14:52.476000,417.8523301668818,10
2024-09-19 10:14:52.493000,417.9097939906136,7
2024-09-19 10:14:52.504000,417.87977102586206,1005
2024-09-19 10:14:52.511000,417.863193855047,10
2024-09-19 10:14:52.598000,417.8646272236232,11
2024-09-19 10:14:52.679000,417.8631275375569,96
2024-09-19 10:14:52.846000,417.86285989170767,104
2024-09-19 10:14:52.851000,417.9414567795563,101
2024-09-19 10:14:52.875000,417.92921268967706,96
2024-09-19 10:14:52.970000,417.8502256268391,105
2024-09-19 10:14:52.994000,417.8635522548383,999
2024-09-19 10:14:52.999000,417.9282241976029,7
2024-09-19 10:14:53.038000,417.9135200304541,104
2024-09-19 10:14:53.062000,417.9831147337124,999
2024-09-19 10:14:53.149000,417.9127172633322,997
2024-09-19 10:14:53.159000,417.92333318813417,13
2024-09-19 10:14:53.189000,417.9595071272425,7
2024-09-19 10:14:53.214000,417.94052611178535,6
2024-09-19 10:14:53.232000,417.94200349429,11
2024-09-19 10:14:53.267000,417.9094716982288,98
2024-09-19 10:14:53.353000,417.87828985295687,1005
2024-09-19 10:14:53.374000,417.9186509721762,95
2024-09-19 10:14:53.379000,417.9006332564644,997
2024-09-19 10:14:53.386000,417.8749958714986,103
2024-09-19 10:14:53.395000,417.9379977318476,999
2024-09-19 10:14:53.423000,417.9466697752442,105
2024-09-19 10:14:53.431000,417.8744443591458,12
2024-09-19 10:14:53.511000,417.9468666872468,103
2024-09-19 10:14:53.610000,417.8947949770172,1003
2024-09-19 10:14:53.633000,417.9033533209095,12
2024-09-19 10:14:53.638000,417.8822546928288,101
2024-09-19 10:14:53.655000,417.8802483199621,15
2024-09-19 10:14:53.716000,417.942514428905,104
2024-09-19 10:14:53.728000,417.9278873466301,1002
2024-09-19 10:14:53.756000,417.9821618439743,102
2024-09-19 10:14:53.867000,417.954901263239,5
2024-09-19 10:14:53.991000,417.9297569478968,995
2024-09-19 10:14:54.024000,417.9178088679257,13
2024-09-19 10:14:54.031000,417.92587937535137,999
2024-09-19 10:14:54.040000,417.9094917088043,1004
2024-09-19 10:14:54.187000,417.9238388432948,1003
2024-09-19 10:14:54.269000,417.9843100044222,1004
2024-09-19 10:14:54.390000,418.01664076547655,95
2024-09-19 10:14:54.402000,417.9775046387627,1000
2024-09-19 10:14:54.483000,417.9886329830464,99
2024-09-19 10:14:54.494000,417.9131154730247,6
2024-09-19 10:14:54.545000,418.0114577548192,99
2024-09-19 10:14:54.568000,417.9127792402068,998
2024-09-19 10:14:54.664000,417.9043932214347,96
2024-09-19 10:14:54.726000,417.94520290611695,7
2024-09-19 10:14:54.767000,417.9355455031306,105
2024-09-19 10:14:54.829000,417.93078350286805,13
2024-09-19 10:14:54.833000,417.91982647389386,995
2024-09-19 10:14:54.978000,417.9525356296245,105
2024-09-19 10:14:55,418.0251971417426,5
2024-09-19 10:14:55.015000,418.126168350652,996
2024-09-19 10:14:55.018000,418.0539751644084,100
2024-09-19 10:14:55.142000,418.024108090596,98
2024-09-19 10:14:55.149000,418.04198897020456,9
2024-09-19 10:14:55.195000,418.1017818441587,1005
2024-09-19 10:14:55.402000,418.0346424156356,13
2024-09-19 10:14:55.438000,418.0281153112414,99
2024-09-19 10:14:55.533000,418.04330845276303,996
2024-09-19 10:14:55.635000,418.0473058931756,96
2024-09-19 10:14:55.660000,418.0306686898198,100
2024-09-19 10:14:55.668000,418.04580770940487,102
2024-09-19 10:14:55.724000,418.094469410002,1003
2024-09-19 10:14:55.746000,418.1217942793013,1000
2024-09-19 10:14:55.769000,418.1231372480964,14
2024-09-19 10:14:55.795000,418.0328976559803,8
2024-09-19 10:14:55.861000,418.0386067852398,5
2024-09-19 10:14:55.864000,418.1057766658831,6
2024-09-19 10:14:55.875000,418.0290612771112,999
2024-09-19 10:14:55.881000,418.034263841228,996
2024-09-19 10:14:55.906000,418.0155992857852,995
2024-09-19 10:14:55.994000,418.0359450981707,102
2024-09-19 10:14:56.022000,418.0973390400965,6
2024-09-19 10:14:56.098000,418.0701998200641,95
2024-09-19 10:14:56.234000,418.15090947784967,102
2024-09-19 10:14:56.236000,418.1647208990986,8
2024-09-19 10:14:56.292000,418.1163261468377,1004
2024-09-19 10:14:56.432000,418.1086124779552,1000
2024-09-19 10:14:56.472000,418.1343434998132,998
2024-09-19 10:14:56.474000,418.1528416356033,15
2024-09-19 10:14:56.515000,418.1662900433318,997
2024-09-19 10:14:56.519000,418.0972678827327,10
2024-09-19 10:14:56.604000,418.12462055969,7
2024-09-19 10:14:56.637000,418.14405155892825,100
2024-09-19 10:14:56.676000,418.1450444534682,14
2024-09-19 10:14:56.700000,418.1056204507772,6
2024-09-19 10:14:56.705000,418.1126651449653,10
2024-09-19 10:14:56.763000,418.1248307988848,10
2024-09-19 10:14:56.767000,418.112721118535,95
2024-09-19 10:14:56.797000,418.1376335914211,7
2024-09-19 10:14:56.855000,418.14011224083,95
2024-09-19 10:14:56.868000,418.0767880614159,1004
2024-09-19 10:14:56.878000,418.0979978824862,14
2024-09-19 10:14:56.907000,418.1079785652733,996
2024-09-19 10:14:57.001000,418.1869500509844,998
2024-09-19 10:14:57.026000,418.1612055588144,1003
2024-09-19 10:14:57.152000,418.1842818620754,999
2024-09-19 10:14:57.201000,418.165664235243,101
2024-09-19 10:14:57.529000,418.1649514987124,7
2024-09-19 10:14:57.553000,418.1676995047401,97
2024-09-19 10:14:57.591000,418.1586459934336,7
2024-09-19 10:14:57.712000,418.1770676144051,5
2024-09-19 10:14:57.864000,418.1577308879745,15
2024-09-19 10:14:58.259000,418.1915118921901,1001
2024-09-19 10:14:58.323000,418.2120508390372,8
2024-09-19 10:14:58.485000,418.1967783161581,996
2024-09-19 10:14:58.496000,418.1800635882362,6
2024-09-19 10:14:58.508000,418.18274679659777,14
2024-09-19 10:14:58.540000,418.1687582546687,996
2024-09-19 10:14:58.595000,418.1781228463536,1001
2024-09-19 10:14:58.630000,418.17849330162176,1005
2024-09-19 10:14:58.653000,418.1889189085448,8
2024-09-19 10:14:58.697000,418.18029247903024,998
2024-09-19 10:14:58.698000,418.1857238403372,1000
2024-09-19 10:14:58.815000,418.1759117148848,99
2024-09-19 10:14:58.871000,418.1784021672418,103
2024-09-19 10:14:58.905000,418.1996238612589,11
2024-09-19 10:14:58.930000,418.1774542713767,97
2024-09-19 10:14:59.075000,418.1900772253888,11
2024-09-19 10:14:59.114000,418.17744277781753,96
2024-09-19 10:14:59.129000,418.1727865649475,12
2024-09-19 10:14:59.139000,418.1444908944767,11
2024-09-19 10:14:59.145000,418.18704808301305,14
2024-09-19 10:14:59.167000,418.1951040426981,10
2024-09-19 10:14:59.174000,418.2331061274151,104
2024-09-19 10:14:59.184000,418.2054241707543,1001
2024-09-19 10:14:59.208000,418.1611253046174,8
2024-09-19 10:14:59.252000,418.1477831607333,101
2024-09-19 10:14:59.287000,418.2185656064135,101
2024-09-19 10:14:59.301000,418.1413039626088,14
2024-09-19 10:14:59.301000,418.20231800355634,1002
2024-09-19 10:14:59.308000,418.1744819340733,14
2024-09-19 10:14:59.322000,418.231771125556,1001
2024-09-19 10:14:59.326000,418.1998302380551,1004
2024-09-19 10:14:59.345000,418.16070341084907,1002
2024-09-19 10:14:59.432000,418.154280199818,101
2024-09-19 10:14:59.485000,418.1736867033867,105
2024-09-19 10:14:59.497000,418.2412512099137,996
2024-09-19 10:14:59.535000,418.18451474560686,100
2024-09-19 10:14:59.557000,418.1597093019193,100
2024-09-19 10:14:59.596000,418.1203381492497,5
2024-09-19 10:14:59.685000,418.171109409268,15
2024-09-19 10:14:59.771000,418.14020457598014,999
2024-09-19 10:14:59.851000,418.1615353487085,96
2024-09-19 10:14:59.853000,418.15596749500247,100
2024-09-19 10:14:59.897000,418.1539348609656,11
2024-09-19 10:14:59.913000,418.207641335395,1004
