Timestamp,Price,Size
2024-09-20 09:55:00.037000,423.9197939085781,6
2024-09-20 09:55:00.071000,423.87702140644,8
2024-09-20 09:55:00.075000,423.8941376824412,1003
2024-09-20 09:55:00.138000,423.8577061488489,104
2024-09-20 09:55:00.225000,423.8820693689865,1005
2024-09-20 09:55:00.327000,423.9071037161598,104
2024-09-20 09:55:00.330000,423.8819815642097,12
2024-09-20 09:55:00.334000,423.8829645467504,102
2024-09-20 09:55:00.389000,423.9040393234955,5
2024-09-20 09:55:00.401000,423.8901064639812,997
2024-09-20 09:55:00.433000,423.89462173799,97
2024-09-20 09:55:00.492000,423.9212957655318,996
2024-09-20 09:55:00.499000,423.8853272372879,996
2024-09-20 09:55:00.511000,423.9025874031077,997
2024-09-20 09:55:00.597000,423.9140026676,998
2024-09-20 09:55:00.641000,423.9244846434684,100
2024-09-20 09:55:00.660000,423.8812269839068,996
2024-09-20 09:55:00.691000,423.8990141625141,11
2024-09-20 09:55:00.708000,423.9099271152776,9
2024-09-20 09:55:00.719000,423.866420924066,7
2024-09-20 09:55:00.753000,423.89226847299153,95
2024-09-20 09:55:00.858000,423.8712002560641,998
2024-09-20 09:55:00.874000,423.8705790734492,1003
2024-09-20 09:55:00.895000,423.8987138073829,14
2024-09-20 09:55:01.028000,423.8691693682591,12
2024-09-20 09:55:01.042000,423.8990528707743,13
2024-09-20 09:55:01.120000,423.8951276528143,7
2024-09-20 09:55:01.164000,423.8988348975186,15
2024-09-20 09:55:01.207000,423.886443102512,6
2024-09-20 09:55:01.353000,423.8841886607361,100
2024-09-20 09:55:01.375000,423.8992829541196,97
2024-09-20 09:55:01.420000,423.89915839994,8
2024-09-20 09:55:01.426000,423.8670037542908,100
2024-09-20 09:55:01.528000,423.8937598957817,14
2024-09-20 09:55:01.611000,423.8839309152595,995
2024-09-20 09:55:01.778000,423.8729368772332,103
2024-09-20 09:55:01.849000,423.8963489193313,96
2024-09-20 09:55:01.881000,423.8764210837682,6
2024-09-20 09:55:02,423.88338892877937,1005
2024-09-20 09:55:02.021000,423.8552185591351,12
2024-09-20 09:55:02.058000,423.8667662161217,98
2024-09-20 09:55:02.097000,423.84115493792586,7
2024-09-20 09:55:02.102000,423.8143064707039,1004
2024-09-20 09:55:02.112000,423.8600950282428,995
2024-09-20 09:55:02.439000,423.8440414754108,14
2024-09-20 09:55:02.561000,423.8400500943831,99
2024-09-20 09:55:02.703000,423.8502574541392,1005
2024-09-20 09:55:02.706000,423.8224076225754,1001
2024-09-20 09:55:02.729000,423.8413766963319,95
2024-09-20 09:55:02.739000,423.83890442229983,995
2024-09-20 09:55:02.753000,423.8691517588388,1002
2024-09-20 09:55:02.762000,423.8426551449444,9
2024-09-20 09:55:02.781000,423.88642308867713,1001
2024-09-20 09:55:02.806000,423.8422126024869,8
2024-09-20 09:55:02.875000,423.8360014609292,1003
2024-09-20 09:55:02.879000,423.8384047236717,6
2024-09-20 09:55:02.915000,423.8782258356268,11
2024-09-20 09:55:02.963000,423.8804529844905,997
2024-09-20 09:55:02.972000,423.8697233925663,997
2024-09-20 09:55:03.002000,423.8113213252642,14
2024-09-20 09:55:03.160000,423.8213050718081,105
2024-09-20 09:55:03.197000,423.8093520225504,1003
2024-09-20 09:55:03.267000,423.8436445848204,1000
2024-09-20 09:55:03.307000,423.8508805830905,7
2024-09-20 09:55:03.347000,423.79980409476366,7
2024-09-20 09:55:03.356000,423.7980482113696,10
2024-09-20 09:55:03.428000,423.8569423813016,104
2024-09-20 09:55:03.441000,423.8167700063386,1004
2024-09-20 09:55:03.541000,423.80591721247504,98
2024-09-20 09:55:03.542000,423.7954157151364,96
2024-09-20 09:55:03.557000,423.80098417397306,101
2024-09-20 09:55:03.578000,423.8114764010583,14
2024-09-20 09:55:03.595000,423.8417787777561,105
2024-09-20 09:55:03.595000,423.815295865274,1002
2024-09-20 09:55:03.606000,423.7891868669154,7
2024-09-20 09:55:03.654000,423.8070668146243,1004
2024-09-20 09:55:03.722000,423.8404794452929,15
2024-09-20 09:55:03.775000,423.7998856065115,1001
2024-09-20 09:55:03.841000,423.8231586593564,99
2024-09-20 09:55:03.873000,423.8169858109517,1004
2024-09-20 09:55:03.885000,423.80351891540977,102
2024-09-20 09:55:03.927000,423.8019287836275,11
2024-09-20 09:55:03.932000,423.8122237779866,1003
2024-09-20 09:55:03.933000,423.80878026808,997
2024-09-20 09:55:03.962000,423.8111799639952,102
2024-09-20 09:55:03.970000,423.80727751528366,15
2024-09-20 09:55:05.030000,423.8932725854056,5
2024-09-20 09:55:05.148000,423.8997502961189,1001
2024-09-20 09:55:05.178000,423.92252463916606,996
2024-09-20 09:55:05.310000,423.81480426792416,997
2024-09-20 09:55:05.321000,423.8716497775004,1001
2024-09-20 09:55:05.397000,423.8411599724012,101
2024-09-20 09:55:05.408000,423.890591210608,99
2024-09-20 09:55:05.494000,423.9205258494302,105
2024-09-20 09:55:05.529000,423.8907410710244,95
2024-09-20 09:55:05.578000,423.76200322989513,10
2024-09-20 09:55:05.652000,423.8217541338078,1003
2024-09-20 09:55:05.700000,423.8495544952176,5
2024-09-20 09:55:05.703000,423.7961953325967,97
2024-09-20 09:55:05.750000,423.8974372209241,7
2024-09-20 09:55:05.806000,423.8891596400169,95
2024-09-20 09:55:05.820000,423.9122075863815,101
2024-09-20 09:55:05.925000,423.8167480352768,95
2024-09-20 09:55:05.940000,423.77236385699086,1004
2024-09-20 09:55:05.945000,423.771804933072,5
2024-09-20 09:55:05.965000,423.82408509051794,995
2024-09-20 09:55:06.290000,423.9119567240673,7
2024-09-20 09:55:06.447000,423.9022994655782,5
2024-09-20 09:55:06.843000,423.9069031292566,102
2024-09-20 09:55:06.897000,423.9077377092688,1003
2024-09-20 09:55:07,423.8781059196229,7
2024-09-20 09:55:07.002000,423.89439637065175,1005
2024-09-20 09:55:07.008000,423.9133955310288,95
2024-09-20 09:55:07.085000,423.8703664839721,998
2024-09-20 09:55:07.090000,423.9243956066737,99
2024-09-20 09:55:07.112000,423.8706953534633,102
2024-09-20 09:55:07.125000,423.93174951948464,99
2024-09-20 09:55:07.129000,423.921398252317,1000
2024-09-20 09:55:07.147000,423.9514277783405,5
2024-09-20 09:55:07.166000,423.8972992096909,104
2024-09-20 09:55:07.298000,423.9384771760674,1003
2024-09-20 09:55:07.368000,423.9211033274762,105
2024-09-20 09:55:07.448000,423.9342086323352,996
2024-09-20 09:55:07.507000,423.8760720403655,1005
2024-09-20 09:55:07.518000,423.8498412880386,105
2024-09-20 09:55:07.542000,423.8996220303955,14
2024-09-20 09:55:07.563000,423.9097460455943,100
2024-09-20 09:55:07.616000,423.9274590405365,15
2024-09-20 09:55:07.645000,423.8791032246653,5
2024-09-20 09:55:07.652000,423.88604948202,13
2024-09-20 09:55:07.664000,423.92983690468645,104
2024-09-20 09:55:07.681000,423.9210086960482,8
2024-09-20 09:55:07.731000,423.8940341152741,102
2024-09-20 09:55:07.735000,423.913095752724,98
2024-09-20 09:55:07.737000,423.89172421562046,7
2024-09-20 09:55:07.792000,423.9013779668486,1003
2024-09-20 09:55:07.885000,423.9200045509064,105
2024-09-20 09:55:07.936000,423.8678576380377,1002
2024-09-20 09:55:08.129000,423.8333887271792,99
2024-09-20 09:55:08.140000,423.8487200314456,5
2024-09-20 09:55:08.144000,423.8024422914215,997
2024-09-20 09:55:08.199000,423.831780142218,1002
2024-09-20 09:55:08.225000,423.83566632841945,998
2024-09-20 09:55:08.378000,423.8110790562558,11
2024-09-20 09:55:08.388000,423.8180906044541,14
2024-09-20 09:55:08.454000,423.8194353198169,999
2024-09-20 09:55:08.501000,423.7951159611484,14
2024-09-20 09:55:08.584000,423.822235060422,1002
2024-09-20 09:55:08.711000,423.8150857400941,999
2024-09-20 09:55:08.761000,423.8525631403251,7
2024-09-20 09:55:08.770000,423.8088546389608,1001
2024-09-20 09:55:08.880000,423.89910572597904,13
2024-09-20 09:55:08.990000,423.868975010092,10
2024-09-20 09:55:09.149000,423.9236180875245,997
2024-09-20 09:55:09.194000,423.9209689940688,12
2024-09-20 09:55:09.219000,423.9415389195759,97
2024-09-20 09:55:09.237000,423.93182515064944,1004
2024-09-20 09:55:09.396000,423.9363643081927,102
2024-09-20 09:55:09.401000,423.9395005392815,103
2024-09-20 09:55:09.513000,423.92272934326814,1000
2024-09-20 09:55:09.572000,423.9353742945811,99
2024-09-20 09:55:09.588000,423.934590780671,105
2024-09-20 09:55:09.711000,423.9057853069871,999
2024-09-20 09:55:09.783000,423.8984680777311,1003
2024-09-20 09:55:09.852000,423.934816672768,998
2024-09-20 09:55:10.082000,423.8920748687733,999
2024-09-20 09:55:10.097000,423.90282751267466,995
2024-09-20 09:55:10.160000,423.8539549840696,996
2024-09-20 09:55:10.212000,423.8482318593119,95
2024-09-20 09:55:10.222000,423.90453930713767,997
2024-09-20 09:55:10.283000,423.9244523150455,104
2024-09-20 09:55:10.295000,423.8522509875765,11
2024-09-20 09:55:10.319000,423.8563396726974,104
2024-09-20 09:55:10.330000,423.8922384797268,1000
2024-09-20 09:55:10.383000,423.843853939359,99
2024-09-20 09:55:10.443000,423.86258875965984,997
2024-09-20 09:55:10.500000,423.8567193266832,103
2024-09-20 09:55:10.579000,423.8480289765853,14
2024-09-20 09:55:10.662000,423.8607413933594,13
2024-09-20 09:55:10.679000,423.86994468514695,12
2024-09-20 09:55:10.722000,423.8861136707243,999
2024-09-20 09:55:10.727000,423.8503855571629,99
2024-09-20 09:55:10.788000,423.8677965880944,1000
2024-09-20 09:55:10.814000,423.8274846107087,5
2024-09-20 09:55:10.815000,423.89128314239775,103
2024-09-20 09:55:10.824000,423.8529156194813,100
2024-09-20 09:55:10.830000,423.8499713370472,12
2024-09-20 09:55:10.848000,423.920252359521,5
2024-09-20 09:55:10.911000,423.8601447628728,105
2024-09-20 09:55:10.945000,423.8600983937122,10
2024-09-20 09:55:10.999000,423.8860551812125,105
2024-09-20 09:55:11.059000,423.86008651163775,1005
2024-09-20 09:55:11.061000,423.8506560106952,7
2024-09-20 09:55:11.131000,423.8841784996165,14
2024-09-20 09:55:11.290000,423.831908614914,12
2024-09-20 09:55:11.331000,423.88050757030015,100
2024-09-20 09:55:11.523000,423.8634191183415,12
2024-09-20 09:55:11.611000,423.8679530053661,1005
2024-09-20 09:55:11.751000,423.8582260078908,8
2024-09-20 09:55:11.825000,423.86847191569626,14
2024-09-20 09:55:11.829000,423.8494719131274,1003
2024-09-20 09:55:11.917000,423.8732153117673,12
2024-09-20 09:55:11.981000,423.8370356526416,103
2024-09-20 09:55:11.987000,423.85042239984296,1005
2024-09-20 09:55:12.086000,423.8317472493439,997
2024-09-20 09:55:12.235000,423.8181756373392,1001
2024-09-20 09:55:12.254000,423.798044012265,12
2024-09-20 09:55:12.291000,423.7962673952922,1003
2024-09-20 09:55:12.361000,423.8069863639222,8
2024-09-20 09:55:12.489000,423.8375908427578,997
2024-09-20 09:55:12.545000,423.7956304595591,97
2024-09-20 09:55:12.576000,423.7814828004852,101
2024-09-20 09:55:12.583000,423.7777731069693,103
2024-09-20 09:55:12.624000,423.80150700382194,95
2024-09-20 09:55:12.651000,423.8151276314408,11
2024-09-20 09:55:12.656000,423.7880345611489,9
2024-09-20 09:55:12.744000,423.80684393868233,1005
2024-09-20 09:55:12.755000,423.81823853411714,1001
2024-09-20 09:55:12.766000,423.7997921139682,95
2024-09-20 09:55:12.769000,423.76852773391767,1005
2024-09-20 09:55:12.844000,423.81445589943615,9
2024-09-20 09:55:12.997000,423.7741724273736,103
2024-09-20 09:55:13.017000,423.7783450745387,14
2024-09-20 09:55:13.707000,423.77875960218216,11
2024-09-20 09:55:13.993000,423.76512180290734,998
2024-09-20 09:55:14.010000,423.7666016503133,15
2024-09-20 09:55:14.074000,423.75750556988334,999
2024-09-20 09:55:14.099000,423.759528494205,5
2024-09-20 09:55:14.103000,423.78028279531605,12
2024-09-20 09:55:14.150000,423.7670045125995,14
2024-09-20 09:55:14.173000,423.7812385027618,95
2024-09-20 09:55:14.415000,423.74923171988735,11
2024-09-20 09:55:14.444000,423.7554896487966,999
2024-09-20 09:55:14.449000,423.7705031491295,105
2024-09-20 09:55:14.592000,423.7558778931901,13
2024-09-20 09:55:14.843000,423.7519533137351,98
2024-09-20 09:55:14.858000,423.7534105781223,997
2024-09-20 09:55:14.880000,423.766799366482,105
2024-09-20 09:55:14.885000,423.7862871488672,98
2024-09-20 09:55:14.925000,423.7753077732408,1002
2024-09-20 09:55:15.108000,423.6716941649087,8
2024-09-20 09:55:15.161000,423.6794771643485,1000
2024-09-20 09:55:15.170000,423.6885700489885,8
2024-09-20 09:55:15.302000,423.67657390185786,10
2024-09-20 09:55:15.456000,423.72316391993184,999
2024-09-20 09:55:15.461000,423.69418084960427,6
2024-09-20 09:55:15.659000,423.6956285952084,103
2024-09-20 09:55:15.800000,423.686457727727,996
2024-09-20 09:55:15.902000,423.7425239601037,97
2024-09-20 09:55:15.910000,423.6608170694636,98
2024-09-20 09:55:15.930000,423.6548195627449,12
2024-09-20 09:55:16.019000,423.6010624987886,996
2024-09-20 09:55:16.053000,423.6500794500556,9
2024-09-20 09:55:16.110000,423.647054118833,14
2024-09-20 09:55:16.153000,423.6617339427856,1004
2024-09-20 09:55:16.229000,423.6829704950016,8
2024-09-20 09:55:16.235000,423.6245505889481,6
2024-09-20 09:55:16.313000,423.6574263066916,997
2024-09-20 09:55:16.348000,423.6271283640535,97
2024-09-20 09:55:16.354000,423.6675048036935,95
2024-09-20 09:55:16.380000,423.62402931253183,997
2024-09-20 09:55:16.409000,423.6936732179456,1005
2024-09-20 09:55:16.456000,423.6998739599377,8
2024-09-20 09:55:16.464000,423.6538772185575,6
2024-09-20 09:55:16.466000,423.6622657729935,998
2024-09-20 09:55:16.483000,423.7033642241223,105
2024-09-20 09:55:16.485000,423.61198643860007,1001
2024-09-20 09:55:16.562000,423.6643183993612,5
2024-09-20 09:55:16.577000,423.7020927950537,1000
2024-09-20 09:55:16.579000,423.6456112103351,13
2024-09-20 09:55:16.654000,423.65469757130086,8
2024-09-20 09:55:16.704000,423.6613522942243,1005
2024-09-20 09:55:16.718000,423.6903966900938,9
2024-09-20 09:55:16.766000,423.6810259607389,1002
2024-09-20 09:55:16.833000,423.5898730656559,1000
2024-09-20 09:55:16.850000,423.6834516452248,1002
2024-09-20 09:55:16.860000,423.6522942525162,12
2024-09-20 09:55:16.929000,423.63462342577526,998
2024-09-20 09:55:16.970000,423.62340484085496,100
2024-09-20 09:55:16.978000,423.6652936986602,999
2024-09-20 09:55:17,423.7351114852348,98
2024-09-20 09:55:17.124000,423.7068574728573,12
2024-09-20 09:55:17.130000,423.7177166044988,95
2024-09-20 09:55:17.198000,423.7052386698456,105
2024-09-20 09:55:17.266000,423.7558405208506,1003
2024-09-20 09:55:17.293000,423.7166522685065,102
2024-09-20 09:55:17.309000,423.7027625418275,11
2024-09-20 09:55:17.315000,423.68009959669575,11
2024-09-20 09:55:17.333000,423.6994419292106,8
2024-09-20 09:55:17.386000,423.6566437512182,105
2024-09-20 09:55:17.424000,423.705187021976,105
2024-09-20 09:55:17.503000,423.7158652538533,5
2024-09-20 09:55:17.556000,423.69495846913566,1002
2024-09-20 09:55:17.591000,423.7271726700375,996
2024-09-20 09:55:17.599000,423.6733079400137,99
2024-09-20 09:55:17.612000,423.707867289848,100
2024-09-20 09:55:17.669000,423.6836731310737,10
2024-09-20 09:55:17.728000,423.73790009631296,10
2024-09-20 09:55:17.761000,423.6966533079418,96
2024-09-20 09:55:17.823000,423.7002935834624,10
2024-09-20 09:55:17.827000,423.7533020448344,105
2024-09-20 09:55:17.842000,423.6679891314427,1000
2024-09-20 09:55:17.875000,423.6986557550884,103
2024-09-20 09:55:17.877000,423.6850495724384,95
2024-09-20 09:55:17.916000,423.7233342011707,104
2024-09-20 09:55:18.002000,423.6926770907607,95
2024-09-20 09:55:18.039000,423.6942459489307,7
2024-09-20 09:55:18.102000,423.71813155377055,9
2024-09-20 09:55:18.125000,423.6934732211572,12
2024-09-20 09:55:18.161000,423.7238490572986,5
2024-09-20 09:55:18.182000,423.7084657140145,102
2024-09-20 09:55:18.182000,423.6980801320968,1003
2024-09-20 09:55:18.216000,423.76549074480346,996
2024-09-20 09:55:18.228000,423.737538197773,103
2024-09-20 09:55:18.294000,423.7071040896885,104
2024-09-20 09:55:18.316000,423.72333146869335,1003
2024-09-20 09:55:18.324000,423.7356910218326,14
2024-09-20 09:55:18.330000,423.706321254743,102
2024-09-20 09:55:18.499000,423.6870659438532,97
2024-09-20 09:55:18.570000,423.7197196286407,95
2024-09-20 09:55:18.579000,423.7262839751426,103
2024-09-20 09:55:18.583000,423.7179027496035,97
2024-09-20 09:55:18.623000,423.730868486129,97
2024-09-20 09:55:18.800000,423.764227156785,102
2024-09-20 09:55:18.814000,423.7715373135168,5
2024-09-20 09:55:18.936000,423.761259002161,1004
2024-09-20 09:55:18.971000,423.7116442363062,995
2024-09-20 09:55:19.077000,423.7558345773945,995
2024-09-20 09:55:19.094000,423.75742050584114,1004
2024-09-20 09:55:19.207000,423.7324955966441,6
2024-09-20 09:55:19.235000,423.7426138563984,12
2024-09-20 09:55:19.243000,423.7549334249831,100
2024-09-20 09:55:19.328000,423.7373673831226,1000
2024-09-20 09:55:19.412000,423.77831053589455,103
2024-09-20 09:55:19.499000,423.7400982257533,1004
2024-09-20 09:55:19.531000,423.74304262747046,101
2024-09-20 09:55:19.682000,423.7171363074688,7
2024-09-20 09:55:19.736000,423.7195702503883,10
2024-09-20 09:55:19.783000,423.7605694145585,98
2024-09-20 09:55:19.791000,423.74236693689807,101
2024-09-20 09:55:19.922000,423.7387094938366,103
2024-09-20 09:55:19.966000,423.743001312893,1005
2024-09-20 09:55:19.967000,423.7311869089327,101
2024-09-20 09:55:20.029000,423.6902746597267,1003
2024-09-20 09:55:20.257000,423.6982032950605,105
2024-09-20 09:55:20.259000,423.699143439499,995
2024-09-20 09:55:20.313000,423.68241173131935,15
2024-09-20 09:55:20.440000,423.6794584843224,1003
2024-09-20 09:55:20.465000,423.73017402976114,7
2024-09-20 09:55:20.557000,423.7030025172426,103
2024-09-20 09:55:20.651000,423.6955283760924,97
2024-09-20 09:55:20.760000,423.7279654091139,999
2024-09-20 09:55:20.842000,423.7369016729851,101
2024-09-20 09:55:21.248000,423.70593247325706,6
2024-09-20 09:55:21.699000,423.7059359120511,15
2024-09-20 09:55:22.017000,423.6887495098635,98
2024-09-20 09:55:22.026000,423.684082791201,8
2024-09-20 09:55:22.159000,423.6995438520527,11
2024-09-20 09:55:22.234000,423.6866947343051,1003
2024-09-20 09:55:22.454000,423.6876998703048,95
2024-09-20 09:55:22.496000,423.6892591177334,6
2024-09-20 09:55:22.713000,423.6970698278727,5
2024-09-20 09:55:22.834000,423.6821566356563,6
2024-09-20 09:55:22.876000,423.70193222838833,1003
2024-09-20 09:55:22.993000,423.69685444708114,96
2024-09-20 09:55:23.206000,423.683719715518,1000
2024-09-20 09:55:23.512000,423.6619105064939,1005
2024-09-20 09:55:23.633000,423.6702128713029,995
2024-09-20 09:55:23.765000,423.6925875399395,104
2024-09-20 09:55:23.792000,423.6963761019238,8
2024-09-20 09:55:23.817000,423.67145292602976,99
2024-09-20 09:55:23.835000,423.6886057870757,6
2024-09-20 09:55:23.943000,423.67145753668245,12
2024-09-20 09:55:24.013000,423.7101826996396,1005
2024-09-20 09:55:24.040000,423.6933550742902,995
2024-09-20 09:55:24.096000,423.6933933784608,103
2024-09-20 09:55:24.116000,423.6923784658192,14
2024-09-20 09:55:24.155000,423.67786783138575,98
2024-09-20 09:55:24.161000,423.7152200378572,102
2024-09-20 09:55:24.320000,423.7349677978623,6
2024-09-20 09:55:24.354000,423.64954502099687,97
2024-09-20 09:55:24.373000,423.7554537516815,9
2024-09-20 09:55:24.410000,423.6586028790435,997
2024-09-20 09:55:24.423000,423.6377678941026,101
2024-09-20 09:55:24.449000,423.70040690505886,6
2024-09-20 09:55:24.534000,423.6547323640886,6
2024-09-20 09:55:24.541000,423.634751348829,995
2024-09-20 09:55:24.562000,423.67552405685257,102
2024-09-20 09:55:24.567000,423.7387656260046,1001
2024-09-20 09:55:24.599000,423.6761913339925,99
2024-09-20 09:55:24.628000,423.6737755848344,104
2024-09-20 09:55:24.637000,423.6905190673656,15
2024-09-20 09:55:24.643000,423.6702865561261,13
2024-09-20 09:55:24.854000,423.66604065787095,103
2024-09-20 09:55:24.884000,423.6341914053503,1004
2024-09-20 09:55:24.886000,423.6493172552059,9
2024-09-20 09:55:25.178000,423.71247194317255,100
2024-09-20 09:55:25.365000,423.7083818113202,1005
2024-09-20 09:55:25.366000,423.71425920576206,99
2024-09-20 09:55:25.451000,423.694106464711,10
2024-09-20 09:55:25.468000,423.70460744490686,13
2024-09-20 09:55:25.530000,423.7666286615128,1002
2024-09-20 09:55:25.568000,423.6968564857285,103
2024-09-20 09:55:25.570000,423.6751379241832,14
2024-09-20 09:55:25.653000,423.7267649340199,105
2024-09-20 09:55:25.695000,423.7438699754615,11
2024-09-20 09:55:25.712000,423.7019982398249,1001
2024-09-20 09:55:25.875000,423.75483833762746,11
2024-09-20 09:55:25.893000,423.762657373762,1002
2024-09-20 09:55:25.900000,423.7226867681424,99
2024-09-20 09:55:25.982000,423.69207577351176,7
2024-09-20 09:55:26.109000,423.7123213126235,14
2024-09-20 09:55:26.163000,423.666459724192,998
2024-09-20 09:55:26.189000,423.61520425746215,997
2024-09-20 09:55:26.242000,423.6187275915306,98
2024-09-20 09:55:26.303000,423.7504311985026,95
2024-09-20 09:55:26.342000,423.7278310126367,102
2024-09-20 09:55:26.386000,423.64006524474985,101
2024-09-20 09:55:26.408000,423.673629328297,13
2024-09-20 09:55:26.423000,423.71530201303113,5
2024-09-20 09:55:26.464000,423.7156025104104,6
2024-09-20 09:55:26.525000,423.62152564705247,15
2024-09-20 09:55:26.550000,423.6593241700304,1000
2024-09-20 09:55:26.551000,423.7437094687768,996
2024-09-20 09:55:26.566000,423.6504315357437,15
2024-09-20 09:55:26.579000,423.7389121886405,1003
2024-09-20 09:55:26.668000,423.7217117804237,9
2024-09-20 09:55:26.722000,423.619566365144,14
2024-09-20 09:55:26.757000,423.7126705718949,6
2024-09-20 09:55:26.760000,423.6257408038504,1003
2024-09-20 09:55:26.790000,423.66175004702313,1002
2024-09-20 09:55:26.807000,423.7116687388674,13
2024-09-20 09:55:26.821000,423.7059540680176,11
2024-09-20 09:55:26.884000,423.73059420291816,104
2024-09-20 09:55:26.922000,423.6600188520256,12
2024-09-20 09:55:26.929000,423.72386518886736,101
2024-09-20 09:55:26.934000,423.72847851177386,99
2024-09-20 09:55:27.015000,423.6259983014541,96
2024-09-20 09:55:27.025000,423.63982643498326,998
2024-09-20 09:55:27.040000,423.61524845383786,996
2024-09-20 09:55:27.093000,423.6676132462748,1000
2024-09-20 09:55:27.106000,423.61764384430734,98
2024-09-20 09:55:27.112000,423.64492349191096,103
2024-09-20 09:55:27.119000,423.64470696383165,9
2024-09-20 09:55:27.197000,423.6118796088012,14
2024-09-20 09:55:27.286000,423.6231899996341,995
2024-09-20 09:55:27.286000,423.6226891951469,14
2024-09-20 09:55:27.307000,423.62330460970185,96
2024-09-20 09:55:27.308000,423.6122782379133,1001
2024-09-20 09:55:27.343000,423.6208780324032,1000
2024-09-20 09:55:27.343000,423.6282093813048,13
2024-09-20 09:55:27.349000,423.6189426567321,101
2024-09-20 09:55:27.361000,423.6068327638503,6
2024-09-20 09:55:27.376000,423.6021040026977,15
2024-09-20 09:55:27.378000,423.6433688562157,11
2024-09-20 09:55:27.421000,423.63895190984096,105
2024-09-20 09:55:27.596000,423.6159650362001,1002
2024-09-20 09:55:27.622000,423.6304822844061,14
2024-09-20 09:55:27.635000,423.6256863358651,1000
2024-09-20 09:55:27.729000,423.6216027688624,97
2024-09-20 09:55:27.734000,423.6099607160714,10
2024-09-20 09:55:27.779000,423.6402589414998,8
2024-09-20 09:55:27.854000,423.6331351203451,10
2024-09-20 09:55:28.049000,423.6443292657083,100
2024-09-20 09:55:28.245000,423.6221783605848,105
2024-09-20 09:55:28.658000,423.6258746528894,100
2024-09-20 09:55:28.696000,423.6424378422205,8
2024-09-20 09:55:28.789000,423.6622918039695,12
2024-09-20 09:55:28.811000,423.64274000665455,1003
2024-09-20 09:55:28.875000,423.6291887499896,1004
2024-09-20 09:55:28.918000,423.6397843643627,1003
2024-09-20 09:55:30.011000,423.66662785961296,996
2024-09-20 09:55:30.211000,423.65810467791766,1000
2024-09-20 09:55:30.354000,423.6524956792978,98
2024-09-20 09:55:30.650000,423.6366096820525,14
2024-09-20 09:55:30.933000,423.64645771896784,104
2024-09-20 09:55:31.005000,423.6554892732236,12
2024-09-20 09:55:31.076000,423.7009585297832,98
2024-09-20 09:55:31.114000,423.6728248858449,999
2024-09-20 09:55:31.170000,423.66465174293097,105
2024-09-20 09:55:31.280000,423.6663820972058,103
2024-09-20 09:55:31.299000,423.6539265568586,7
2024-09-20 09:55:31.479000,423.6369467613093,104
2024-09-20 09:55:31.500000,423.6614548846608,12
2024-09-20 09:55:31.723000,423.6764582837412,997
2024-09-20 09:55:31.749000,423.67983532185633,998
2024-09-20 09:55:31.804000,423.6625702665509,7
2024-09-20 09:55:31.809000,423.6541244807081,95
2024-09-20 09:55:31.863000,423.6618226283248,95
2024-09-20 09:55:31.901000,423.64934721065646,104
2024-09-20 09:55:31.931000,423.7062483418487,97
2024-09-20 09:55:31.941000,423.6465596874861,1001
2024-09-20 09:55:31.973000,423.7121122483216,5
2024-09-20 09:55:33.255000,423.6989319579106,105
2024-09-20 09:55:33.436000,423.6836320075558,100
2024-09-20 09:55:33.501000,423.70765487656246,1002
2024-09-20 09:55:33.555000,423.6975010130244,1002
2024-09-20 09:55:33.639000,423.6881578356868,12
2024-09-20 09:55:33.780000,423.6967308155426,96
2024-09-20 09:55:33.899000,423.7027826839104,100
2024-09-20 09:55:34.344000,423.7009226075944,1000
2024-09-20 09:55:34.405000,423.6932595718102,13
2024-09-20 09:55:34.584000,423.69595599122215,104
2024-09-20 09:55:34.641000,423.6952051703333,1000
2024-09-20 09:55:34.811000,423.69304918115387,1004
2024-09-20 09:55:35.031000,423.7308773708646,995
2024-09-20 09:55:35.252000,423.703895742043,12
2024-09-20 09:55:35.691000,423.701005457444,96
2024-09-20 09:55:36.177000,423.7463725594913,12
2024-09-20 09:55:36.252000,423.7467704809424,98
2024-09-20 09:55:37.165000,423.7496931926093,1005
2024-09-20 09:55:37.165000,423.7391203370034,5
2024-09-20 09:55:37.184000,423.7729246226113,14
2024-09-20 09:55:37.296000,423.76229706657216,1000
2024-09-20 09:55:37.403000,423.76907593648514,9
2024-09-20 09:55:37.412000,423.7573939784799,104
2024-09-20 09:55:37.520000,423.74199320935054,996
2024-09-20 09:55:37.657000,423.7583537445989,1001
2024-09-20 09:55:37.698000,423.76155106188304,99
2024-09-20 09:55:37.711000,423.7698995270218,97
2024-09-20 09:55:37.722000,423.7366495676728,103
2024-09-20 09:55:37.995000,423.7508769562026,97
2024-09-20 09:55:38.010000,423.7176815898076,105
2024-09-20 09:55:38.014000,423.7393417995035,1000
2024-09-20 09:55:38.033000,423.8026182770843,1001
2024-09-20 09:55:38.034000,423.7429964145874,11
2024-09-20 09:55:38.035000,423.7573180171844,998
2024-09-20 09:55:38.077000,423.74220596252815,102
2024-09-20 09:55:38.128000,423.7874307074927,100
2024-09-20 09:55:38.156000,423.7214192358374,98
2024-09-20 09:55:38.218000,423.7880810893328,12
2024-09-20 09:55:38.374000,423.75410094942265,104
2024-09-20 09:55:38.377000,423.7604869617608,1002
2024-09-20 09:55:38.380000,423.73040484345626,1000
2024-09-20 09:55:38.464000,423.7207458448687,999
2024-09-20 09:55:38.588000,423.7571720158725,105
2024-09-20 09:55:38.648000,423.7734903840576,96
2024-09-20 09:55:38.750000,423.7757602382889,11
2024-09-20 09:55:38.752000,423.7765958117009,9
2024-09-20 09:55:38.859000,423.82129926731176,95
2024-09-20 09:55:38.868000,423.7492988200668,996
2024-09-20 09:55:38.886000,423.78506404296655,100
2024-09-20 09:55:38.910000,423.80842573569055,15
2024-09-20 09:55:38.930000,423.7072000563172,95
2024-09-20 09:55:38.948000,423.7472703224541,13
2024-09-20 09:55:38.956000,423.74798330457367,1002
2024-09-20 09:55:39.482000,423.8061952452716,104
2024-09-20 09:55:40.050000,423.8231311777806,98
2024-09-20 09:55:40.120000,423.8136793462127,104
2024-09-20 09:55:40.123000,423.8243280761989,99
2024-09-20 09:55:40.181000,423.8189216510119,995
2024-09-20 09:55:40.361000,423.8461883398616,101
2024-09-20 09:55:40.367000,423.8343041868272,996
2024-09-20 09:55:40.611000,423.7773596159438,95
2024-09-20 09:55:40.729000,423.8014831965817,1003
2024-09-20 09:55:40.756000,423.8284514049232,97
2024-09-20 09:55:40.789000,423.7834498808015,999
2024-09-20 09:55:40.875000,423.83076179559214,102
2024-09-20 09:55:40.967000,423.83901499822576,97
2024-09-20 09:55:41.192000,423.7874584691741,99
2024-09-20 09:55:41.201000,423.7933837969003,1005
2024-09-20 09:55:41.219000,423.81181577489,996
2024-09-20 09:55:41.261000,423.7906195056651,996
2024-09-20 09:55:41.314000,423.7991170765347,996
2024-09-20 09:55:41.366000,423.7967925914238,997
2024-09-20 09:55:41.389000,423.8002700828629,101
2024-09-20 09:55:41.391000,423.80242700141656,104
2024-09-20 09:55:41.550000,423.7872712815384,995
2024-09-20 09:55:41.657000,423.8032630021535,999
2024-09-20 09:55:41.713000,423.78334949249125,12
2024-09-20 09:55:41.730000,423.8229082023831,1002
2024-09-20 09:55:41.736000,423.7964877069964,14
2024-09-20 09:55:41.761000,423.8168063836828,11
2024-09-20 09:55:41.789000,423.7919364218312,1005
2024-09-20 09:55:41.796000,423.7823004591479,105
2024-09-20 09:55:41.836000,423.7877665039046,103
2024-09-20 09:55:41.840000,423.8019485677659,12
2024-09-20 09:55:41.851000,423.7848193911749,6
2024-09-20 09:55:41.965000,423.7800524021927,95
2024-09-20 09:55:42.009000,423.725114145589,1000
2024-09-20 09:55:42.037000,423.7317897315225,98
2024-09-20 09:55:42.043000,423.6592420626352,99
2024-09-20 09:55:42.182000,423.7026760249432,12
2024-09-20 09:55:42.272000,423.6987518517405,105
2024-09-20 09:55:42.351000,423.7663625474893,9
2024-09-20 09:55:42.425000,423.7172108256161,1004
2024-09-20 09:55:42.477000,423.7544660580801,98
2024-09-20 09:55:42.662000,423.7317455603684,999
2024-09-20 09:55:42.700000,423.6744126223581,8
2024-09-20 09:55:42.715000,423.7253793955163,9
2024-09-20 09:55:42.722000,423.7259763630206,14
2024-09-20 09:55:42.964000,423.74878519293486,10
2024-09-20 09:55:43.123000,423.70630847859934,12
2024-09-20 09:55:43.387000,423.7087978844673,1002
2024-09-20 09:55:43.438000,423.70554021009895,1001
2024-09-20 09:55:43.730000,423.69519395829474,995
2024-09-20 09:55:43.808000,423.70189218882746,99
2024-09-20 09:55:43.919000,423.7143911217053,98
2024-09-20 09:55:43.991000,423.6980279486477,13
2024-09-20 09:55:44.217000,423.7152971246561,5
2024-09-20 09:55:44.326000,423.7275643963876,1000
2024-09-20 09:55:44.568000,423.7180394986005,996
2024-09-20 09:55:44.589000,423.6996432167516,11
2024-09-20 09:55:44.604000,423.714832660994,9
2024-09-20 09:55:44.617000,423.714081936532,102
2024-09-20 09:55:44.650000,423.6999741523747,100
2024-09-20 09:55:44.691000,423.70042830929566,101
2024-09-20 09:55:44.797000,423.7406368742385,97
2024-09-20 09:55:44.950000,423.6892191253369,102
2024-09-20 09:55:44.956000,423.75840566969913,104
2024-09-20 09:55:45.187000,423.7351309917195,998
2024-09-20 09:55:45.664000,423.7586357937399,104
2024-09-20 09:55:45.664000,423.7470607685564,15
2024-09-20 09:55:45.718000,423.7514307387087,1002
2024-09-20 09:55:45.784000,423.757813643207,995
2024-09-20 09:55:45.945000,423.7388071196266,996
2024-09-20 09:55:45.977000,423.7550165128248,6
2024-09-20 09:55:46.150000,423.6264796241801,13
2024-09-20 09:55:46.188000,423.6322171466396,99
2024-09-20 09:55:46.278000,423.732397613126,103
2024-09-20 09:55:46.308000,423.6371097393299,100
2024-09-20 09:55:46.311000,423.7594051475284,999
2024-09-20 09:55:46.313000,423.6836370761267,99
2024-09-20 09:55:46.369000,423.7243548504234,6
2024-09-20 09:55:46.502000,423.7038534178513,1004
2024-09-20 09:55:46.592000,423.6328561144744,9
2024-09-20 09:55:46.632000,423.6303627644694,98
2024-09-20 09:55:46.678000,423.7270653679002,13
2024-09-20 09:55:46.692000,423.7130136592315,11
2024-09-20 09:55:46.825000,423.6717078681269,999
2024-09-20 09:55:46.880000,423.6329030880492,999
2024-09-20 09:55:46.885000,423.7216621990518,13
2024-09-20 09:55:46.941000,423.7440930737844,100
2024-09-20 09:55:46.968000,423.7401336348506,97
2024-09-20 09:55:47.008000,423.6762663091769,13
2024-09-20 09:55:47.052000,423.66040614675165,96
2024-09-20 09:55:47.071000,423.6350639113919,1005
2024-09-20 09:55:47.213000,423.64414998154905,997
2024-09-20 09:55:47.433000,423.6288344325384,6
2024-09-20 09:55:47.725000,423.6829713662956,10
2024-09-20 09:55:47.822000,423.6707382052674,12
2024-09-20 09:55:47.914000,423.6371503693344,1000
2024-09-20 09:55:48.103000,423.6858946568623,5
2024-09-20 09:55:48.141000,423.6983109493181,96
2024-09-20 09:55:48.184000,423.6855297975568,7
2024-09-20 09:55:48.251000,423.6855440089836,13
2024-09-20 09:55:48.461000,423.6918149058546,101
2024-09-20 09:55:48.834000,423.7068968689418,995
2024-09-20 09:55:48.981000,423.6937348201202,998
2024-09-20 09:55:48.994000,423.6828046843646,15
2024-09-20 09:55:48.995000,423.6686953955531,101
2024-09-20 09:55:49.025000,423.7188703864832,1005
2024-09-20 09:55:49.053000,423.7175873088278,104
2024-09-20 09:55:49.055000,423.7229498211323,105
2024-09-20 09:55:49.077000,423.71782572184895,103
2024-09-20 09:55:49.095000,423.6994587930613,99
2024-09-20 09:55:49.154000,423.72366117073886,997
2024-09-20 09:55:49.340000,423.70685382007616,100
2024-09-20 09:55:49.503000,423.72477267471976,99
2024-09-20 09:55:49.511000,423.71639496194615,9
2024-09-20 09:55:49.575000,423.71177618583,105
2024-09-20 09:55:49.637000,423.7292896021466,1005
2024-09-20 09:55:49.661000,423.7004012069645,1001
2024-09-20 09:55:49.697000,423.73013740113527,996
2024-09-20 09:55:49.751000,423.7237171135246,1004
2024-09-20 09:55:49.779000,423.7059594449743,6
2024-09-20 09:55:49.801000,423.6903840722492,102
2024-09-20 09:55:49.938000,423.7256594770986,100
2024-09-20 09:55:49.976000,423.6937336948726,1001
2024-09-20 09:55:49.979000,423.7010883967627,103
2024-09-20 09:55:50.010000,423.7645334706246,1001
2024-09-20 09:55:50.054000,423.7832174724553,997
2024-09-20 09:55:50.058000,423.7459646759972,995
2024-09-20 09:55:50.069000,423.7566251117108,101
2024-09-20 09:55:50.080000,423.7258296742701,996
2024-09-20 09:55:50.136000,423.7945662071668,1003
2024-09-20 09:55:50.148000,423.772129237558,1004
2024-09-20 09:55:50.155000,423.7750350219727,105
2024-09-20 09:55:50.239000,423.7833109211573,11
2024-09-20 09:55:50.320000,423.76892115289456,10
2024-09-20 09:55:50.397000,423.7578566202416,98
2024-09-20 09:55:50.441000,423.7317057531779,996
2024-09-20 09:55:50.452000,423.742871842737,1005
2024-09-20 09:55:50.467000,423.7992374423196,10
2024-09-20 09:55:50.467000,423.7414701049584,8
2024-09-20 09:55:50.548000,423.7436094983164,1000
2024-09-20 09:55:50.691000,423.7329041352512,11
2024-09-20 09:55:50.709000,423.7874956437674,97
2024-09-20 09:55:50.868000,423.7680013894585,11
2024-09-20 09:55:50.896000,423.7597995720956,105
2024-09-20 09:55:50.938000,423.7573248625185,105
2024-09-20 09:55:50.993000,423.7463793215813,14
2024-09-20 09:55:51.052000,423.78257878116926,10
2024-09-20 09:55:51.084000,423.8193147297272,8
2024-09-20 09:55:51.181000,423.8388232378885,1001
2024-09-20 09:55:51.254000,423.7943009675759,95
2024-09-20 09:55:51.288000,423.785351587451,12
2024-09-20 09:55:51.357000,423.81484873648,15
2024-09-20 09:55:51.359000,423.756848517278,1005
2024-09-20 09:55:51.397000,423.7657982722362,103
2024-09-20 09:55:51.422000,423.7796142348431,995
2024-09-20 09:55:51.443000,423.8002101779457,105
2024-09-20 09:55:51.512000,423.7524711235105,9
2024-09-20 09:55:51.533000,423.8071100897466,96
2024-09-20 09:55:51.533000,423.7764788925738,1004
2024-09-20 09:55:51.555000,423.8083390325911,97
2024-09-20 09:55:51.580000,423.8315429055476,998
2024-09-20 09:55:51.671000,423.79723360941216,995
2024-09-20 09:55:51.673000,423.8322684121169,14
2024-09-20 09:55:51.714000,423.81142407973806,15
2024-09-20 09:55:51.727000,423.7519024296774,1005
2024-09-20 09:55:51.770000,423.8034799752555,13
2024-09-20 09:55:51.788000,423.7674417161618,15
2024-09-20 09:55:51.792000,423.8191005455973,995
2024-09-20 09:55:51.865000,423.8310487209153,13
2024-09-20 09:55:51.876000,423.8175223904648,995
2024-09-20 09:55:51.924000,423.8046953625537,96
2024-09-20 09:55:52.012000,423.75827321964687,99
2024-09-20 09:55:52.016000,423.789230983444,5
2024-09-20 09:55:52.084000,423.7861454706497,97
2024-09-20 09:55:52.108000,423.7928382150404,1005
2024-09-20 09:55:52.139000,423.76577772380807,996
2024-09-20 09:55:52.198000,423.7743396583581,95
2024-09-20 09:55:52.300000,423.7675859489629,10
2024-09-20 09:55:52.321000,423.77031956829273,996
2024-09-20 09:55:52.388000,423.75814052713554,1001
2024-09-20 09:55:52.435000,423.7845595231508,1004
2024-09-20 09:55:52.443000,423.7726698524957,13
2024-09-20 09:55:52.473000,423.7777300400358,1001
2024-09-20 09:55:52.504000,423.7863714200853,10
2024-09-20 09:55:52.528000,423.7541507693808,995
2024-09-20 09:55:52.561000,423.7750773636611,1003
2024-09-20 09:55:52.601000,423.7811661423793,1004
2024-09-20 09:55:52.634000,423.7858572271451,1004
2024-09-20 09:55:52.640000,423.7667846795039,9
2024-09-20 09:55:52.700000,423.7812919943258,996
2024-09-20 09:55:52.782000,423.7711821637252,995
2024-09-20 09:55:52.823000,423.7808987811192,8
2024-09-20 09:55:52.864000,423.80469627665576,1001
2024-09-20 09:55:52.939000,423.7727023972244,1003
2024-09-20 09:55:52.994000,423.7814790317547,97
2024-09-20 09:55:53.209000,423.8338108337205,13
2024-09-20 09:55:53.253000,423.80585644851885,996
2024-09-20 09:55:53.382000,423.7854094879224,100
2024-09-20 09:55:53.639000,423.7961671609179,5
2024-09-20 09:55:53.641000,423.7974512279264,10
2024-09-20 09:55:53.774000,423.79992518708826,1002
2024-09-20 09:55:54.093000,423.86723957892747,996
2024-09-20 09:55:54.236000,423.85514727296015,100
2024-09-20 09:55:54.334000,423.8696926533853,103
2024-09-20 09:55:54.457000,423.8569220563106,1004
2024-09-20 09:55:54.527000,423.8638688092788,1004
2024-09-20 09:55:54.580000,423.86630642182735,100
2024-09-20 09:55:54.646000,423.8460715658459,7
2024-09-20 09:55:54.886000,423.86485223577137,997
2024-09-20 09:55:54.978000,423.86853427650885,996
2024-09-20 09:55:55.414000,423.8698341212888,8
2024-09-20 09:55:55.885000,423.8675508492274,1003
2024-09-20 09:55:56.851000,423.88292729584106,96
2024-09-20 09:55:57.022000,424.0150805258364,7
2024-09-20 09:55:57.105000,424.02598087251295,1002
2024-09-20 09:55:57.110000,424.00121270111725,11
2024-09-20 09:55:57.152000,423.9984386439983,14
2024-09-20 09:55:57.172000,424.0336268498047,96
2024-09-20 09:55:57.243000,424.0477857079641,5
2024-09-20 09:55:57.282000,424.0689202135607,996
2024-09-20 09:55:57.415000,424.06527886390097,99
2024-09-20 09:55:57.439000,424.04668730980086,1001
2024-09-20 09:55:57.494000,423.9599208169242,6
2024-09-20 09:55:57.570000,423.899609405197,1000
2024-09-20 09:55:57.571000,424.0260740786025,996
2024-09-20 09:55:57.580000,424.0199069929196,998
2024-09-20 09:55:57.636000,424.0016882440544,96
2024-09-20 09:55:57.641000,423.957982055772,104
2024-09-20 09:55:57.644000,424.0448454046149,103
2024-09-20 09:55:57.649000,423.913542979663,99
2024-09-20 09:55:57.677000,423.99662716252817,10
2024-09-20 09:55:57.793000,423.92846231891446,97
2024-09-20 09:55:57.800000,423.9883549906677,9
2024-09-20 09:55:57.822000,424.01629124376274,1004
2024-09-20 09:55:57.902000,423.9230954839115,1005
2024-09-20 09:55:57.952000,424.0061410464012,7
2024-09-20 09:55:57.955000,424.0223690824799,96
2024-09-20 09:55:57.961000,423.9114361010116,10
2024-09-20 09:55:57.968000,423.90334637412366,105
2024-09-20 09:55:57.997000,423.9532021313883,105
2024-09-20 09:55:58.084000,423.9442341965585,14
2024-09-20 09:55:58.283000,423.9628924608516,100
2024-09-20 09:55:58.811000,423.968429399642,13
2024-09-20 09:55:58.857000,423.9462998588925,105
2024-09-20 09:55:58.976000,423.9747309326949,996
2024-09-20 09:55:59.015000,423.9282811664637,997
2024-09-20 09:55:59.150000,424.0234559819733,96
2024-09-20 09:55:59.182000,423.99420690581326,11
2024-09-20 09:55:59.333000,424.0208452466072,1001
2024-09-20 09:55:59.345000,423.993972058924,11
2024-09-20 09:55:59.537000,423.9557036023189,14
2024-09-20 09:55:59.712000,423.9315050210011,1003
2024-09-20 09:55:59.733000,423.9590372411981,7
2024-09-20 09:55:59.995000,424.00086489339327,98
