Timestamp,Price,Size
2024-09-17 12:49:00.007000,406.9918936326528,100
2024-09-17 12:49:00.046000,407.059062303063,97
2024-09-17 12:49:00.054000,407.0420847079378,100
2024-09-17 12:49:00.086000,406.9849288700128,96
2024-09-17 12:49:00.150000,407.0401547945857,996
2024-09-17 12:49:00.193000,407.0545146412753,5
2024-09-17 12:49:00.202000,407.0341594697415,101
2024-09-17 12:49:00.327000,407.0336058665722,102
2024-09-17 12:49:00.335000,407.00808585595706,99
2024-09-17 12:49:00.395000,407.0330652248653,98
2024-09-17 12:49:00.435000,407.0450268454335,997
2024-09-17 12:49:00.435000,407.0402220239657,995
2024-09-17 12:49:00.439000,406.9812594101959,101
2024-09-17 12:49:00.481000,407.05400229729673,101
2024-09-17 12:49:00.548000,407.0363283348164,999
2024-09-17 12:49:00.571000,406.984566700449,1001
2024-09-17 12:49:00.624000,406.9983799285298,95
2024-09-17 12:49:00.625000,407.0350702256961,98
2024-09-17 12:49:00.715000,407.02292945706574,15
2024-09-17 12:49:00.738000,407.01583827961366,102
2024-09-17 12:49:00.781000,407.0375614936647,96
2024-09-17 12:49:00.832000,407.045156287406,1002
2024-09-17 12:49:00.858000,407.04903569042784,14
2024-09-17 12:49:00.879000,406.987758197038,11
2024-09-17 12:49:00.949000,406.9898093051291,1003
2024-09-17 12:49:01.042000,406.9688238052502,1002
2024-09-17 12:49:01.055000,406.9759775571269,104
2024-09-17 12:49:01.061000,406.9740137938681,8
2024-09-17 12:49:01.062000,406.969982056084,998
2024-09-17 12:49:01.078000,406.9909299924336,103
2024-09-17 12:49:01.091000,407.0043525503126,105
2024-09-17 12:49:01.130000,406.97210782367006,6
2024-09-17 12:49:01.191000,406.983027591095,15
2024-09-17 12:49:01.197000,406.9899238936832,6
2024-09-17 12:49:01.318000,406.9782428401051,9
2024-09-17 12:49:01.320000,406.9886667783733,10
2024-09-17 12:49:01.330000,406.9586243860784,1003
2024-09-17 12:49:01.359000,406.9705629467298,996
2024-09-17 12:49:01.419000,406.97510510509176,995
2024-09-17 12:49:01.487000,406.98910399026965,13
2024-09-17 12:49:01.534000,406.9881766136622,99
2024-09-17 12:49:01.542000,406.98667945280073,11
2024-09-17 12:49:01.590000,406.9710302958208,7
2024-09-17 12:49:01.641000,406.9901532798879,1000
2024-09-17 12:49:01.654000,406.9737659314405,5
2024-09-17 12:49:01.708000,406.9952237444564,9
2024-09-17 12:49:01.728000,406.99162155197536,104
2024-09-17 12:49:01.806000,406.9736305073106,995
2024-09-17 12:49:01.931000,406.9709880090911,996
2024-09-17 12:49:01.975000,406.9752339663824,95
2024-09-17 12:49:02.047000,407.0084703461338,995
2024-09-17 12:49:02.073000,407.0078600970385,104
2024-09-17 12:49:02.083000,407.0015748375813,97
2024-09-17 12:49:02.253000,406.9996108789294,1005
2024-09-17 12:49:02.299000,406.9932573796615,95
2024-09-17 12:49:02.492000,407.0266682093099,8
2024-09-17 12:49:02.575000,407.00026221425895,5
2024-09-17 12:49:02.575000,406.9858496967942,997
2024-09-17 12:49:02.578000,406.98982631069833,10
2024-09-17 12:49:02.711000,407.0002267997303,13
2024-09-17 12:49:02.815000,406.99742561454826,13
2024-09-17 12:49:03.007000,406.9918762716326,5
2024-09-17 12:49:03.049000,407.00628403098966,95
2024-09-17 12:49:03.120000,407.0287259115104,996
2024-09-17 12:49:03.210000,407.00936226416025,999
2024-09-17 12:49:03.226000,407.0224389659737,998
2024-09-17 12:49:03.246000,406.9989873155369,15
2024-09-17 12:49:03.293000,407.0356239463423,105
2024-09-17 12:49:03.298000,407.015259962981,1003
2024-09-17 12:49:03.377000,407.0030223302438,95
2024-09-17 12:49:03.381000,407.0364382605151,10
2024-09-17 12:49:03.466000,407.0422173816221,7
2024-09-17 12:49:03.467000,407.0387963242047,14
2024-09-17 12:49:03.653000,406.9961539308901,9
2024-09-17 12:49:03.692000,407.0288836312863,99
2024-09-17 12:49:03.849000,406.9955455525739,5
2024-09-17 12:49:03.888000,407.010433647469,10
2024-09-17 12:49:03.946000,407.0255893200039,11
2024-09-17 12:49:04.023000,407.03600291217305,12
2024-09-17 12:49:04.078000,407.00679555566177,97
2024-09-17 12:49:04.087000,407.041487775832,5
2024-09-17 12:49:04.090000,407.034163461336,995
2024-09-17 12:49:04.100000,407.0318515419642,100
2024-09-17 12:49:04.104000,407.0242143587265,7
2024-09-17 12:49:04.118000,407.0186747785009,998
2024-09-17 12:49:04.177000,407.0436992105337,6
2024-09-17 12:49:04.191000,407.03050409154577,11
2024-09-17 12:49:04.237000,407.0276723936018,103
2024-09-17 12:49:04.291000,407.0266418498902,99
2024-09-17 12:49:04.315000,407.0074730937948,1003
2024-09-17 12:49:04.380000,407.0389769649852,1004
2024-09-17 12:49:04.396000,407.0228782659182,8
2024-09-17 12:49:04.418000,407.0403593826853,10
2024-09-17 12:49:04.422000,407.03345275758494,13
2024-09-17 12:49:04.525000,407.02827902259895,98
2024-09-17 12:49:04.540000,407.0189465729658,6
2024-09-17 12:49:04.587000,407.0062759679137,101
2024-09-17 12:49:04.591000,407.0156934859494,103
2024-09-17 12:49:04.673000,407.0363790000081,1005
2024-09-17 12:49:04.711000,407.0396842915332,996
2024-09-17 12:49:04.714000,407.029874078669,103
2024-09-17 12:49:04.762000,407.0514511618644,12
2024-09-17 12:49:04.770000,407.037380480264,12
2024-09-17 12:49:04.804000,407.0312462223087,6
2024-09-17 12:49:04.911000,407.0417172915783,99
2024-09-17 12:49:04.982000,407.0411464232666,100
2024-09-17 12:49:05.094000,407.00921942063405,96
2024-09-17 12:49:05.155000,407.0100799732064,995
2024-09-17 12:49:05.198000,407.0120621976285,101
2024-09-17 12:49:05.579000,407.0289825537761,7
2024-09-17 12:49:05.689000,407.0227361559064,7
2024-09-17 12:49:05.971000,407.0262586751913,102
2024-09-17 12:49:06.053000,407.06884293961537,11
2024-09-17 12:49:06.054000,407.03400321871663,11
2024-09-17 12:49:06.054000,407.0743741285829,6
2024-09-17 12:49:06.112000,407.092395244916,97
2024-09-17 12:49:06.216000,407.0922207031464,96
2024-09-17 12:49:06.264000,407.06398273871696,6
2024-09-17 12:49:06.288000,407.066149911606,8
2024-09-17 12:49:06.290000,407.0804023920533,998
2024-09-17 12:49:06.361000,407.070337974094,8
2024-09-17 12:49:06.426000,407.1052981809591,1002
2024-09-17 12:49:06.451000,407.1062559196032,1003
2024-09-17 12:49:06.514000,407.070250262453,6
2024-09-17 12:49:06.514000,407.0650433781764,1001
2024-09-17 12:49:06.545000,407.1083958343844,995
2024-09-17 12:49:06.645000,407.08133772553225,15
2024-09-17 12:49:06.661000,407.0805899103327,10
2024-09-17 12:49:06.711000,407.0967197153148,10
2024-09-17 12:49:06.751000,407.0817935530908,9
2024-09-17 12:49:06.803000,407.0629315097601,103
2024-09-17 12:49:06.821000,407.0795396760228,100
2024-09-17 12:49:06.924000,407.0629246029948,11
2024-09-17 12:49:06.971000,407.0794020078287,96
2024-09-17 12:49:07.001000,407.100187069602,997
2024-09-17 12:49:07.033000,407.101899589469,104
2024-09-17 12:49:07.085000,407.1101584010917,997
2024-09-17 12:49:07.161000,407.12694131445807,1005
2024-09-17 12:49:07.227000,407.1157171926445,7
2024-09-17 12:49:07.430000,407.128206680018,99
2024-09-17 12:49:07.444000,407.1287035804126,995
2024-09-17 12:49:07.448000,407.0960368988124,5
2024-09-17 12:49:07.486000,407.1390070572714,102
2024-09-17 12:49:07.593000,407.1373430820733,9
2024-09-17 12:49:07.693000,407.1328879631034,6
2024-09-17 12:49:07.709000,407.14189410982976,995
2024-09-17 12:49:07.717000,407.1360694719974,11
2024-09-17 12:49:07.779000,407.13920653450606,1004
2024-09-17 12:49:07.790000,407.0973583552913,6
2024-09-17 12:49:07.836000,407.1327929083018,995
2024-09-17 12:49:07.878000,407.1302466380533,101
2024-09-17 12:49:07.924000,407.0987121274094,1002
2024-09-17 12:49:07.951000,407.1046873420431,12
2024-09-17 12:49:07.961000,407.1434765659561,996
2024-09-17 12:49:07.975000,407.12495792195233,10
2024-09-17 12:49:08.021000,407.11123603697234,995
2024-09-17 12:49:08.037000,407.12465923973326,999
2024-09-17 12:49:08.042000,407.1081861564266,10
2024-09-17 12:49:08.062000,407.1149565966196,13
2024-09-17 12:49:08.107000,407.1289745226254,14
2024-09-17 12:49:08.110000,407.1125443015392,13
2024-09-17 12:49:08.178000,407.0754701335468,999
2024-09-17 12:49:08.235000,407.1009150488561,1000
2024-09-17 12:49:08.291000,407.10401487491606,998
2024-09-17 12:49:08.360000,407.1196631343007,96
2024-09-17 12:49:08.392000,407.1188243026775,1002
2024-09-17 12:49:08.411000,407.138210102683,1000
2024-09-17 12:49:08.457000,407.0641431339451,100
2024-09-17 12:49:08.459000,407.1308856858772,7
2024-09-17 12:49:08.489000,407.1050658598044,102
2024-09-17 12:49:08.523000,407.1096712464433,1000
2024-09-17 12:49:08.592000,407.0976567632401,96
2024-09-17 12:49:08.640000,407.104088176965,99
2024-09-17 12:49:08.695000,407.1185491886824,1004
2024-09-17 12:49:08.716000,407.1177428625046,97
2024-09-17 12:49:08.759000,407.12652129579584,1000
2024-09-17 12:49:08.787000,407.1121682672867,1000
2024-09-17 12:49:08.838000,407.1074895324979,998
2024-09-17 12:49:08.881000,407.1121703233544,14
2024-09-17 12:49:08.941000,407.1216166467877,12
2024-09-17 12:49:08.943000,407.1218409120202,99
2024-09-17 12:49:08.952000,407.08126476791085,999
2024-09-17 12:49:09.273000,407.0455900298374,105
2024-09-17 12:49:09.330000,407.0398698387274,14
2024-09-17 12:49:09.702000,407.0560698463209,996
2024-09-17 12:49:09.817000,407.0438007399672,10
2024-09-17 12:49:10.001000,406.99494893622096,9
2024-09-17 12:49:10.036000,407.0282287489291,1003
2024-09-17 12:49:10.058000,407.0357893502112,98
2024-09-17 12:49:10.154000,407.073212858306,12
2024-09-17 12:49:10.160000,407.0626850019163,1000
2024-09-17 12:49:10.304000,407.0117187409832,999
2024-09-17 12:49:10.324000,407.0812799264619,1001
2024-09-17 12:49:10.367000,407.015884825396,101
2024-09-17 12:49:10.383000,407.06508316023775,9
2024-09-17 12:49:10.391000,407.060386376125,96
2024-09-17 12:49:10.407000,407.0333376411586,11
2024-09-17 12:49:10.449000,407.0611958454514,995
2024-09-17 12:49:10.462000,407.0594482138925,7
2024-09-17 12:49:10.511000,406.99714807449294,998
2024-09-17 12:49:10.522000,406.99645009996135,12
2024-09-17 12:49:10.541000,406.99272586247696,15
2024-09-17 12:49:10.542000,407.01337799280265,996
2024-09-17 12:49:10.549000,407.04752335587415,995
2024-09-17 12:49:10.611000,407.0550488412829,1003
2024-09-17 12:49:10.632000,407.05855190161407,996
2024-09-17 12:49:10.709000,407.0125695060632,5
2024-09-17 12:49:10.744000,407.0382870495625,999
2024-09-17 12:49:10.778000,407.06445280911385,5
2024-09-17 12:49:10.802000,407.05779802207314,8
2024-09-17 12:49:10.830000,407.0710646659151,1005
2024-09-17 12:49:10.871000,407.0791016199937,15
2024-09-17 12:49:10.976000,407.0831938435626,997
2024-09-17 12:49:11.100000,406.9872256626642,96
2024-09-17 12:49:11.101000,407.0249827941711,97
2024-09-17 12:49:11.107000,406.9967865936929,12
2024-09-17 12:49:11.126000,407.0113380977029,1002
2024-09-17 12:49:11.198000,407.0163004318226,99
2024-09-17 12:49:11.362000,407.0000797815677,99
2024-09-17 12:49:11.367000,406.9921013045852,1004
2024-09-17 12:49:11.522000,406.9895332539628,1003
2024-09-17 12:49:11.545000,406.9775099737856,1001
2024-09-17 12:49:11.662000,407.0171751610523,1002
2024-09-17 12:49:11.680000,407.0111687464719,1005
2024-09-17 12:49:11.853000,406.99521781231766,1005
2024-09-17 12:49:11.896000,406.99789932353934,10
2024-09-17 12:49:11.898000,406.9755053108421,1003
2024-09-17 12:49:11.943000,406.98174568647386,1000
2024-09-17 12:49:12.047000,407.02037515522943,997
2024-09-17 12:49:12.136000,407.0285320424914,1004
2024-09-17 12:49:12.169000,406.98967720252807,11
2024-09-17 12:49:12.271000,407.0079127041779,6
2024-09-17 12:49:12.343000,407.07948681598816,995
2024-09-17 12:49:12.345000,407.0763975565488,998
2024-09-17 12:49:12.368000,407.0556796258226,1004
2024-09-17 12:49:12.421000,407.0212219535075,104
2024-09-17 12:49:12.443000,407.0237753989176,95
2024-09-17 12:49:12.507000,406.9979371502609,97
2024-09-17 12:49:12.515000,406.9970353347612,1001
2024-09-17 12:49:12.520000,407.0248637185212,1004
2024-09-17 12:49:12.523000,407.0371594905391,6
2024-09-17 12:49:12.561000,407.0216371998754,7
2024-09-17 12:49:12.576000,407.0106358523978,1003
2024-09-17 12:49:12.593000,407.0213832573922,96
2024-09-17 12:49:12.697000,407.0268282840483,102
2024-09-17 12:49:12.721000,407.0992212524645,5
2024-09-17 12:49:12.875000,407.0070068830264,99
2024-09-17 12:49:12.912000,407.0283046185529,12
2024-09-17 12:49:13.372000,407.0910847997957,104
2024-09-17 12:49:13.497000,407.0809604757224,105
2024-09-17 12:49:13.839000,407.0849443709284,104
2024-09-17 12:49:14.072000,407.18902798489336,99
2024-09-17 12:49:14.099000,407.1194275781085,1005
2024-09-17 12:49:14.153000,407.1267014089156,15
2024-09-17 12:49:14.194000,407.1749578465683,96
2024-09-17 12:49:14.254000,407.1408870550741,102
2024-09-17 12:49:14.270000,407.12321494226046,103
2024-09-17 12:49:14.331000,407.12370531544553,1002
2024-09-17 12:49:14.344000,407.1108623363506,102
2024-09-17 12:49:14.355000,407.13563239993846,13
2024-09-17 12:49:14.361000,407.14399978666194,1003
2024-09-17 12:49:14.371000,407.13979409555134,5
2024-09-17 12:49:14.426000,407.1452156894732,11
2024-09-17 12:49:14.518000,407.159340366928,1000
2024-09-17 12:49:14.539000,407.1677748547962,1005
2024-09-17 12:49:14.552000,407.13042274876847,999
2024-09-17 12:49:14.617000,407.1428761069847,12
2024-09-17 12:49:14.652000,407.13126669724096,7
2024-09-17 12:49:14.667000,407.13192757937645,9
2024-09-17 12:49:14.700000,407.145894327552,95
2024-09-17 12:49:14.728000,407.1336084332144,100
2024-09-17 12:49:14.776000,407.1536011330301,100
2024-09-17 12:49:14.852000,407.1401183010845,8
2024-09-17 12:49:14.875000,407.1333732302056,105
2024-09-17 12:49:14.888000,407.1462897934825,997
2024-09-17 12:49:14.895000,407.1571784723022,1004
2024-09-17 12:49:14.935000,407.1473803330743,13
2024-09-17 12:49:14.957000,407.1760350775365,995
2024-09-17 12:49:14.995000,407.1547637474048,1004
2024-09-17 12:49:15.019000,407.2000537899186,8
2024-09-17 12:49:15.035000,407.1586563232175,8
2024-09-17 12:49:15.073000,407.18662988546384,1000
2024-09-17 12:49:15.117000,407.2240895216202,995
2024-09-17 12:49:15.124000,407.19033320605513,996
2024-09-17 12:49:15.152000,407.2022389999384,5
2024-09-17 12:49:15.213000,407.218154262234,1004
2024-09-17 12:49:15.266000,407.1749364006236,98
2024-09-17 12:49:15.338000,407.17179642293854,99
2024-09-17 12:49:15.400000,407.20637836773193,99
2024-09-17 12:49:15.478000,407.1997815466827,100
2024-09-17 12:49:15.490000,407.16341600072224,12
2024-09-17 12:49:15.519000,407.201211887304,1004
2024-09-17 12:49:15.546000,407.182198424842,996
2024-09-17 12:49:15.584000,407.16252809410906,105
2024-09-17 12:49:15.614000,407.1699475972261,1001
2024-09-17 12:49:15.631000,407.1570968339171,95
2024-09-17 12:49:15.665000,407.173517536708,11
2024-09-17 12:49:15.685000,407.2090848803334,999
2024-09-17 12:49:15.740000,407.1530815922647,102
2024-09-17 12:49:15.750000,407.158019353797,5
2024-09-17 12:49:15.761000,407.1643569126709,99
2024-09-17 12:49:15.816000,407.2127629609671,98
2024-09-17 12:49:15.833000,407.185724294066,100
2024-09-17 12:49:15.924000,407.181079697282,997
2024-09-17 12:49:15.954000,407.1737497873152,98
2024-09-17 12:49:16.015000,407.13286925918993,996
2024-09-17 12:49:16.041000,407.1648325264567,10
2024-09-17 12:49:16.049000,407.1075311130144,1002
2024-09-17 12:49:16.136000,407.13660635976817,8
2024-09-17 12:49:16.171000,407.1170809828833,98
2024-09-17 12:49:16.171000,407.1324905164095,105
2024-09-17 12:49:16.185000,407.1228788130627,1002
2024-09-17 12:49:16.221000,407.1063523084047,1005
2024-09-17 12:49:16.245000,407.1483763519169,104
2024-09-17 12:49:16.312000,407.1318963224536,15
2024-09-17 12:49:16.323000,407.13183835947547,997
2024-09-17 12:49:16.353000,407.1385199794876,1005
2024-09-17 12:49:16.497000,407.1238499963992,13
2024-09-17 12:49:16.609000,407.1349088147084,15
2024-09-17 12:49:16.676000,407.10307429286814,99
2024-09-17 12:49:16.743000,407.127262756285,9
2024-09-17 12:49:16.810000,407.1350499587864,10
2024-09-17 12:49:16.885000,407.1545767454765,6
2024-09-17 12:49:16.888000,407.1394567942084,1005
2024-09-17 12:49:16.919000,407.1375622392792,100
2024-09-17 12:49:16.923000,407.1189046636948,102
2024-09-17 12:49:18.118000,407.10653009199945,5
2024-09-17 12:49:18.542000,407.1022139453853,996
2024-09-17 12:49:18.683000,407.1124223675554,12
2024-09-17 12:49:19.101000,407.13185802388375,103
2024-09-17 12:49:19.529000,407.1132837575011,9
2024-09-17 12:49:20,407.0352981788827,100
2024-09-17 12:49:20.020000,407.0936051527649,1001
2024-09-17 12:49:20.062000,407.0772119647198,14
2024-09-17 12:49:20.119000,407.0772949426545,995
2024-09-17 12:49:20.154000,407.0919059003994,1000
2024-09-17 12:49:20.165000,407.11786183456366,5
2024-09-17 12:49:20.202000,407.05802490718366,9
2024-09-17 12:49:20.237000,407.10863753826726,10
2024-09-17 12:49:20.309000,407.1113940456192,5
2024-09-17 12:49:20.339000,407.11292298120094,999
2024-09-17 12:49:20.362000,407.0467415348702,96
2024-09-17 12:49:20.414000,407.0804906860533,997
2024-09-17 12:49:20.531000,407.1088745801114,99
2024-09-17 12:49:20.541000,407.0986287730132,10
2024-09-17 12:49:20.561000,407.1135128489193,8
2024-09-17 12:49:20.561000,407.098174929818,12
2024-09-17 12:49:20.582000,407.07234950364347,104
2024-09-17 12:49:20.582000,407.0543338889019,998
2024-09-17 12:49:20.594000,407.056595933024,996
2024-09-17 12:49:20.664000,407.1127889421035,105
2024-09-17 12:49:20.666000,407.0819303931197,103
2024-09-17 12:49:20.728000,407.080182729248,103
2024-09-17 12:49:20.767000,407.0508239970022,1000
2024-09-17 12:49:20.858000,407.0903909578444,998
2024-09-17 12:49:20.870000,407.0847572611274,6
2024-09-17 12:49:20.938000,407.1014611450066,6
2024-09-17 12:49:20.999000,407.1246685510428,9
2024-09-17 12:49:21.156000,407.03387636864494,7
2024-09-17 12:49:21.580000,407.0320216081331,13
2024-09-17 12:49:21.588000,407.0499581706539,1001
2024-09-17 12:49:23.029000,407.01936424552014,103
2024-09-17 12:49:23.039000,407.00690685391777,13
2024-09-17 12:49:23.114000,407.0031624015685,1004
2024-09-17 12:49:23.314000,407.0381320295591,998
2024-09-17 12:49:23.428000,407.0447520455453,15
2024-09-17 12:49:23.465000,407.0227736580845,13
2024-09-17 12:49:23.487000,407.01192070256775,13
2024-09-17 12:49:23.501000,407.0450888246728,103
2024-09-17 12:49:23.523000,407.0417740783845,15
2024-09-17 12:49:23.713000,407.0142570699237,96
2024-09-17 12:49:23.772000,407.0096748409951,105
2024-09-17 12:49:24.002000,406.9976486010512,1001
2024-09-17 12:49:24.050000,406.99645066053887,7
2024-09-17 12:49:24.220000,407.0079363627854,1005
2024-09-17 12:49:24.271000,406.9989055467475,10
2024-09-17 12:49:24.352000,406.9978064072178,105
2024-09-17 12:49:24.381000,406.9791855413012,5
2024-09-17 12:49:24.413000,406.9833499895643,102
2024-09-17 12:49:24.572000,406.9805115700378,12
2024-09-17 12:49:24.662000,407.0211473611783,14
2024-09-17 12:49:24.836000,407.0025728528175,999
2024-09-17 12:49:24.870000,407.00037111603,12
2024-09-17 12:49:25.256000,406.995396225305,998
2024-09-17 12:49:26.014000,406.9429341390405,1002
2024-09-17 12:49:26.065000,406.978083353591,996
2024-09-17 12:49:26.070000,406.95911812603634,1005
2024-09-17 12:49:26.123000,406.9600581658305,105
2024-09-17 12:49:26.126000,407.0106814549163,1003
2024-09-17 12:49:26.173000,406.9618647592018,105
2024-09-17 12:49:26.196000,406.973543878685,11
2024-09-17 12:49:26.332000,406.95855230271496,104
2024-09-17 12:49:26.339000,406.9914660508548,13
2024-09-17 12:49:26.359000,406.9887231984664,99
2024-09-17 12:49:26.360000,406.9860480064372,998
2024-09-17 12:49:26.361000,406.9790543212776,15
2024-09-17 12:49:26.419000,406.9985864626907,10
2024-09-17 12:49:26.478000,407.006365449928,99
2024-09-17 12:49:26.499000,406.96036298496136,101
2024-09-17 12:49:26.535000,406.9442834879761,10
2024-09-17 12:49:26.666000,406.9646596646456,97
2024-09-17 12:49:26.666000,406.9998471770788,995
2024-09-17 12:49:26.666000,407.01653522194977,102
2024-09-17 12:49:26.727000,406.9422386657957,998
2024-09-17 12:49:26.790000,406.9881766649914,101
2024-09-17 12:49:26.813000,406.9758039634665,7
2024-09-17 12:49:26.882000,406.9740912565695,102
2024-09-17 12:49:26.918000,406.94512177889465,10
2024-09-17 12:49:26.926000,406.98028966750087,102
2024-09-17 12:49:26.964000,406.9872290803991,1003
2024-09-17 12:49:26.974000,406.9830794930126,13
2024-09-17 12:49:27.037000,407.01667476777885,105
2024-09-17 12:49:27.042000,407.0074556397794,12
2024-09-17 12:49:27.045000,407.006096583642,1005
2024-09-17 12:49:27.068000,407.0244537762088,13
2024-09-17 12:49:27.142000,407.0176313356969,100
2024-09-17 12:49:27.253000,407.0043694835824,1004
2024-09-17 12:49:27.282000,407.04004775380514,12
2024-09-17 12:49:27.355000,407.02587181574495,103
2024-09-17 12:49:27.391000,407.0331342598061,8
2024-09-17 12:49:27.401000,407.0234730055091,14
2024-09-17 12:49:27.452000,407.0389029251859,95
2024-09-17 12:49:27.456000,407.0138422513277,998
2024-09-17 12:49:27.465000,406.9913519578676,99
2024-09-17 12:49:27.506000,407.0025950764007,9
2024-09-17 12:49:27.572000,407.01089060144136,96
2024-09-17 12:49:27.633000,406.9861379272821,5
2024-09-17 12:49:27.643000,407.0021652832589,998
2024-09-17 12:49:27.653000,407.0125404044199,95
2024-09-17 12:49:27.706000,407.0438421933546,13
2024-09-17 12:49:27.754000,407.01834329665286,13
2024-09-17 12:49:27.766000,407.04550359302095,97
2024-09-17 12:49:27.795000,407.0153484046516,1003
2024-09-17 12:49:27.808000,406.9984521367624,14
2024-09-17 12:49:27.833000,407.0109891060397,1000
2024-09-17 12:49:27.872000,407.0171567472018,995
2024-09-17 12:49:28.031000,407.044623586356,1001
2024-09-17 12:49:28.112000,407.0169996262627,1003
2024-09-17 12:49:28.126000,407.0027898283742,995
2024-09-17 12:49:28.135000,407.063013385034,9
2024-09-17 12:49:28.169000,407.0595348316684,8
2024-09-17 12:49:28.215000,407.0232274545317,1000
2024-09-17 12:49:28.355000,407.0318903560812,1004
2024-09-17 12:49:28.385000,407.02844954569287,5
2024-09-17 12:49:28.422000,407.0478556751073,96
2024-09-17 12:49:28.450000,407.0167443801609,96
2024-09-17 12:49:28.496000,407.00512091739455,1000
2024-09-17 12:49:28.573000,407.00829667858335,102
2024-09-17 12:49:28.588000,407.02842837369457,95
2024-09-17 12:49:28.600000,407.0301479883779,97
2024-09-17 12:49:28.616000,407.0298573347425,1005
2024-09-17 12:49:28.727000,407.050159231817,996
2024-09-17 12:49:28.739000,407.0190530210241,96
2024-09-17 12:49:28.746000,407.01208671880136,1000
2024-09-17 12:49:28.758000,407.0076625103822,1003
2024-09-17 12:49:28.794000,407.0224064667695,104
2024-09-17 12:49:28.830000,407.0571516544972,1003
2024-09-17 12:49:28.892000,406.9971055565532,995
2024-09-17 12:49:28.916000,407.0288428444052,1005
2024-09-17 12:49:28.937000,407.0083412498552,9
2024-09-17 12:49:28.970000,406.991565009552,101
2024-09-17 12:49:28.999000,407.0294211834316,12
2024-09-17 12:49:29.181000,407.0690207328734,998
2024-09-17 12:49:29.324000,407.0879434206711,14
2024-09-17 12:49:29.549000,407.0719401064048,104
2024-09-17 12:49:29.563000,407.07835249570337,105
2024-09-17 12:49:29.575000,407.0932523129548,11
2024-09-17 12:49:29.622000,407.0874750587631,105
2024-09-17 12:49:29.650000,407.0885953788646,103
2024-09-17 12:49:29.808000,407.081048633577,95
2024-09-17 12:49:30.047000,406.9949679108276,104
2024-09-17 12:49:30.063000,406.9918969995482,13
2024-09-17 12:49:30.091000,406.9612629598073,105
2024-09-17 12:49:30.109000,407.0667525207691,97
2024-09-17 12:49:30.123000,407.0737335885051,14
2024-09-17 12:49:30.137000,407.0652421114189,995
2024-09-17 12:49:30.143000,407.0603149142775,13
2024-09-17 12:49:30.202000,407.0647047513403,96
2024-09-17 12:49:30.229000,407.0637184022907,100
2024-09-17 12:49:30.327000,407.09607064421846,12
2024-09-17 12:49:30.336000,407.04742103791233,999
2024-09-17 12:49:30.378000,407.06075101835233,105
2024-09-17 12:49:30.399000,407.0681190086199,5
2024-09-17 12:49:30.408000,407.0710311359031,12
2024-09-17 12:49:30.446000,407.0180252559562,7
2024-09-17 12:49:30.485000,406.983420917125,105
2024-09-17 12:49:30.505000,407.06401496343744,5
2024-09-17 12:49:30.519000,407.031934835785,102
2024-09-17 12:49:30.561000,407.0227231272836,97
2024-09-17 12:49:30.593000,407.047764580347,13
2024-09-17 12:49:30.615000,407.08058545176,15
2024-09-17 12:49:30.671000,406.9995972432781,13
2024-09-17 12:49:30.719000,406.9485815071422,99
2024-09-17 12:49:30.727000,407.0838352855585,105
2024-09-17 12:49:30.785000,407.0231420165939,6
2024-09-17 12:49:30.831000,406.9682512989575,997
2024-09-17 12:49:30.861000,406.983326934297,96
2024-09-17 12:49:30.903000,407.0596758570063,996
2024-09-17 12:49:30.949000,406.98917681529366,1005
2024-09-17 12:49:30.973000,407.0230534687988,15
2024-09-17 12:49:31.174000,406.9693929870417,1004
2024-09-17 12:49:31.303000,406.9899024169188,1003
2024-09-17 12:49:31.334000,406.9804485508603,5
2024-09-17 12:49:31.458000,406.9742936140443,1003
2024-09-17 12:49:31.914000,406.9580078052962,99
2024-09-17 12:49:31.920000,406.9829335853272,8
2024-09-17 12:49:32.131000,407.0027147648392,96
2024-09-17 12:49:32.259000,406.9570548857287,7
2024-09-17 12:49:32.264000,406.9983535509127,995
2024-09-17 12:49:32.481000,406.996452036006,14
2024-09-17 12:49:32.520000,406.9839425673064,105
2024-09-17 12:49:32.570000,407.0041871836221,5
2024-09-17 12:49:32.601000,406.978110233876,995
2024-09-17 12:49:32.723000,406.9984348134179,15
2024-09-17 12:49:32.876000,406.9694646742116,99
2024-09-17 12:49:32.918000,406.9976285968353,98
2024-09-17 12:49:32.937000,406.96119892752336,100
2024-09-17 12:49:32.994000,406.979962635045,15
2024-09-17 12:49:33.010000,407.0083168634916,100
2024-09-17 12:49:33.018000,406.9365331990757,95
2024-09-17 12:49:33.040000,406.97732482670034,7
2024-09-17 12:49:33.117000,406.9613060140751,995
2024-09-17 12:49:33.163000,406.9811930669677,1000
2024-09-17 12:49:33.404000,406.94648078118365,10
2024-09-17 12:49:33.494000,406.9497248400253,6
2024-09-17 12:49:33.517000,407.0097405651938,996
2024-09-17 12:49:33.519000,406.93964105940586,999
2024-09-17 12:49:33.545000,407.0073393598728,10
2024-09-17 12:49:33.566000,406.9683620900037,95
2024-09-17 12:49:33.635000,406.9463719698212,1004
2024-09-17 12:49:33.680000,406.928658312564,102
2024-09-17 12:49:33.709000,406.9329367074652,100
2024-09-17 12:49:33.738000,406.9538321853715,999
2024-09-17 12:49:33.755000,406.9857511509636,7
2024-09-17 12:49:33.772000,406.969867331106,103
2024-09-17 12:49:33.776000,406.95138740783176,104
2024-09-17 12:49:33.786000,406.9358149354025,1000
2024-09-17 12:49:33.869000,406.9370761947159,103
2024-09-17 12:49:34.178000,406.99455367855,12
2024-09-17 12:49:36.095000,407.0069668406202,98
2024-09-17 12:49:36.232000,406.9766447525202,1000
2024-09-17 12:49:36.415000,406.9729410191106,15
2024-09-17 12:49:36.502000,407.0198912192752,10
2024-09-17 12:49:36.518000,407.0189104740291,8
2024-09-17 12:49:36.533000,406.9907486568271,10
2024-09-17 12:49:36.555000,406.97632975340713,12
2024-09-17 12:49:36.596000,407.0402698031176,9
2024-09-17 12:49:36.638000,406.99498702276895,1001
2024-09-17 12:49:36.681000,406.9954467318685,10
2024-09-17 12:49:36.694000,407.01276050955374,14
2024-09-17 12:49:36.708000,407.0114039769532,995
2024-09-17 12:49:36.752000,407.0332185953955,998
2024-09-17 12:49:36.820000,407.0169204565327,102
2024-09-17 12:49:36.863000,407.00421636880816,1005
2024-09-17 12:49:36.944000,407.0321764303316,100
2024-09-17 12:49:36.967000,407.0023300751236,5
2024-09-17 12:49:37.029000,406.9519988898883,995
2024-09-17 12:49:37.030000,406.92191566244713,999
2024-09-17 12:49:37.103000,406.946807006958,96
2024-09-17 12:49:37.244000,406.95247908013823,11
2024-09-17 12:49:37.749000,406.9486789571538,15
2024-09-17 12:49:37.768000,406.94769883210125,15
2024-09-17 12:49:38.079000,406.8779117715964,11
2024-09-17 12:49:38.233000,406.8590373567933,96
2024-09-17 12:49:38.239000,406.91922018401664,105
2024-09-17 12:49:38.388000,406.8482909038992,5
2024-09-17 12:49:38.449000,406.86845653590734,1004
2024-09-17 12:49:38.451000,406.85679318832393,98
2024-09-17 12:49:38.518000,406.89261434309407,97
2024-09-17 12:49:38.554000,406.8549773854053,998
2024-09-17 12:49:38.601000,406.9128624113612,1003
2024-09-17 12:49:38.616000,406.9217233272423,998
2024-09-17 12:49:38.682000,406.8825572238115,1005
2024-09-17 12:49:38.690000,406.9172169494263,9
2024-09-17 12:49:38.693000,406.88166973317226,98
2024-09-17 12:49:38.742000,406.8892816504869,999
2024-09-17 12:49:38.759000,406.8769214583247,102
2024-09-17 12:49:38.820000,406.8427372830911,104
2024-09-17 12:49:38.995000,406.8437451276749,1001
2024-09-17 12:49:39.054000,406.8851515944726,13
2024-09-17 12:49:39.214000,406.8679521568568,1000
2024-09-17 12:49:39.343000,406.8607385715807,103
2024-09-17 12:49:39.462000,406.9050003815647,11
2024-09-17 12:49:39.493000,406.87926541473286,9
2024-09-17 12:49:39.525000,406.86416341348735,8
2024-09-17 12:49:39.552000,406.886966676128,96
2024-09-17 12:49:39.605000,406.88096142142655,99
2024-09-17 12:49:39.614000,406.8832472311057,6
2024-09-17 12:49:39.652000,406.8820324643223,12
2024-09-17 12:49:39.660000,406.8792776742269,995
2024-09-17 12:49:39.675000,406.8980684783834,7
2024-09-17 12:49:39.736000,406.86422619132986,102
2024-09-17 12:49:39.865000,406.871935444488,103
2024-09-17 12:49:39.894000,406.8979355854583,10
2024-09-17 12:49:39.896000,406.853772435132,97
2024-09-17 12:49:39.994000,406.9051027959688,13
2024-09-17 12:49:40.448000,406.9036976199116,12
2024-09-17 12:49:40.638000,406.8959619434127,12
2024-09-17 12:49:40.674000,406.896831888458,995
2024-09-17 12:49:40.727000,406.8613488687653,103
2024-09-17 12:49:40.760000,406.8812273360354,97
2024-09-17 12:49:40.795000,406.8797539227604,996
2024-09-17 12:49:40.897000,406.8856357787441,104
2024-09-17 12:49:41.052000,406.8461554145166,1002
2024-09-17 12:49:41.058000,406.81822064773536,7
2024-09-17 12:49:41.108000,406.8506620387674,1003
2024-09-17 12:49:41.155000,406.8575133321186,100
2024-09-17 12:49:41.186000,406.8546327337873,99
2024-09-17 12:49:41.191000,406.8612287938256,1004
2024-09-17 12:49:41.231000,406.8346329536185,99
2024-09-17 12:49:41.269000,406.8688311967143,995
2024-09-17 12:49:41.289000,406.8479497227042,99
2024-09-17 12:49:41.334000,406.84881027762185,102
2024-09-17 12:49:41.398000,406.860644879533,12
2024-09-17 12:49:41.419000,406.830424407369,11
2024-09-17 12:49:41.425000,406.8558694883621,103
2024-09-17 12:49:41.445000,406.8419981038917,11
2024-09-17 12:49:41.501000,406.85300495792063,1003
2024-09-17 12:49:41.529000,406.8349722504551,1000
2024-09-17 12:49:41.583000,406.84766590546735,7
2024-09-17 12:49:41.666000,406.8568412915976,103
2024-09-17 12:49:41.697000,406.8565508329351,995
2024-09-17 12:49:41.754000,406.8084705825153,1003
2024-09-17 12:49:41.865000,406.86635448599634,15
2024-09-17 12:49:41.895000,406.8088952502457,995
2024-09-17 12:49:42.008000,406.7790909245845,998
2024-09-17 12:49:42.143000,406.7707437980312,998
2024-09-17 12:49:42.204000,406.7721109581829,999
2024-09-17 12:49:42.228000,406.77508578779145,12
2024-09-17 12:49:42.356000,406.7737467527694,102
2024-09-17 12:49:42.459000,406.787269591503,996
2024-09-17 12:49:42.625000,406.79938084357815,8
2024-09-17 12:49:42.705000,406.7626116938351,1002
2024-09-17 12:49:42.745000,406.75946484937,8
2024-09-17 12:49:42.912000,406.7867502448852,998
2024-09-17 12:49:42.918000,406.7908732424539,995
2024-09-17 12:49:43.037000,406.75021888124456,1002
2024-09-17 12:49:43.049000,406.7237164957045,101
2024-09-17 12:49:43.333000,406.7486384460976,999
2024-09-17 12:49:43.413000,406.6961917573378,6
2024-09-17 12:49:43.440000,406.7485301049008,105
2024-09-17 12:49:43.515000,406.6946104569229,104
2024-09-17 12:49:43.538000,406.6987986193326,999
2024-09-17 12:49:43.538000,406.741813131456,999
2024-09-17 12:49:43.682000,406.7523403739756,999
2024-09-17 12:49:43.834000,406.762502862586,15
2024-09-17 12:49:44.009000,406.7083090064066,15
2024-09-17 12:49:44.028000,406.70002748706855,5
2024-09-17 12:49:44.036000,406.7116303138034,5
2024-09-17 12:49:44.048000,406.7234531336392,5
2024-09-17 12:49:44.067000,406.6794599496117,6
2024-09-17 12:49:44.089000,406.6932132150151,10
2024-09-17 12:49:44.125000,406.7134010498473,15
2024-09-17 12:49:44.135000,406.6839424151538,1004
2024-09-17 12:49:44.190000,406.7040915847144,1002
2024-09-17 12:49:44.202000,406.7130489386718,96
2024-09-17 12:49:44.245000,406.7109776231949,13
2024-09-17 12:49:44.259000,406.7019581346871,100
2024-09-17 12:49:44.291000,406.70641335018826,9
2024-09-17 12:49:44.366000,406.7214382920591,101
2024-09-17 12:49:44.439000,406.7291724966752,996
2024-09-17 12:49:44.478000,406.720879170609,998
2024-09-17 12:49:44.514000,406.7313113448847,11
2024-09-17 12:49:44.529000,406.7096478652046,996
2024-09-17 12:49:44.568000,406.69285300846286,1002
2024-09-17 12:49:44.578000,406.69584646934953,999
2024-09-17 12:49:44.637000,406.713081880306,14
2024-09-17 12:49:44.647000,406.7195972458852,7
2024-09-17 12:49:44.842000,406.7181495639548,1001
2024-09-17 12:49:44.886000,406.6867755425514,95
2024-09-17 12:49:44.915000,406.7103311082188,1001
2024-09-17 12:49:45.078000,406.6226921899545,1000
2024-09-17 12:49:45.089000,406.60232082190805,101
2024-09-17 12:49:45.104000,406.6441846237773,95
2024-09-17 12:49:45.194000,406.61348747969,102
2024-09-17 12:49:45.200000,406.6425036318242,101
2024-09-17 12:49:45.234000,406.6425435374567,8
2024-09-17 12:49:45.241000,406.6557011012885,98
2024-09-17 12:49:45.306000,406.6159367796483,998
2024-09-17 12:49:45.316000,406.6096610765257,11
2024-09-17 12:49:45.434000,406.6198692073448,103
2024-09-17 12:49:45.474000,406.63310983862254,997
2024-09-17 12:49:45.504000,406.5968192956407,1003
2024-09-17 12:49:45.522000,406.6668842568221,105
2024-09-17 12:49:45.528000,406.5982251860039,7
2024-09-17 12:49:45.625000,406.63440306146833,996
2024-09-17 12:49:45.642000,406.655733325221,1003
2024-09-17 12:49:45.681000,406.65977500179537,1004
2024-09-17 12:49:45.690000,406.6417816794407,1000
2024-09-17 12:49:45.732000,406.6665821102399,9
2024-09-17 12:49:45.739000,406.6786277534272,995
2024-09-17 12:49:45.740000,406.6046302324591,1004
2024-09-17 12:49:45.812000,406.6051765132718,995
2024-09-17 12:49:45.817000,406.6225741049962,105
2024-09-17 12:49:45.843000,406.65589933143326,103
2024-09-17 12:49:45.866000,406.64850061730976,12
2024-09-17 12:49:45.953000,406.63539850381454,95
2024-09-17 12:49:45.957000,406.5959707939425,98
2024-09-17 12:49:45.960000,406.6339627990149,102
2024-09-17 12:49:45.962000,406.6009120510024,1002
2024-09-17 12:49:46.125000,406.64150291832607,103
2024-09-17 12:49:46.144000,406.6809281509798,11
2024-09-17 12:49:46.207000,406.6167087094675,1002
2024-09-17 12:49:46.271000,406.6462886298809,104
2024-09-17 12:49:46.272000,406.618264028377,1005
2024-09-17 12:49:46.320000,406.6163516022044,102
2024-09-17 12:49:46.358000,406.6053237116145,97
2024-09-17 12:49:46.386000,406.6164611912474,96
2024-09-17 12:49:46.398000,406.6908449313384,11
2024-09-17 12:49:46.405000,406.5735911803689,102
2024-09-17 12:49:46.707000,406.6367901470165,105
2024-09-17 12:49:46.717000,406.6513842147128,1002
2024-09-17 12:49:46.721000,406.6414600910603,9
2024-09-17 12:49:46.766000,406.5762997742438,1002
2024-09-17 12:49:46.770000,406.6054113536152,9
2024-09-17 12:49:46.775000,406.6342944315477,1001
2024-09-17 12:49:46.835000,406.6794020494797,105
2024-09-17 12:49:46.856000,406.627530865056,14
2024-09-17 12:49:46.858000,406.69359579920354,99
2024-09-17 12:49:46.952000,406.6607425066991,1002
2024-09-17 12:49:46.961000,406.6856402183754,1001
2024-09-17 12:49:46.961000,406.64126704753073,995
2024-09-17 12:49:46.980000,406.58473572097387,1002
2024-09-17 12:49:46.985000,406.5921183882649,1001
2024-09-17 12:49:47.109000,406.7043203063021,12
2024-09-17 12:49:47.164000,406.7200829902586,997
2024-09-17 12:49:47.419000,406.7091343324547,995
2024-09-17 12:49:47.741000,406.698336755437,99
2024-09-17 12:49:47.800000,406.6783444730532,104
2024-09-17 12:49:47.806000,406.69691559880937,1005
2024-09-17 12:49:47.829000,406.7128465036732,11
2024-09-17 12:49:47.931000,406.6983936922458,101
2024-09-17 12:49:48.003000,406.6519417795026,13
2024-09-17 12:49:48.045000,406.68713241787407,1002
2024-09-17 12:49:48.052000,406.6473908552538,1001
2024-09-17 12:49:48.104000,406.6921540418377,1002
2024-09-17 12:49:48.142000,406.69929785108855,15
2024-09-17 12:49:48.161000,406.6454569558429,12
2024-09-17 12:49:48.218000,406.6335546896365,104
2024-09-17 12:49:48.224000,406.70523305739226,103
2024-09-17 12:49:48.256000,406.684756563084,95
2024-09-17 12:49:48.272000,406.6460298569027,997
2024-09-17 12:49:48.275000,406.680190283323,97
2024-09-17 12:49:48.301000,406.7001142306904,998
2024-09-17 12:49:48.471000,406.6813441651866,14
2024-09-17 12:49:48.491000,406.6919556305536,996
2024-09-17 12:49:48.501000,406.70310836847005,100
2024-09-17 12:49:48.577000,406.65633140634327,996
2024-09-17 12:49:48.597000,406.6700692266189,6
2024-09-17 12:49:48.610000,406.6855347056557,97
2024-09-17 12:49:48.686000,406.7109188639421,11
2024-09-17 12:49:48.719000,406.64724080464765,9
2024-09-17 12:49:48.824000,406.6891689658324,999
2024-09-17 12:49:48.910000,406.709308258682,995
2024-09-17 12:49:48.958000,406.68547943378894,5
2024-09-17 12:49:48.973000,406.6434942640869,96
2024-09-17 12:49:48.982000,406.69552996549726,1001
2024-09-17 12:49:48.995000,406.6425199266208,100
2024-09-17 12:49:49.735000,406.62817329235736,998
2024-09-17 12:49:49.766000,406.6538729655073,12
2024-09-17 12:49:49.835000,406.6507638228402,101
2024-09-17 12:49:50.060000,406.6066272856087,105
2024-09-17 12:49:50.497000,406.5973955621489,6
2024-09-17 12:49:50.699000,406.5930221794153,1003
2024-09-17 12:49:50.822000,406.5891024677879,105
2024-09-17 12:49:50.858000,406.6214198601351,15
2024-09-17 12:49:50.871000,406.6121418306929,13
2024-09-17 12:49:51,406.5339545726853,102
2024-09-17 12:49:51.009000,406.58682979264216,104
2024-09-17 12:49:51.013000,406.5270267621152,1005
2024-09-17 12:49:51.024000,406.5634384416441,97
2024-09-17 12:49:51.078000,406.532119188988,101
2024-09-17 12:49:51.145000,406.5858061638917,997
2024-09-17 12:49:51.195000,406.5202826891403,1003
2024-09-17 12:49:51.278000,406.56073433088864,104
2024-09-17 12:49:51.445000,406.5810960733392,104
2024-09-17 12:49:51.507000,406.55208431247536,8
2024-09-17 12:49:51.723000,406.5842970440708,999
2024-09-17 12:49:51.815000,406.59680449029656,104
2024-09-17 12:49:51.821000,406.5866769877842,96
2024-09-17 12:49:51.839000,406.5810339762193,98
2024-09-17 12:49:51.845000,406.5210225084232,100
2024-09-17 12:49:52.176000,406.5155758318222,104
2024-09-17 12:49:52.320000,406.5301735621945,103
2024-09-17 12:49:52.444000,406.52938876872287,10
2024-09-17 12:49:52.774000,406.54253284130914,1005
2024-09-17 12:49:52.779000,406.5348245657741,14
2024-09-17 12:49:52.824000,406.548807108314,102
2024-09-17 12:49:52.927000,406.5453218609952,1002
2024-09-17 12:49:52.952000,406.5472531581119,11
2024-09-17 12:49:52.996000,406.5261458876436,8
2024-09-17 12:49:53.058000,406.5150905228888,996
2024-09-17 12:49:53.107000,406.5419156517137,1002
2024-09-17 12:49:53.118000,406.5236049086371,995
2024-09-17 12:49:53.122000,406.53900735560126,6
2024-09-17 12:49:53.209000,406.5346712612464,996
2024-09-17 12:49:53.276000,406.52285246927335,101
2024-09-17 12:49:53.292000,406.4890722598577,1003
2024-09-17 12:49:53.447000,406.55739324193655,1005
2024-09-17 12:49:53.489000,406.4942749352908,10
2024-09-17 12:49:53.492000,406.5476110207542,7
2024-09-17 12:49:53.518000,406.5405960737426,11
2024-09-17 12:49:53.588000,406.5160653990579,12
2024-09-17 12:49:53.590000,406.5375236903632,101
2024-09-17 12:49:53.606000,406.5507959118571,12
2024-09-17 12:49:53.623000,406.4916111032164,105
2024-09-17 12:49:53.656000,406.5356107625366,12
2024-09-17 12:49:53.666000,406.5333369978267,14
2024-09-17 12:49:53.682000,406.5180662278238,9
2024-09-17 12:49:53.686000,406.5244305854503,1000
2024-09-17 12:49:53.790000,406.5477163698977,999
2024-09-17 12:49:53.805000,406.5282865791478,996
2024-09-17 12:49:53.836000,406.5186667997839,105
2024-09-17 12:49:53.931000,406.535662557721,105
2024-09-17 12:49:53.932000,406.5082990531441,104
2024-09-17 12:49:53.947000,406.4992514433839,5
2024-09-17 12:49:53.971000,406.52998336237664,95
2024-09-17 12:49:54.478000,406.4819522751028,104
2024-09-17 12:49:55.003000,406.4536043255942,1002
2024-09-17 12:49:55.006000,406.4127027053352,97
2024-09-17 12:49:55.051000,406.4535937649941,104
2024-09-17 12:49:55.111000,406.45264933051766,102
2024-09-17 12:49:55.116000,406.3768959984338,1005
2024-09-17 12:49:55.135000,406.481862144321,13
2024-09-17 12:49:55.250000,406.37504041556105,6
2024-09-17 12:49:55.300000,406.3886807908289,1003
2024-09-17 12:49:55.367000,406.4231500534153,1005
2024-09-17 12:49:55.379000,406.441278778469,5
2024-09-17 12:49:55.482000,406.42385668075855,13
2024-09-17 12:49:55.534000,406.3975330711709,7
2024-09-17 12:49:55.568000,406.4704093644208,1002
2024-09-17 12:49:55.589000,406.4167027401746,996
2024-09-17 12:49:55.714000,406.42104741819406,97
2024-09-17 12:49:55.742000,406.4619711578939,1005
2024-09-17 12:49:55.840000,406.44675871848654,1004
2024-09-17 12:49:55.855000,406.4670282082315,1005
2024-09-17 12:49:55.872000,406.37855015512656,1002
2024-09-17 12:49:55.885000,406.3808332585751,5
2024-09-17 12:49:55.995000,406.38607447153726,102
2024-09-17 12:49:56.004000,406.426202316908,13
2024-09-17 12:49:56.029000,406.3646889763233,95
2024-09-17 12:49:56.070000,406.3918501986771,15
2024-09-17 12:49:56.073000,406.4322091760152,102
2024-09-17 12:49:56.089000,406.370992356114,97
2024-09-17 12:49:56.107000,406.402183321555,12
2024-09-17 12:49:56.216000,406.3785487175192,5
2024-09-17 12:49:56.218000,406.3584588408518,97
2024-09-17 12:49:56.222000,406.40134670539993,996
2024-09-17 12:49:56.288000,406.3859929436933,96
2024-09-17 12:49:56.351000,406.4477616487386,100
2024-09-17 12:49:56.388000,406.3604576522609,97
2024-09-17 12:49:56.432000,406.3686826200727,99
2024-09-17 12:49:56.436000,406.43201492457047,995
2024-09-17 12:49:56.490000,406.3742445150461,5
2024-09-17 12:49:56.576000,406.44806579541984,100
2024-09-17 12:49:56.599000,406.3960009488679,96
2024-09-17 12:49:56.658000,406.3960856569975,999
2024-09-17 12:49:56.666000,406.3846243822746,13
2024-09-17 12:49:56.714000,406.3892761133663,12
2024-09-17 12:49:56.729000,406.4499721702101,100
2024-09-17 12:49:56.775000,406.4353445205178,15
2024-09-17 12:49:56.845000,406.3576272673878,105
2024-09-17 12:49:56.856000,406.3998334532786,15
2024-09-17 12:49:56.896000,406.3756600145935,98
2024-09-17 12:49:56.916000,406.3979383117092,96
2024-09-17 12:49:56.959000,406.378752778779,101
2024-09-17 12:49:56.981000,406.4467612309805,15
2024-09-17 12:49:56.991000,406.3926318447544,12
2024-09-17 12:49:57.028000,406.4367382293652,95
2024-09-17 12:49:57.067000,406.412712578568,8
2024-09-17 12:49:57.146000,406.4244188644602,1002
2024-09-17 12:49:57.175000,406.4342246712208,105
2024-09-17 12:49:57.187000,406.4138666752664,95
2024-09-17 12:49:57.236000,406.41513804695785,105
2024-09-17 12:49:57.358000,406.4258816139189,96
2024-09-17 12:49:57.397000,406.4267823649127,8
2024-09-17 12:49:57.449000,406.42178141573487,103
2024-09-17 12:49:57.480000,406.41352487437024,5
2024-09-17 12:49:57.594000,406.43284620369184,98
2024-09-17 12:49:57.662000,406.45809536187886,996
2024-09-17 12:49:57.678000,406.4476687232517,98
2024-09-17 12:49:57.736000,406.3948974470346,997
2024-09-17 12:49:57.852000,406.404580617491,998
2024-09-17 12:49:57.859000,406.416720702292,97
2024-09-17 12:49:57.963000,406.4120633255483,999
2024-09-17 12:49:58.005000,406.4188200003889,12
2024-09-17 12:49:58.100000,406.3914215010168,1002
2024-09-17 12:49:58.113000,406.41759058328506,9
2024-09-17 12:49:58.180000,406.4177799792968,11
2024-09-17 12:49:58.190000,406.442867843604,6
2024-09-17 12:49:58.291000,406.39511818508674,13
2024-09-17 12:49:58.295000,406.38750269634966,1000
2024-09-17 12:49:58.349000,406.40910359862073,998
2024-09-17 12:49:58.401000,406.3850614926037,15
2024-09-17 12:49:58.488000,406.5227243989109,5
2024-09-17 12:49:58.492000,406.51039831375857,11
2024-09-17 12:49:58.634000,406.4662904187396,1004
2024-09-17 12:49:58.635000,406.43251426597993,999
2024-09-17 12:49:58.670000,406.5112056050897,95
2024-09-17 12:49:58.714000,406.4092551100395,104
2024-09-17 12:49:58.746000,406.4789880923703,101
2024-09-17 12:49:58.768000,406.49420499661545,101
2024-09-17 12:49:58.854000,406.4813566454218,102
2024-09-17 12:49:58.878000,406.4485466189717,99
2024-09-17 12:49:58.993000,406.438391563382,97
2024-09-17 12:49:59.044000,406.5216468018429,97
2024-09-17 12:49:59.089000,406.5530651696509,5
2024-09-17 12:49:59.089000,406.5607336079122,100
2024-09-17 12:49:59.106000,406.6355751136233,9
2024-09-17 12:49:59.119000,406.4797528016388,12
2024-09-17 12:49:59.177000,406.511609921176,1000
2024-09-17 12:49:59.257000,406.4847377874081,1004
2024-09-17 12:49:59.314000,406.5401379806871,100
2024-09-17 12:49:59.331000,406.5050105214071,99
2024-09-17 12:49:59.357000,406.5725108181693,997
2024-09-17 12:49:59.372000,406.5694365591813,99
2024-09-17 12:49:59.378000,406.5040942162989,105
2024-09-17 12:49:59.465000,406.5838871533453,14
2024-09-17 12:49:59.468000,406.60753170255873,998
2024-09-17 12:49:59.478000,406.534906656254,1005
2024-09-17 12:49:59.535000,406.4788281930675,10
2024-09-17 12:49:59.535000,406.4981142125978,7
2024-09-17 12:49:59.549000,406.4909423891552,15
2024-09-17 12:49:59.626000,406.5719791462173,104
2024-09-17 12:49:59.634000,406.5004839768209,6
2024-09-17 12:49:59.685000,406.4739244107608,12
2024-09-17 12:49:59.715000,406.4719864205626,1004
2024-09-17 12:49:59.801000,406.5089788716429,7
2024-09-17 12:49:59.832000,406.5587012148772,101
2024-09-17 12:49:59.882000,406.5121146546466,13
2024-09-17 12:49:59.960000,406.57084949823457,96
2024-09-17 12:49:59.993000,406.5643893131746,11
