Timestamp,Price,Size
2024-09-20 14:31:00.019000,431.6424173103151,9
2024-09-20 14:31:00.069000,431.6124074208477,13
2024-09-20 14:31:00.207000,431.67052509336975,99
2024-09-20 14:31:00.286000,431.6566196938229,104
2024-09-20 14:31:00.357000,431.632551943884,998
2024-09-20 14:31:00.365000,431.6534509383407,6
2024-09-20 14:31:00.370000,431.64918875801806,100
2024-09-20 14:31:00.376000,431.6767532684733,100
2024-09-20 14:31:00.406000,431.65551091270186,9
2024-09-20 14:31:00.467000,431.6138370083538,996
2024-09-20 14:31:00.497000,431.64246669495344,6
2024-09-20 14:31:00.626000,431.6789622963331,100
2024-09-20 14:31:00.666000,431.6558303367077,999
2024-09-20 14:31:00.693000,431.6409683168641,6
2024-09-20 14:31:00.767000,431.661811999522,97
2024-09-20 14:31:00.798000,431.63628186827424,101
2024-09-20 14:31:00.901000,431.6486621245113,96
2024-09-20 14:31:00.947000,431.6641515582935,12
2024-09-20 14:31:00.991000,431.6744187387683,999
2024-09-20 14:31:01.533000,431.6165579681155,100
2024-09-20 14:31:01.644000,431.6365599715743,12
2024-09-20 14:31:01.675000,431.6412476425533,101
2024-09-20 14:31:01.810000,431.6454323103485,95
2024-09-20 14:31:01.985000,431.63773733988376,6
2024-09-20 14:31:02.135000,431.63868731905126,104
2024-09-20 14:31:02.163000,431.636470591262,101
2024-09-20 14:31:02.244000,431.6433012684944,98
2024-09-20 14:31:02.336000,431.6989312740638,99
2024-09-20 14:31:02.432000,431.7171784519839,100
2024-09-20 14:31:02.464000,431.6832524100839,12
2024-09-20 14:31:02.497000,431.7027369919284,996
2024-09-20 14:31:02.673000,431.6401021528486,998
2024-09-20 14:31:02.701000,431.648686306202,15
2024-09-20 14:31:02.795000,431.66891834089455,99
2024-09-20 14:31:02.847000,431.6264873559474,5
2024-09-20 14:31:02.876000,431.6638766969247,1002
2024-09-20 14:31:03.227000,431.711867179139,101
2024-09-20 14:31:03.906000,431.7056137664101,95
2024-09-20 14:31:04.049000,431.6658463050603,1003
2024-09-20 14:31:04.075000,431.6794813754237,95
2024-09-20 14:31:04.081000,431.67134307358685,1000
2024-09-20 14:31:04.160000,431.6360467223436,9
2024-09-20 14:31:04.203000,431.6602189676867,14
2024-09-20 14:31:04.284000,431.69329839944817,997
2024-09-20 14:31:04.337000,431.694929840891,103
2024-09-20 14:31:04.456000,431.7347538923594,10
2024-09-20 14:31:04.471000,431.6713385867025,996
2024-09-20 14:31:04.509000,431.6637974145352,6
2024-09-20 14:31:04.515000,431.6617357112282,96
2024-09-20 14:31:04.527000,431.67925591041336,97
2024-09-20 14:31:04.577000,431.6645950897913,1003
2024-09-20 14:31:04.589000,431.67494836930814,10
2024-09-20 14:31:04.633000,431.677881307076,96
2024-09-20 14:31:04.641000,431.69842121317737,12
2024-09-20 14:31:04.683000,431.65504410362365,999
2024-09-20 14:31:04.701000,431.6939697080797,1005
2024-09-20 14:31:04.706000,431.63751481372657,14
2024-09-20 14:31:04.716000,431.67470465568834,5
2024-09-20 14:31:04.722000,431.6923558055822,8
2024-09-20 14:31:04.723000,431.70004888973386,8
2024-09-20 14:31:04.785000,431.6602342675289,101
2024-09-20 14:31:04.801000,431.6863658849276,9
2024-09-20 14:31:04.817000,431.6818763690306,103
2024-09-20 14:31:04.904000,431.67789225485967,996
2024-09-20 14:31:04.948000,431.69520728367615,1003
2024-09-20 14:31:04.948000,431.6953345759636,102
2024-09-20 14:31:05.019000,431.6919502278221,100
2024-09-20 14:31:05.078000,431.6703882883409,1005
2024-09-20 14:31:05.337000,431.66341239647886,103
2024-09-20 14:31:05.606000,431.6787804686184,5
2024-09-20 14:31:05.738000,431.6678058602792,15
2024-09-20 14:31:05.822000,431.67391412864254,99
2024-09-20 14:31:05.991000,431.7035252782726,1004
2024-09-20 14:31:05.995000,431.6898564942233,97
2024-09-20 14:31:06.045000,431.7042423325829,1000
2024-09-20 14:31:06.049000,431.7012189769002,99
2024-09-20 14:31:06.107000,431.6939358155383,1001
2024-09-20 14:31:06.189000,431.70214678140985,1004
2024-09-20 14:31:06.195000,431.74060377660686,1001
2024-09-20 14:31:06.201000,431.6889095209637,9
2024-09-20 14:31:06.238000,431.6991490507042,99
2024-09-20 14:31:06.310000,431.7076877349885,99
2024-09-20 14:31:06.354000,431.699245879576,101
2024-09-20 14:31:06.385000,431.6777224343108,105
2024-09-20 14:31:06.501000,431.7024928581138,999
2024-09-20 14:31:06.508000,431.7025903400227,104
2024-09-20 14:31:06.605000,431.7173372382105,102
2024-09-20 14:31:06.671000,431.7232505588587,96
2024-09-20 14:31:06.678000,431.70908753502033,6
2024-09-20 14:31:06.740000,431.7007442627441,8
2024-09-20 14:31:06.769000,431.71597954205055,999
2024-09-20 14:31:06.781000,431.6814836666938,10
2024-09-20 14:31:06.814000,431.7119721160603,96
2024-09-20 14:31:06.819000,431.72853207348487,7
2024-09-20 14:31:06.826000,431.6807302455926,96
2024-09-20 14:31:06.874000,431.7405762264941,13
2024-09-20 14:31:06.882000,431.7090544810353,1005
2024-09-20 14:31:07.062000,431.6614329319127,97
2024-09-20 14:31:07.069000,431.7074493184479,1005
2024-09-20 14:31:07.258000,431.659157559428,105
2024-09-20 14:31:07.295000,431.70391635625344,101
2024-09-20 14:31:07.389000,431.7149814936223,998
2024-09-20 14:31:07.407000,431.7153904208779,1002
2024-09-20 14:31:07.511000,431.6552780210025,1001
2024-09-20 14:31:07.635000,431.6585782847071,12
2024-09-20 14:31:07.673000,431.7067932440708,105
2024-09-20 14:31:07.750000,431.6827668568258,13
2024-09-20 14:31:07.797000,431.7162624823473,103
2024-09-20 14:31:07.813000,431.7220363059349,104
2024-09-20 14:31:07.832000,431.7215418375189,5
2024-09-20 14:31:07.921000,431.6958798181033,105
2024-09-20 14:31:07.923000,431.7048573895447,1005
2024-09-20 14:31:07.941000,431.6888178167102,99
2024-09-20 14:31:08.013000,431.7309126683948,1003
2024-09-20 14:31:08.044000,431.6930494876257,98
2024-09-20 14:31:08.149000,431.7350971307878,97
2024-09-20 14:31:08.289000,431.7247022224496,997
2024-09-20 14:31:08.305000,431.6990544875901,1004
2024-09-20 14:31:08.367000,431.7310618603996,96
2024-09-20 14:31:08.384000,431.67711058672165,995
2024-09-20 14:31:08.417000,431.6759386449043,9
2024-09-20 14:31:08.542000,431.6695968388361,1004
2024-09-20 14:31:08.752000,431.7049641693582,97
2024-09-20 14:31:08.793000,431.7151629423675,996
2024-09-20 14:31:08.800000,431.6851692947795,14
2024-09-20 14:31:08.837000,431.71637887005534,997
2024-09-20 14:31:08.840000,431.6935493191252,102
2024-09-20 14:31:09.034000,431.6852495761293,8
2024-09-20 14:31:09.036000,431.7062632448348,96
2024-09-20 14:31:09.143000,431.7157315083192,14
2024-09-20 14:31:09.164000,431.7067625083086,995
2024-09-20 14:31:09.279000,431.7187271983135,999
2024-09-20 14:31:09.365000,431.7162736380666,104
2024-09-20 14:31:09.745000,431.6954249873411,1003
2024-09-20 14:31:09.834000,431.7168524119326,15
2024-09-20 14:31:10.180000,431.7095231765596,15
2024-09-20 14:31:10.220000,431.69990033290617,1000
2024-09-20 14:31:10.353000,431.6643347482034,11
2024-09-20 14:31:10.364000,431.7067082708902,997
2024-09-20 14:31:10.521000,431.7118196307508,1003
2024-09-20 14:31:10.540000,431.7220242115733,1005
2024-09-20 14:31:10.594000,431.7215194650634,97
2024-09-20 14:31:10.653000,431.7309933771909,996
2024-09-20 14:31:10.662000,431.7028315543732,9
2024-09-20 14:31:10.754000,431.7187555678033,15
2024-09-20 14:31:10.780000,431.6861299809365,96
2024-09-20 14:31:10.908000,431.7121491712038,998
2024-09-20 14:31:10.914000,431.7229581984387,102
2024-09-20 14:31:11.004000,431.678849079598,1005
2024-09-20 14:31:11.089000,431.6245977726026,1004
2024-09-20 14:31:11.187000,431.6838606766912,13
2024-09-20 14:31:11.266000,431.6226192943105,998
2024-09-20 14:31:11.524000,431.6299020206675,98
2024-09-20 14:31:11.602000,431.68467674913694,95
2024-09-20 14:31:11.609000,431.6661406565012,105
2024-09-20 14:31:11.622000,431.63049494611306,12
2024-09-20 14:31:11.698000,431.6606288786306,98
2024-09-20 14:31:11.698000,431.6625954730451,996
2024-09-20 14:31:11.873000,421.4852174598929,12
2024-09-20 14:31:11.875000,431.6676997580385,10
2024-09-20 14:31:11.941000,431.64534837427215,96
2024-09-20 14:31:12.214000,431.6002779842325,99
2024-09-20 14:31:12.284000,431.5967372198738,103
2024-09-20 14:31:12.293000,431.6253010090615,100
2024-09-20 14:31:12.315000,431.61295279089126,8
2024-09-20 14:31:12.355000,431.5787503241471,15
2024-09-20 14:31:12.424000,431.58809854026543,7
2024-09-20 14:31:12.430000,431.567735261604,15
2024-09-20 14:31:12.444000,431.5674168620888,1002
2024-09-20 14:31:12.450000,431.59093327172417,8
2024-09-20 14:31:12.554000,431.565813463049,98
2024-09-20 14:31:12.594000,431.5982659925903,102
2024-09-20 14:31:12.648000,431.5674013446952,14
2024-09-20 14:31:12.740000,431.5982054453015,11
2024-09-20 14:31:12.781000,431.6063273482579,104
2024-09-20 14:31:12.783000,431.60974698597374,13
2024-09-20 14:31:12.785000,431.5876051803951,8
2024-09-20 14:31:12.868000,431.578467691847,10
2024-09-20 14:31:12.897000,431.5918009134763,998
2024-09-20 14:31:13.061000,431.5231424836939,1000
2024-09-20 14:31:13.062000,431.52615749545225,102
2024-09-20 14:31:13.073000,431.50842819203086,1001
2024-09-20 14:31:13.135000,431.5079542084861,9
2024-09-20 14:31:13.146000,431.5294167499703,101
2024-09-20 14:31:13.223000,431.5229935185745,105
2024-09-20 14:31:13.307000,431.50970630490673,7
2024-09-20 14:31:13.408000,431.53948029986896,5
2024-09-20 14:31:13.426000,431.53265765218913,13
2024-09-20 14:31:13.458000,431.5342253613293,9
2024-09-20 14:31:13.466000,431.5490732785636,1005
2024-09-20 14:31:13.507000,431.5694259584166,97
2024-09-20 14:31:13.512000,431.5093237987055,9
2024-09-20 14:31:13.537000,431.5275203085208,999
2024-09-20 14:31:13.576000,431.50075441873526,995
2024-09-20 14:31:13.583000,431.5031840605835,1002
2024-09-20 14:31:13.680000,431.50644891246753,101
2024-09-20 14:31:13.780000,431.52993892050233,9
2024-09-20 14:31:13.813000,431.5279394933154,14
2024-09-20 14:31:13.823000,431.50698426547257,996
2024-09-20 14:31:13.859000,431.51284948272365,999
2024-09-20 14:31:13.902000,431.5088751810636,99
2024-09-20 14:31:13.914000,431.5591680899809,9
2024-09-20 14:31:13.916000,431.5155944233463,5
2024-09-20 14:31:13.996000,431.51491428411657,98
2024-09-20 14:31:13.998000,431.5025164171923,14
2024-09-20 14:31:14.182000,431.4664483524582,6
2024-09-20 14:31:14.244000,421.4830380509362,100
2024-09-20 14:31:14.275000,431.4758653468665,98
2024-09-20 14:31:14.279000,431.4983285507631,996
2024-09-20 14:31:14.320000,431.4944884871746,1005
2024-09-20 14:31:14.330000,431.46734370618685,9
2024-09-20 14:31:14.334000,431.5101596585761,11
2024-09-20 14:31:14.352000,431.49337773607294,6
2024-09-20 14:31:14.359000,431.46239731989147,1001
2024-09-20 14:31:14.379000,431.5080936026057,8
2024-09-20 14:31:14.388000,431.5083598740113,103
2024-09-20 14:31:14.418000,431.4711980873941,99
2024-09-20 14:31:14.531000,431.4768418127285,1000
2024-09-20 14:31:14.556000,431.4531170095946,996
2024-09-20 14:31:14.561000,431.4636907889732,6
2024-09-20 14:31:14.564000,431.4636050982221,8
2024-09-20 14:31:14.580000,431.4770092095453,103
2024-09-20 14:31:14.592000,431.45108112658767,95
2024-09-20 14:31:14.598000,431.49703425920137,5
2024-09-20 14:31:14.610000,431.5125896731148,1005
2024-09-20 14:31:14.619000,431.4612600281289,1005
2024-09-20 14:31:14.631000,431.5134768704938,100
2024-09-20 14:31:14.636000,431.4823781768863,7
2024-09-20 14:31:14.665000,431.47114300568177,1001
2024-09-20 14:31:14.689000,431.46496053323057,1005
2024-09-20 14:31:14.774000,431.4603673851785,6
2024-09-20 14:31:14.811000,431.5118902842348,103
2024-09-20 14:31:14.824000,431.4842307883621,7
2024-09-20 14:31:14.854000,431.4561023929625,13
2024-09-20 14:31:14.934000,421.5079001985612,103
2024-09-20 14:31:15.225000,431.5071211967669,1004
2024-09-20 14:31:15.594000,431.4980356072632,995
2024-09-20 14:31:15.683000,431.5176196077744,1005
2024-09-20 14:31:15.840000,431.5202608551487,14
2024-09-20 14:31:15.890000,431.4962769240879,6
2024-09-20 14:31:16.199000,431.5093609025002,10
2024-09-20 14:31:16.271000,431.4984037636815,15
2024-09-20 14:31:16.394000,431.4772771361356,999
2024-09-20 14:31:16.506000,431.5161266367667,9
2024-09-20 14:31:16.828000,431.49660206008406,97
2024-09-20 14:31:16.868000,431.47347539212046,96
2024-09-20 14:31:17.083000,431.4998760173706,104
2024-09-20 14:31:17.234000,431.4964181879652,13
2024-09-20 14:31:17.871000,431.48496186603165,5
2024-09-20 14:31:17.926000,431.51450358869977,9
2024-09-20 14:31:18.021000,431.5462241552051,13
2024-09-20 14:31:18.047000,431.52732971920585,10
2024-09-20 14:31:18.112000,431.6557393573596,997
2024-09-20 14:31:18.180000,431.52775851172953,1004
2024-09-20 14:31:18.242000,431.52774419073705,13
2024-09-20 14:31:18.253000,431.6439991016646,997
2024-09-20 14:31:18.287000,431.5235514690739,12
2024-09-20 14:31:18.291000,431.5313170544621,996
2024-09-20 14:31:18.308000,431.6618737680774,1004
2024-09-20 14:31:18.323000,431.6214479566109,6
2024-09-20 14:31:18.384000,431.56675016808646,103
2024-09-20 14:31:18.385000,421.4800816143572,6
2024-09-20 14:31:18.413000,431.649760057306,6
2024-09-20 14:31:18.416000,431.50365483017566,6
2024-09-20 14:31:18.605000,431.58761932361534,6
2024-09-20 14:31:18.647000,431.50955335689184,997
2024-09-20 14:31:18.660000,431.60756027737096,11
2024-09-20 14:31:18.681000,431.62536421769306,10
2024-09-20 14:31:18.688000,431.5430852354256,11
2024-09-20 14:31:18.748000,431.5555976477341,8
2024-09-20 14:31:18.796000,431.5099168291167,10
2024-09-20 14:31:18.801000,431.5259338025074,95
2024-09-20 14:31:18.819000,431.624094063756,12
2024-09-20 14:31:18.852000,431.5788196130306,13
2024-09-20 14:31:18.966000,431.6048073479059,1001
2024-09-20 14:31:19.054000,431.6301133265581,9
2024-09-20 14:31:19.127000,431.6632991177104,103
2024-09-20 14:31:19.173000,431.6222715166592,1003
2024-09-20 14:31:19.390000,431.6561786355633,97
2024-09-20 14:31:19.398000,431.6090972422631,1001
2024-09-20 14:31:19.513000,431.6141447640098,998
2024-09-20 14:31:19.706000,431.63758224149984,9
2024-09-20 14:31:19.712000,431.66322093024814,1005
2024-09-20 14:31:19.755000,431.6272623916425,997
2024-09-20 14:31:19.932000,431.6303237870069,7
2024-09-20 14:31:19.943000,431.6290217475358,101
2024-09-20 14:31:20.210000,431.6400871301734,99
2024-09-20 14:31:20.311000,421.5303269674839,95
2024-09-20 14:31:20.623000,431.6388102832053,97
2024-09-20 14:31:20.702000,431.6399381533601,105
2024-09-20 14:31:20.765000,431.6298393370452,996
2024-09-20 14:31:21.035000,431.6209125250879,100
2024-09-20 14:31:21.036000,431.63585837784416,6
2024-09-20 14:31:21.114000,431.626229684758,1005
2024-09-20 14:31:21.126000,431.634262500992,995
2024-09-20 14:31:21.573000,431.5949064149809,8
2024-09-20 14:31:21.597000,431.6294885991824,98
2024-09-20 14:31:21.599000,431.5792076299798,995
2024-09-20 14:31:21.610000,431.55829176784727,101
2024-09-20 14:31:21.643000,431.57097070157647,11
2024-09-20 14:31:21.745000,431.5587138029695,1001
2024-09-20 14:31:21.866000,431.6343577112237,1001
2024-09-20 14:31:21.877000,431.5857294240633,1000
2024-09-20 14:31:21.882000,431.5975762530788,95
2024-09-20 14:31:23.186000,431.58219224478574,14
2024-09-20 14:31:23.206000,431.5883597610714,97
2024-09-20 14:31:23.216000,431.61439097344606,11
2024-09-20 14:31:23.331000,431.58202620851273,9
2024-09-20 14:31:23.353000,431.57610421113935,15
2024-09-20 14:31:23.379000,431.6069691061837,1002
2024-09-20 14:31:23.389000,431.6141436725226,15
2024-09-20 14:31:23.436000,431.5914658272509,5
2024-09-20 14:31:23.446000,431.6038344956697,9
2024-09-20 14:31:23.463000,431.5915253543381,12
2024-09-20 14:31:23.495000,431.5903082944717,7
2024-09-20 14:31:23.564000,431.5860110657172,9
2024-09-20 14:31:23.646000,431.5881046660842,5
2024-09-20 14:31:23.670000,431.6003502724782,1005
2024-09-20 14:31:23.746000,431.59084811143777,101
2024-09-20 14:31:23.798000,431.5811585722794,5
2024-09-20 14:31:23.829000,431.6010281829661,995
2024-09-20 14:31:25.023000,431.5527366645996,100
2024-09-20 14:31:25.284000,431.5692265398092,13
2024-09-20 14:31:25.414000,431.560712945586,996
2024-09-20 14:31:25.523000,431.5561958739528,10
2024-09-20 14:31:25.591000,431.56184032905793,1000
2024-09-20 14:31:25.613000,431.5766835330948,15
2024-09-20 14:31:25.640000,431.6066833480579,102
2024-09-20 14:31:25.875000,431.5923430412447,7
2024-09-20 14:31:26.069000,431.5736098725095,996
2024-09-20 14:31:26.102000,431.58487631687,995
2024-09-20 14:31:26.107000,431.5522077256661,15
2024-09-20 14:31:26.117000,431.587533415336,100
2024-09-20 14:31:26.328000,431.5473190562759,103
2024-09-20 14:31:26.639000,431.5747633753335,98
2024-09-20 14:31:26.801000,431.5786157678194,996
2024-09-20 14:31:26.966000,431.576465765043,98
2024-09-20 14:31:27.016000,431.5078176995682,105
2024-09-20 14:31:27.083000,431.5026767123901,8
2024-09-20 14:31:27.117000,431.5074234827238,1003
2024-09-20 14:31:27.248000,431.515719089869,15
2024-09-20 14:31:27.355000,431.50293837632336,95
2024-09-20 14:31:27.421000,431.497170694473,8
2024-09-20 14:31:27.535000,431.5055216583665,101
2024-09-20 14:31:27.728000,431.5037453905693,102
2024-09-20 14:31:27.801000,431.49766359125806,1000
2024-09-20 14:31:27.809000,431.5193574483631,97
2024-09-20 14:31:27.817000,431.5238091109366,998
2024-09-20 14:31:27.930000,431.5458088881127,11
2024-09-20 14:31:27.936000,431.4969825786749,1003
2024-09-20 14:31:27.964000,431.5204224261185,15
2024-09-20 14:31:28.337000,431.4919548204485,8
2024-09-20 14:31:28.350000,431.4874338580191,100
2024-09-20 14:31:28.816000,431.4637713445691,10
2024-09-20 14:31:28.878000,431.4984294704614,95
2024-09-20 14:31:29.005000,431.4589784591788,103
2024-09-20 14:31:29.102000,431.45652741057256,99
2024-09-20 14:31:29.147000,431.4772112242272,9
2024-09-20 14:31:29.182000,431.45493561302936,999
2024-09-20 14:31:29.231000,431.4938421327975,6
2024-09-20 14:31:29.239000,431.4494020530584,1000
2024-09-20 14:31:29.346000,431.4804962448452,1001
2024-09-20 14:31:29.374000,431.4549259216458,13
2024-09-20 14:31:29.395000,431.4971641140316,13
2024-09-20 14:31:29.434000,431.4662344786433,8
2024-09-20 14:31:29.618000,431.4949293134181,10
2024-09-20 14:31:29.656000,421.4250640029548,1005
2024-09-20 14:31:29.707000,431.49325680899767,11
2024-09-20 14:31:29.707000,431.5131165192748,7
2024-09-20 14:31:29.811000,431.4664304226184,996
2024-09-20 14:31:29.850000,431.4717695705844,102
2024-09-20 14:31:29.856000,431.5187915208195,96
2024-09-20 14:31:29.893000,431.4761660250392,1002
2024-09-20 14:31:29.921000,431.4630272296369,102
2024-09-20 14:31:29.986000,431.50271048788,1005
2024-09-20 14:31:30.013000,431.5366277767192,11
2024-09-20 14:31:30.182000,431.51312365598665,998
2024-09-20 14:31:30.192000,431.583397216352,105
2024-09-20 14:31:30.194000,431.571933568761,10
2024-09-20 14:31:30.220000,431.5868248957384,1000
2024-09-20 14:31:30.250000,431.5439338216857,5
2024-09-20 14:31:30.270000,431.58611071083067,97
2024-09-20 14:31:30.288000,431.49027995272456,98
2024-09-20 14:31:30.310000,431.5864672717109,1000
2024-09-20 14:31:30.353000,431.582982032815,104
2024-09-20 14:31:30.368000,431.5715623523441,998
2024-09-20 14:31:30.377000,431.5651902447602,13
2024-09-20 14:31:30.442000,431.5455730075766,13
2024-09-20 14:31:30.461000,431.5822727390584,999
2024-09-20 14:31:30.546000,431.589536825141,105
2024-09-20 14:31:30.555000,431.5834245342575,98
2024-09-20 14:31:30.582000,431.5012153976124,6
2024-09-20 14:31:30.584000,431.58985939379335,95
2024-09-20 14:31:30.607000,431.5909875192749,1005
2024-09-20 14:31:30.656000,431.5067715985023,104
2024-09-20 14:31:30.671000,431.58310019086775,14
2024-09-20 14:31:30.674000,431.5357402497932,98
2024-09-20 14:31:30.693000,431.5751404815858,101
2024-09-20 14:31:30.709000,431.57127663810377,95
2024-09-20 14:31:30.734000,431.579783544475,98
2024-09-20 14:31:30.787000,431.5829373436609,13
2024-09-20 14:31:30.846000,431.6026887637535,9
2024-09-20 14:31:30.945000,431.598527647101,95
2024-09-20 14:31:31.011000,431.5968654076563,7
2024-09-20 14:31:31.021000,431.6006382747954,7
2024-09-20 14:31:31.080000,431.6028403145806,1002
2024-09-20 14:31:31.205000,431.5879059782236,5
2024-09-20 14:31:31.236000,431.58149877761736,99
2024-09-20 14:31:31.242000,431.6143871761872,1004
2024-09-20 14:31:31.294000,431.5848040670955,996
2024-09-20 14:31:31.319000,431.606370360054,98
2024-09-20 14:31:31.433000,431.5898073083133,1003
2024-09-20 14:31:31.462000,431.6021377589494,9
2024-09-20 14:31:31.575000,431.5965629693916,15
2024-09-20 14:31:31.625000,431.6278544993366,11
2024-09-20 14:31:31.635000,431.6046175016689,1004
2024-09-20 14:31:31.657000,431.59802220237646,6
2024-09-20 14:31:31.813000,431.5896861698315,13
2024-09-20 14:31:31.841000,431.5919382383759,11
2024-09-20 14:31:31.899000,431.5716606385247,98
2024-09-20 14:31:31.906000,431.6018324537184,102
2024-09-20 14:31:31.949000,431.6065352639028,95
2024-09-20 14:31:31.959000,431.5835120851904,97
2024-09-20 14:31:32.014000,431.6569644076308,12
2024-09-20 14:31:32.042000,431.61335205846046,100
2024-09-20 14:31:32.055000,431.6864384609948,104
2024-09-20 14:31:32.091000,431.7012809980429,97
2024-09-20 14:31:32.093000,431.6892001817913,8
2024-09-20 14:31:32.119000,431.630337855167,105
2024-09-20 14:31:32.195000,431.6529625863521,9
2024-09-20 14:31:32.228000,431.7030416717757,998
2024-09-20 14:31:32.290000,431.66146858262977,9
2024-09-20 14:31:32.312000,431.6807041854923,996
2024-09-20 14:31:32.319000,431.64263886480313,8
2024-09-20 14:31:32.323000,431.660005587343,104
2024-09-20 14:31:32.345000,431.6833852265518,100
2024-09-20 14:31:32.377000,431.6285404801793,1000
2024-09-20 14:31:32.389000,431.671087961169,11
2024-09-20 14:31:32.403000,431.6857891208997,12
2024-09-20 14:31:32.443000,431.6523036052116,10
2024-09-20 14:31:32.523000,431.65084087381416,96
2024-09-20 14:31:32.592000,431.6597947911892,98
2024-09-20 14:31:32.623000,431.6329050307464,1001
2024-09-20 14:31:32.625000,431.64986403632713,102
2024-09-20 14:31:32.672000,431.70631311338144,996
2024-09-20 14:31:32.680000,431.64921362200334,14
2024-09-20 14:31:32.681000,431.6615218709138,1005
2024-09-20 14:31:32.701000,431.6848419955304,13
2024-09-20 14:31:32.708000,431.6355803571443,10
2024-09-20 14:31:32.758000,431.6734646695019,996
2024-09-20 14:31:32.809000,431.7049844573627,105
2024-09-20 14:31:32.832000,431.63796298821785,13
2024-09-20 14:31:32.927000,431.6641157411029,103
2024-09-20 14:31:33.117000,431.57435416258215,104
2024-09-20 14:31:33.253000,431.6009653250696,1005
2024-09-20 14:31:33.589000,431.57766649655656,9
2024-09-20 14:31:33.657000,431.5758914919395,1002
2024-09-20 14:31:34.021000,431.5412614789769,5
2024-09-20 14:31:34.051000,431.5427241812328,100
2024-09-20 14:31:34.070000,431.5532114572301,10
2024-09-20 14:31:34.075000,431.465544256317,7
2024-09-20 14:31:34.082000,431.50002191798455,12
2024-09-20 14:31:34.106000,431.5429259966842,1000
2024-09-20 14:31:34.112000,431.49874277340615,1000
2024-09-20 14:31:34.215000,431.4543863846953,15
2024-09-20 14:31:34.232000,431.5039719536851,95
2024-09-20 14:31:34.243000,431.5708643588304,99
2024-09-20 14:31:34.284000,431.54991681745474,15
2024-09-20 14:31:34.297000,431.4929777710608,1002
2024-09-20 14:31:34.365000,431.4894739025697,12
2024-09-20 14:31:34.397000,431.50121123123927,5
2024-09-20 14:31:34.448000,431.477262708552,1003
2024-09-20 14:31:34.520000,431.47021569588594,7
2024-09-20 14:31:34.526000,431.4476921007589,9
2024-09-20 14:31:34.694000,431.4885842943649,96
2024-09-20 14:31:34.730000,431.4933326303552,104
2024-09-20 14:31:34.745000,431.51332111028097,1003
2024-09-20 14:31:34.747000,431.5443244184208,1005
2024-09-20 14:31:34.751000,431.5433567864606,11
2024-09-20 14:31:34.755000,431.5552516574842,1005
2024-09-20 14:31:34.814000,431.46637090465,13
2024-09-20 14:31:34.841000,431.5474449311109,13
2024-09-20 14:31:34.849000,431.4590482367766,999
2024-09-20 14:31:34.857000,431.5593663083805,14
2024-09-20 14:31:34.912000,431.53814000229227,7
2024-09-20 14:31:34.950000,431.4859486516752,998
2024-09-20 14:31:35.048000,431.3922918180563,13
2024-09-20 14:31:35.127000,431.38417155644106,97
2024-09-20 14:31:35.188000,431.40438732611375,10
2024-09-20 14:31:35.272000,431.4427825346394,1005
2024-09-20 14:31:35.277000,431.4220818909814,100
2024-09-20 14:31:35.295000,431.4313405567228,10
2024-09-20 14:31:35.318000,431.4337385381775,1005
2024-09-20 14:31:35.351000,431.3903802820054,13
2024-09-20 14:31:35.371000,431.3936887474756,997
2024-09-20 14:31:35.393000,431.3884450995262,100
2024-09-20 14:31:35.441000,431.3970291945084,97
2024-09-20 14:31:35.477000,431.3897815970008,97
2024-09-20 14:31:35.488000,431.40050689467193,1003
2024-09-20 14:31:35.529000,431.39155917430327,999
2024-09-20 14:31:35.582000,431.3643070117349,97
2024-09-20 14:31:35.652000,431.3951250013848,1003
2024-09-20 14:31:35.669000,431.4259216335253,100
2024-09-20 14:31:35.713000,431.4134064334282,998
2024-09-20 14:31:35.780000,421.72478077951325,5
2024-09-20 14:31:35.963000,431.4494286787111,999
2024-09-20 14:31:35.988000,431.42451371315445,996
2024-09-20 14:31:35.993000,431.37651035283886,12
2024-09-20 14:31:36.091000,431.3733938957864,97
2024-09-20 14:31:37.006000,431.36953262099576,95
2024-09-20 14:31:37.113000,431.3552005974298,7
2024-09-20 14:31:37.226000,431.3312007643723,13
2024-09-20 14:31:37.229000,431.3476105120708,1004
2024-09-20 14:31:37.343000,431.3550607813706,7
2024-09-20 14:31:37.374000,431.3601122454909,103
2024-09-20 14:31:37.476000,431.3211251925751,96
2024-09-20 14:31:37.610000,431.36468782060587,10
2024-09-20 14:31:37.724000,431.3516141711205,101
2024-09-20 14:31:37.779000,431.3391887085857,11
2024-09-20 14:31:38.229000,431.2863650310837,95
2024-09-20 14:31:38.384000,431.2792715982457,10
2024-09-20 14:31:38.398000,431.3187230847103,998
2024-09-20 14:31:38.487000,421.7142916157438,995
2024-09-20 14:31:38.540000,431.2847754227457,9
2024-09-20 14:31:38.632000,431.2959573152461,8
2024-09-20 14:31:38.678000,431.2988913327078,11
2024-09-20 14:31:38.702000,431.2906275653824,11
2024-09-20 14:31:38.978000,431.32479964810034,998
2024-09-20 14:31:38.998000,431.2802712720036,15
2024-09-20 14:31:39.011000,431.30613355327193,1002
2024-09-20 14:31:39.028000,431.26776682799937,1003
2024-09-20 14:31:39.064000,431.2907523758528,1003
2024-09-20 14:31:39.089000,431.3207102504859,1002
2024-09-20 14:31:39.104000,431.2565785951516,97
2024-09-20 14:31:39.181000,431.2961335937218,996
2024-09-20 14:31:39.289000,431.2825531829945,1005
2024-09-20 14:31:39.337000,431.29091812819246,13
2024-09-20 14:31:39.513000,431.2860823860691,11
2024-09-20 14:31:39.565000,431.2720340414966,15
2024-09-20 14:31:39.647000,431.2762245869335,97
2024-09-20 14:31:39.653000,431.2638245490934,1000
2024-09-20 14:31:39.697000,431.2830557652948,95
2024-09-20 14:31:39.733000,431.2945975078303,98
2024-09-20 14:31:39.798000,431.3164953673086,99
2024-09-20 14:31:39.859000,431.2782115566862,100
2024-09-20 14:31:39.953000,431.30908463102975,996
2024-09-20 14:31:39.967000,431.2803354918446,1001
2024-09-20 14:31:40.007000,431.3132935166025,998
2024-09-20 14:31:40.440000,431.3180472549885,5
2024-09-20 14:31:40.731000,431.32102346688816,7
2024-09-20 14:31:40.825000,431.3007532345189,11
2024-09-20 14:31:41.002000,431.3743112204312,13
2024-09-20 14:31:41.096000,431.33227821429,101
2024-09-20 14:31:41.149000,431.31579283900936,999
2024-09-20 14:31:41.171000,431.32103104916126,101
2024-09-20 14:31:41.249000,431.3460365371344,103
2024-09-20 14:31:41.349000,431.3426131384403,995
2024-09-20 14:31:41.375000,431.33660980988566,996
2024-09-20 14:31:41.394000,431.33170219586873,12
2024-09-20 14:31:41.446000,431.33499032012855,5
2024-09-20 14:31:41.583000,431.36465110125096,100
2024-09-20 14:31:41.717000,431.3262719484368,12
2024-09-20 14:31:41.767000,431.37674620036927,13
2024-09-20 14:31:41.776000,431.3353114039355,101
2024-09-20 14:31:41.778000,431.3328706518573,97
2024-09-20 14:31:41.795000,431.3750536905137,997
2024-09-20 14:31:41.814000,431.37215682266566,1001
2024-09-20 14:31:41.867000,431.3228433839342,8
2024-09-20 14:31:41.877000,431.3754597193287,96
2024-09-20 14:31:41.882000,431.328095219208,1005
2024-09-20 14:31:41.926000,431.3263549002503,1001
2024-09-20 14:31:41.952000,431.3204434989469,105
2024-09-20 14:31:42.039000,431.3928621042912,5
2024-09-20 14:31:42.054000,431.3820081019825,999
2024-09-20 14:31:42.063000,431.3802277767236,996
2024-09-20 14:31:42.093000,431.3861166039958,97
2024-09-20 14:31:42.095000,431.3923329344398,101
2024-09-20 14:31:42.109000,431.3755213882049,1005
2024-09-20 14:31:42.316000,431.3769963970004,15
2024-09-20 14:31:42.364000,431.38955194869504,95
2024-09-20 14:31:42.371000,431.40776419131896,103
2024-09-20 14:31:42.638000,431.401258310365,96
2024-09-20 14:31:42.806000,431.406647158718,13
2024-09-20 14:31:42.814000,431.42353828866266,5
2024-09-20 14:31:42.863000,431.37604095324815,1001
2024-09-20 14:31:42.971000,431.3754682284561,101
2024-09-20 14:31:43.070000,431.4010924576143,5
2024-09-20 14:31:44.084000,431.4064757951834,8
2024-09-20 14:31:44.113000,431.3476249037581,96
2024-09-20 14:31:44.519000,431.3969774885765,7
2024-09-20 14:31:44.592000,431.34491987219343,7
2024-09-20 14:31:44.601000,431.3859031793911,101
2024-09-20 14:31:44.624000,431.3498626334634,96
2024-09-20 14:31:44.641000,431.36196200529673,103
2024-09-20 14:31:44.703000,431.3605704222928,95
2024-09-20 14:31:44.752000,431.4004679842428,1004
2024-09-20 14:31:44.870000,431.35480739737307,99
2024-09-20 14:31:45.169000,431.3669439619356,8
2024-09-20 14:31:45.504000,431.36727825829456,13
2024-09-20 14:31:45.508000,431.3400214694769,105
2024-09-20 14:31:46.012000,431.3618143032168,1002
2024-09-20 14:31:46.078000,431.3956595335087,6
2024-09-20 14:31:46.114000,431.40289903207423,996
2024-09-20 14:31:46.125000,431.3687517712112,1003
2024-09-20 14:31:46.134000,431.3659154477869,95
2024-09-20 14:31:46.198000,431.3741482051317,104
2024-09-20 14:31:46.263000,431.393294977325,99
2024-09-20 14:31:46.328000,431.3729116453164,13
2024-09-20 14:31:46.558000,431.38084763539536,99
2024-09-20 14:31:46.559000,431.38210718485885,99
2024-09-20 14:31:46.673000,431.3602443412434,996
2024-09-20 14:31:46.729000,431.3802448974601,14
2024-09-20 14:31:46.886000,431.3907289221679,102
2024-09-20 14:31:46.964000,431.4004412428149,999
2024-09-20 14:31:46.976000,431.3744401185505,11
2024-09-20 14:31:47.021000,431.3755949580253,1000
2024-09-20 14:31:47.257000,431.3514652765623,7
2024-09-20 14:31:47.270000,431.3733309956808,1003
2024-09-20 14:31:47.380000,431.3763398825813,9
2024-09-20 14:31:47.392000,431.3386444117007,13
2024-09-20 14:31:47.434000,431.3596943316508,13
2024-09-20 14:31:47.453000,431.375155601224,1003
2024-09-20 14:31:47.517000,431.3584295897039,8
2024-09-20 14:31:47.520000,431.35133885876047,999
2024-09-20 14:31:47.651000,431.3508097968096,998
2024-09-20 14:31:47.655000,431.3594466325393,101
2024-09-20 14:31:47.710000,431.342884186183,103
2024-09-20 14:31:47.711000,431.3681517260851,9
2024-09-20 14:31:47.733000,431.36678630129336,999
2024-09-20 14:31:47.754000,431.3499146840671,12
2024-09-20 14:31:47.763000,431.34288767117874,995
2024-09-20 14:31:47.787000,431.3810507138125,999
2024-09-20 14:31:47.799000,431.3672379182715,97
2024-09-20 14:31:47.852000,431.3741365494545,13
2024-09-20 14:31:47.921000,431.3569758084804,6
2024-09-20 14:31:48.012000,431.2621179813036,1003
2024-09-20 14:31:48.023000,431.2690311855984,11
2024-09-20 14:31:48.087000,431.3169875746007,996
2024-09-20 14:31:48.090000,431.339756679584,5
2024-09-20 14:31:48.124000,431.3550854275722,98
2024-09-20 14:31:48.137000,431.31524476854247,99
2024-09-20 14:31:48.201000,431.3161728391802,1003
2024-09-20 14:31:48.231000,431.2696691751567,101
2024-09-20 14:31:48.239000,431.3022435840364,102
2024-09-20 14:31:48.267000,431.2709861583156,997
2024-09-20 14:31:48.270000,431.3894858853062,5
2024-09-20 14:31:48.313000,431.348506336944,13
2024-09-20 14:31:48.337000,431.346327874658,11
2024-09-20 14:31:48.337000,431.34604926491744,100
2024-09-20 14:31:48.398000,431.3475135278641,104
2024-09-20 14:31:48.415000,431.3126677751351,97
2024-09-20 14:31:48.460000,431.286104045514,1004
2024-09-20 14:31:48.480000,431.3779905853406,7
2024-09-20 14:31:48.529000,431.31141067952007,13
2024-09-20 14:31:48.584000,431.3004848140524,101
2024-09-20 14:31:48.588000,431.38556050081166,1005
2024-09-20 14:31:48.600000,431.319087899782,105
2024-09-20 14:31:48.693000,431.28318269427433,12
2024-09-20 14:31:48.745000,431.345648297499,1002
2024-09-20 14:31:48.787000,431.36022695231344,104
2024-09-20 14:31:48.802000,431.30732003773727,997
2024-09-20 14:31:48.914000,431.3581808262387,995
2024-09-20 14:31:48.940000,431.3389454266608,12
2024-09-20 14:31:48.967000,431.3887077964274,98
2024-09-20 14:31:49.040000,431.2101588901012,1004
2024-09-20 14:31:49.056000,431.266181306392,10
2024-09-20 14:31:49.091000,431.2408637815731,95
2024-09-20 14:31:49.093000,431.2774959319879,13
2024-09-20 14:31:49.118000,431.2357148288037,998
2024-09-20 14:31:49.123000,431.2495633873024,996
2024-09-20 14:31:49.126000,431.22269655875385,1001
2024-09-20 14:31:49.164000,431.2254424108593,11
2024-09-20 14:31:49.180000,431.2800957886768,100
2024-09-20 14:31:49.198000,431.2568498963924,103
2024-09-20 14:31:49.209000,431.264450312324,1002
2024-09-20 14:31:49.351000,431.28162631278457,999
2024-09-20 14:31:49.431000,431.2468185404607,10
2024-09-20 14:31:49.440000,431.1987529599677,1002
2024-09-20 14:31:49.463000,431.255191175865,96
2024-09-20 14:31:49.465000,431.20515817302817,1001
2024-09-20 14:31:49.496000,431.2382599735668,1002
2024-09-20 14:31:49.515000,431.23288701121066,9
2024-09-20 14:31:49.553000,431.2565162078412,6
2024-09-20 14:31:49.637000,431.2413812244122,15
2024-09-20 14:31:49.658000,431.2236195713949,99
2024-09-20 14:31:49.716000,431.228774263433,7
2024-09-20 14:31:49.771000,431.25664947326766,1001
2024-09-20 14:31:49.797000,431.2689155158731,998
2024-09-20 14:31:49.824000,431.2415074060659,995
2024-09-20 14:31:49.826000,431.2520669381249,995
2024-09-20 14:31:49.873000,431.2504280353808,1004
2024-09-20 14:31:49.888000,431.2241999187539,1004
2024-09-20 14:31:49.889000,431.2003323174888,11
2024-09-20 14:31:49.974000,431.2534967918601,6
2024-09-20 14:31:50.034000,431.190163970096,105
2024-09-20 14:31:50.051000,431.1894462770801,7
2024-09-20 14:31:50.095000,431.1764253959023,998
2024-09-20 14:31:50.105000,431.18902310370174,1000
2024-09-20 14:31:50.146000,431.2164336988463,10
2024-09-20 14:31:50.177000,431.194002075425,104
2024-09-20 14:31:50.211000,431.2085500049197,98
2024-09-20 14:31:50.242000,431.21139996618064,9
2024-09-20 14:31:50.267000,431.1905100383499,995
2024-09-20 14:31:50.282000,431.1935390440729,102
2024-09-20 14:31:50.297000,431.2133421304116,8
2024-09-20 14:31:50.309000,431.2033585543597,1004
2024-09-20 14:31:50.316000,431.1934709686676,95
2024-09-20 14:31:50.382000,431.1785005135148,105
2024-09-20 14:31:50.516000,431.2126163745227,13
2024-09-20 14:31:50.550000,431.17900418583946,7
2024-09-20 14:31:50.587000,431.225000480563,100
2024-09-20 14:31:50.629000,431.1880022076568,100
2024-09-20 14:31:50.710000,431.19729004712747,101
2024-09-20 14:31:50.722000,431.21735746541134,7
2024-09-20 14:31:50.730000,431.2254270725724,8
2024-09-20 14:31:50.747000,431.1693482064943,98
2024-09-20 14:31:50.779000,431.2358351297424,998
2024-09-20 14:31:50.884000,431.227195949273,999
2024-09-20 14:31:50.946000,431.188329508997,1001
2024-09-20 14:31:51.011000,431.2161122948116,13
2024-09-20 14:31:51.118000,431.21163938187976,997
2024-09-20 14:31:51.123000,431.2150340332743,1000
2024-09-20 14:31:51.144000,431.201575611357,105
2024-09-20 14:31:51.224000,431.2240449226063,996
2024-09-20 14:31:51.234000,431.2136843544849,104
2024-09-20 14:31:51.244000,431.24986876065344,997
2024-09-20 14:31:51.317000,431.1926866234424,1004
2024-09-20 14:31:51.336000,431.2205173084669,998
2024-09-20 14:31:51.353000,431.2066435363619,9
2024-09-20 14:31:51.377000,431.2221645192374,997
2024-09-20 14:31:51.383000,431.1973496880551,14
2024-09-20 14:31:51.395000,431.2388422366405,100
2024-09-20 14:31:51.426000,431.2205920313119,1005
2024-09-20 14:31:51.454000,431.1827353314917,98
2024-09-20 14:31:51.505000,431.197271402728,995
2024-09-20 14:31:51.539000,431.233956381689,96
2024-09-20 14:31:51.565000,431.2220623308188,1002
2024-09-20 14:31:51.576000,431.2139091257855,6
2024-09-20 14:31:51.663000,431.2089868240076,5
2024-09-20 14:31:51.683000,431.2260742094786,101
2024-09-20 14:31:51.689000,431.20966480082507,997
2024-09-20 14:31:51.720000,431.2429111444442,997
2024-09-20 14:31:51.730000,431.23441728369,101
2024-09-20 14:31:51.776000,431.2115943769569,1003
2024-09-20 14:31:51.777000,431.21018333345125,1004
2024-09-20 14:31:51.837000,431.2387880896268,996
2024-09-20 14:31:51.901000,431.2052915503272,104
2024-09-20 14:31:51.906000,431.2187944363087,1005
2024-09-20 14:31:52.129000,431.24908633682566,1000
2024-09-20 14:31:53.030000,431.2092686679495,5
2024-09-20 14:31:53.037000,431.2051806581785,102
2024-09-20 14:31:53.053000,431.2025682476701,1004
2024-09-20 14:31:53.060000,431.2282006887998,1003
2024-09-20 14:31:53.099000,431.259215887568,14
2024-09-20 14:31:53.145000,431.2065909916378,99
2024-09-20 14:31:53.166000,431.2128435706863,8
2024-09-20 14:31:53.182000,431.1875009304183,11
2024-09-20 14:31:53.290000,431.2316771742112,9
2024-09-20 14:31:53.328000,431.2478964722925,95
2024-09-20 14:31:53.343000,431.1887806539648,15
2024-09-20 14:31:53.388000,431.2353903047284,98
2024-09-20 14:31:53.441000,431.2333289317797,1005
2024-09-20 14:31:53.559000,431.2278519636027,1004
2024-09-20 14:31:53.570000,431.2505067880367,96
2024-09-20 14:31:53.651000,431.1893983980784,1003
2024-09-20 14:31:53.680000,431.2226488907604,105
2024-09-20 14:31:53.725000,431.2410552097229,7
2024-09-20 14:31:53.796000,431.2129161271742,95
2024-09-20 14:31:53.861000,431.2308789555681,999
2024-09-20 14:31:53.862000,431.2074944489264,13
2024-09-20 14:31:53.950000,431.2084813158992,9
2024-09-20 14:31:54.083000,431.2306355026748,14
2024-09-20 14:31:54.219000,431.1830572990519,12
2024-09-20 14:31:54.233000,431.20495617799406,105
2024-09-20 14:31:54.294000,431.194307013791,98
2024-09-20 14:31:54.357000,431.2320875795476,995
2024-09-20 14:31:54.515000,431.2337954070754,6
2024-09-20 14:31:54.597000,431.17855781429495,996
2024-09-20 14:31:54.598000,431.2069076109961,11
2024-09-20 14:31:54.854000,431.250187364917,998
2024-09-20 14:31:55.077000,431.2808384967928,102
2024-09-20 14:31:55.099000,431.1909304024617,6
2024-09-20 14:31:55.163000,431.1801510363348,1000
2024-09-20 14:31:55.196000,431.2017521572256,8
2024-09-20 14:31:55.209000,431.23187409636273,1003
2024-09-20 14:31:55.220000,431.20662366722354,104
2024-09-20 14:31:55.265000,431.2800607886225,995
2024-09-20 14:31:55.281000,431.2525774701659,100
2024-09-20 14:31:55.286000,431.1778772674792,99
2024-09-20 14:31:55.323000,431.1787849414524,999
2024-09-20 14:31:55.332000,431.1956655943679,995
2024-09-20 14:31:55.341000,431.2623976268276,8
2024-09-20 14:31:55.390000,431.1970158495942,104
2024-09-20 14:31:55.450000,431.2482321159694,105
2024-09-20 14:31:55.511000,431.1890444002629,15
2024-09-20 14:31:55.646000,431.2194580158422,996
2024-09-20 14:31:55.646000,431.200122659578,13
2024-09-20 14:31:55.647000,431.22936091737336,1000
2024-09-20 14:31:55.666000,431.2731220326328,103
2024-09-20 14:31:55.679000,431.2188423567485,8
2024-09-20 14:31:55.684000,431.182435942416,1003
2024-09-20 14:31:55.756000,431.1953611020463,103
2024-09-20 14:31:55.778000,431.20567910901394,102
2024-09-20 14:31:55.790000,431.2221597057437,1003
2024-09-20 14:31:55.838000,431.2723435866067,102
2024-09-20 14:31:55.878000,431.276790711713,100
2024-09-20 14:31:55.996000,431.2514513846387,96
2024-09-20 14:31:56.037000,431.12024433714566,105
2024-09-20 14:31:56.065000,431.1173088722803,98
2024-09-20 14:31:56.457000,431.14431569873375,103
2024-09-20 14:31:56.457000,431.1422324982932,998
2024-09-20 14:31:56.460000,431.1168153919166,13
2024-09-20 14:31:56.522000,431.16465946838537,1003
2024-09-20 14:31:56.639000,431.15340796452216,97
2024-09-20 14:31:56.769000,431.1381786891821,1002
2024-09-20 14:31:56.781000,431.1471186785989,11
2024-09-20 14:31:56.877000,431.1712722277381,9
2024-09-20 14:31:58.246000,431.0886613709384,1001
2024-09-20 14:31:58.291000,431.0151380611019,5
2024-09-20 14:31:58.296000,431.0209208164163,7
2024-09-20 14:31:58.326000,431.01886097316685,6
2024-09-20 14:31:58.327000,431.03844793499735,6
2024-09-20 14:31:58.417000,431.0317779392387,11
2024-09-20 14:31:58.422000,431.0123317024703,7
2024-09-20 14:31:58.489000,431.0245158120945,103
2024-09-20 14:31:58.500000,431.0872302489558,10
2024-09-20 14:31:58.643000,431.0275427065843,1001
2024-09-20 14:31:58.733000,431.094859268514,11
2024-09-20 14:31:58.856000,431.0835547079468,999
2024-09-20 14:31:58.871000,431.1145508754075,998
2024-09-20 14:31:58.874000,431.0091637326794,997
2024-09-20 14:31:58.894000,431.058524087684,995
2024-09-20 14:31:58.953000,431.1003460237353,97
2024-09-20 14:31:58.967000,431.1019415107276,100
2024-09-20 14:31:59.012000,431.0892727238936,998
2024-09-20 14:31:59.036000,431.0758483378201,9
2024-09-20 14:31:59.041000,431.0732446174763,98
2024-09-20 14:31:59.052000,431.09873423316,101
2024-09-20 14:31:59.105000,430.991215345322,1001
2024-09-20 14:31:59.133000,431.0059851129371,7
2024-09-20 14:31:59.159000,431.0873140445436,13
2024-09-20 14:31:59.199000,431.00608843870384,9
2024-09-20 14:31:59.286000,431.02653250312966,97
2024-09-20 14:31:59.310000,431.0693367291832,14
2024-09-20 14:31:59.316000,431.1071336146428,7
2024-09-20 14:31:59.369000,431.0891402841255,996
2024-09-20 14:31:59.421000,421.9166851992624,6
2024-09-20 14:31:59.534000,431.0901108562111,1005
2024-09-20 14:31:59.539000,431.0440377260024,99
2024-09-20 14:31:59.618000,431.0499510983271,99
2024-09-20 14:31:59.736000,431.07547706458286,95
2024-09-20 14:31:59.737000,431.0615844495002,995
2024-09-20 14:31:59.785000,431.04357760779214,1004
2024-09-20 14:31:59.844000,431.0244371244378,12
2024-09-20 14:31:59.849000,431.06295794919714,14
2024-09-20 14:31:59.939000,431.0636994106436,98
2024-09-20 14:31:59.975000,431.01794862096153,103
2024-09-20 14:31:59.986000,431.07615513799766,998
