Timestamp,Price,Size
2024-09-17 14:11:00.030000,401.9068688264944,8
2024-09-17 14:11:00.043000,401.8269478973851,5
2024-09-17 14:11:00.044000,401.7986490865711,7
2024-09-17 14:11:00.075000,401.8821271819822,12
2024-09-17 14:11:00.116000,401.8672726296309,97
2024-09-17 14:11:00.119000,401.775166784698,10
2024-09-17 14:11:00.189000,401.8654035036209,13
2024-09-17 14:11:00.300000,401.845793546976,1005
2024-09-17 14:11:00.395000,401.8562673824342,9
2024-09-17 14:11:00.550000,401.8398632797591,1000
2024-09-17 14:11:00.579000,401.8720132704242,1004
2024-09-17 14:11:00.633000,401.8417741976783,998
2024-09-17 14:11:00.724000,401.8209584983738,997
2024-09-17 14:11:00.733000,401.8561679740271,102
2024-09-17 14:11:00.748000,401.78712301616,105
2024-09-17 14:11:00.783000,401.8404161327245,995
2024-09-17 14:11:00.906000,401.8353997411008,996
2024-09-17 14:11:00.915000,401.8922247879193,14
2024-09-17 14:11:00.924000,401.7861932063267,7
2024-09-17 14:11:00.946000,401.8672304077187,999
2024-09-17 14:11:01.374000,401.7516276344809,6
2024-09-17 14:11:01.871000,401.7487244123944,102
2024-09-17 14:11:01.901000,401.75305874352784,10
2024-09-17 14:11:01.953000,401.74425781720487,15
2024-09-17 14:11:02.112000,401.7484583421499,8
2024-09-17 14:11:02.208000,401.72273792341656,998
2024-09-17 14:11:02.257000,401.72571602182137,997
2024-09-17 14:11:02.296000,401.7252295434623,15
2024-09-17 14:11:02.309000,401.723981100108,95
2024-09-17 14:11:02.312000,401.7410883257577,999
2024-09-17 14:11:02.367000,401.726665746242,100
2024-09-17 14:11:02.421000,401.71636020048254,1002
2024-09-17 14:11:02.426000,401.7488610487047,1004
2024-09-17 14:11:02.463000,401.7311669228891,1001
2024-09-17 14:11:02.487000,401.74872551741663,1003
2024-09-17 14:11:02.495000,401.7190997974464,1005
2024-09-17 14:11:02.520000,401.7279122239735,105
2024-09-17 14:11:02.530000,401.7267358936164,1003
2024-09-17 14:11:02.587000,401.7291778846417,100
2024-09-17 14:11:02.645000,401.7105913624407,100
2024-09-17 14:11:02.694000,401.7229117362431,105
2024-09-17 14:11:02.700000,401.7461124900144,999
2024-09-17 14:11:02.715000,401.7431657561874,1001
2024-09-17 14:11:02.837000,401.73231357867854,97
2024-09-17 14:11:02.860000,401.7290056081413,100
2024-09-17 14:11:02.959000,401.73561755613486,95
2024-09-17 14:11:03.009000,401.72479169518266,996
2024-09-17 14:11:03.010000,401.7148121008075,97
2024-09-17 14:11:03.077000,401.7634682633766,97
2024-09-17 14:11:03.113000,401.7776292318964,12
2024-09-17 14:11:03.117000,401.7549820927672,14
2024-09-17 14:11:03.120000,401.7266362352384,9
2024-09-17 14:11:03.157000,401.7450982947961,10
2024-09-17 14:11:03.216000,401.7603769739109,15
2024-09-17 14:11:03.254000,401.7441445809109,99
2024-09-17 14:11:03.307000,401.7346332311874,1001
2024-09-17 14:11:03.331000,401.7581678569067,5
2024-09-17 14:11:03.350000,401.7133761059486,1000
2024-09-17 14:11:03.376000,401.7321706738719,102
2024-09-17 14:11:03.388000,401.75871086715233,999
2024-09-17 14:11:03.399000,401.7706009817081,98
2024-09-17 14:11:03.438000,401.79562463127377,97
2024-09-17 14:11:03.488000,401.7819377011728,15
2024-09-17 14:11:03.666000,401.78627164867777,12
2024-09-17 14:11:03.759000,401.7287886791159,11
2024-09-17 14:11:03.769000,401.78577771919055,104
2024-09-17 14:11:03.774000,401.7601832231633,996
2024-09-17 14:11:03.787000,401.71629802378015,995
2024-09-17 14:11:03.788000,401.7208805955879,1002
2024-09-17 14:11:03.859000,401.7357867033711,8
2024-09-17 14:11:03.875000,401.7754799667434,11
2024-09-17 14:11:03.900000,401.7766744538556,104
2024-09-17 14:11:03.955000,401.7872355733079,12
2024-09-17 14:11:03.980000,401.7220169909017,104
2024-09-17 14:11:03.998000,401.7583806634669,95
2024-09-17 14:11:05.322000,401.7252691014088,10
2024-09-17 14:11:05.508000,401.7217500936494,1003
2024-09-17 14:11:05.533000,401.7271353576182,100
2024-09-17 14:11:05.569000,401.7261362223826,14
2024-09-17 14:11:05.590000,401.7327210102785,1003
2024-09-17 14:11:05.675000,401.7219058779909,996
2024-09-17 14:11:05.717000,401.7283668803989,99
2024-09-17 14:11:05.732000,401.7375003525512,12
2024-09-17 14:11:05.788000,401.7227451074963,1004
2024-09-17 14:11:05.905000,401.72007730344495,12
2024-09-17 14:11:06.237000,401.7603121936286,1004
2024-09-17 14:11:06.290000,401.7787193945997,100
2024-09-17 14:11:06.322000,401.7408037811545,1002
2024-09-17 14:11:06.388000,401.7903364824348,13
2024-09-17 14:11:06.405000,401.7260113106892,1002
2024-09-17 14:11:06.551000,401.7667755394592,102
2024-09-17 14:11:06.634000,401.750092004353,7
2024-09-17 14:11:06.663000,401.74070119465154,1004
2024-09-17 14:11:06.781000,401.8048005081522,101
2024-09-17 14:11:06.852000,401.79892570280384,103
2024-09-17 14:11:07.054000,401.8970548718237,105
2024-09-17 14:11:07.080000,401.8039744768433,1000
2024-09-17 14:11:07.140000,401.7926136500189,103
2024-09-17 14:11:07.159000,401.896725673596,9
2024-09-17 14:11:07.168000,401.8580641197939,996
2024-09-17 14:11:07.194000,401.7859280422576,7
2024-09-17 14:11:07.263000,401.8727573248152,1005
2024-09-17 14:11:07.327000,401.8096974101759,98
2024-09-17 14:11:07.342000,401.879825607478,7
2024-09-17 14:11:07.343000,401.7963310362927,103
2024-09-17 14:11:07.352000,401.8061080765123,102
2024-09-17 14:11:07.398000,401.80689906224666,15
2024-09-17 14:11:07.398000,401.8566618491109,104
2024-09-17 14:11:07.404000,401.835071446172,1002
2024-09-17 14:11:07.460000,401.7968605576659,7
2024-09-17 14:11:07.484000,401.8614469880734,95
2024-09-17 14:11:07.678000,401.78349358557534,13
2024-09-17 14:11:07.755000,401.8777092262777,105
2024-09-17 14:11:07.824000,401.8071356024404,12
2024-09-17 14:11:07.829000,401.84838885501193,998
2024-09-17 14:11:07.845000,401.9008228807485,103
2024-09-17 14:11:07.926000,401.814251051593,10
2024-09-17 14:11:07.928000,401.9021718270968,103
2024-09-17 14:11:07.971000,401.86319149724005,101
2024-09-17 14:11:07.987000,401.79904811577,14
2024-09-17 14:11:08.491000,401.92935380397023,998
2024-09-17 14:11:08.602000,401.9144736877534,6
2024-09-17 14:11:09.009000,401.8752350370385,998
2024-09-17 14:11:09.027000,401.9182566130285,99
2024-09-17 14:11:09.048000,401.880780381359,95
2024-09-17 14:11:09.325000,401.8765957598274,103
2024-09-17 14:11:09.385000,401.9258841956517,7
2024-09-17 14:11:09.449000,401.8843375107166,15
2024-09-17 14:11:09.461000,401.8715436213622,13
2024-09-17 14:11:09.488000,401.8701400044951,8
2024-09-17 14:11:09.506000,401.8855839587234,1000
2024-09-17 14:11:09.520000,401.8876744048757,12
2024-09-17 14:11:09.570000,401.87431439850593,9
2024-09-17 14:11:09.708000,401.8705570850905,996
2024-09-17 14:11:09.726000,401.8929065450841,104
2024-09-17 14:11:09.753000,401.8780649924054,14
2024-09-17 14:11:09.768000,401.89248495730266,9
2024-09-17 14:11:09.793000,401.8664839242022,7
2024-09-17 14:11:09.797000,401.8975515290995,1003
2024-09-17 14:11:09.803000,401.9166583572612,995
2024-09-17 14:11:09.897000,401.8853737641341,8
2024-09-17 14:11:09.954000,401.9215530562653,1004
2024-09-17 14:11:09.956000,401.86554002319485,12
2024-09-17 14:11:09.959000,401.89562688941845,1004
2024-09-17 14:11:10.013000,401.8756348893295,99
2024-09-17 14:11:10.015000,401.9368308540635,996
2024-09-17 14:11:10.058000,401.98126256586113,10
2024-09-17 14:11:10.092000,401.8835026169394,97
2024-09-17 14:11:10.156000,401.8938548343178,101
2024-09-17 14:11:10.204000,401.9493710038224,1005
2024-09-17 14:11:10.233000,401.9657870011754,995
2024-09-17 14:11:10.321000,401.8849123848105,9
2024-09-17 14:11:10.350000,401.9923704707821,999
2024-09-17 14:11:10.355000,401.9787142702765,15
2024-09-17 14:11:10.411000,401.98409290940606,11
2024-09-17 14:11:10.482000,401.9627612200997,103
2024-09-17 14:11:10.496000,401.9387002044605,1002
2024-09-17 14:11:10.599000,401.9680094761535,102
2024-09-17 14:11:10.604000,401.97731904880834,997
2024-09-17 14:11:10.693000,401.95522632033817,997
2024-09-17 14:11:10.727000,401.9880626293851,14
2024-09-17 14:11:10.734000,401.8988903456019,99
2024-09-17 14:11:10.767000,401.97341149433294,1004
2024-09-17 14:11:10.789000,401.9684779408991,1005
2024-09-17 14:11:10.797000,401.9335526147258,1004
2024-09-17 14:11:10.806000,401.9674030621021,1004
2024-09-17 14:11:10.837000,401.96830666568746,1005
2024-09-17 14:11:10.865000,401.9123075209628,6
2024-09-17 14:11:10.909000,401.9786141389295,98
2024-09-17 14:11:11.087000,401.9972370087877,105
2024-09-17 14:11:11.122000,401.9975633529253,99
2024-09-17 14:11:11.221000,401.9586517255999,1003
2024-09-17 14:11:11.381000,401.9827984041192,7
2024-09-17 14:11:11.394000,402.0129193298191,13
2024-09-17 14:11:11.416000,401.9835049597044,5
2024-09-17 14:11:11.445000,401.9969842245294,13
2024-09-17 14:11:11.531000,401.98400157850045,1000
2024-09-17 14:11:11.662000,401.9878737441458,101
2024-09-17 14:11:11.742000,401.9955493809124,13
2024-09-17 14:11:11.775000,401.9926323246861,98
2024-09-17 14:11:11.792000,401.9989988413465,96
2024-09-17 14:11:11.815000,401.9827297449041,98
2024-09-17 14:11:11.886000,402.0017821215971,14
2024-09-17 14:11:12.030000,401.9616511763488,12
2024-09-17 14:11:12.039000,401.958540081277,95
2024-09-17 14:11:12.051000,401.9823936219213,1002
2024-09-17 14:11:12.230000,401.9680861988356,998
2024-09-17 14:11:12.242000,401.9524883909782,1004
2024-09-17 14:11:12.242000,401.9697847685718,9
2024-09-17 14:11:12.267000,401.9460786670887,997
2024-09-17 14:11:12.323000,401.9792909167945,104
2024-09-17 14:11:12.346000,401.9900157058432,101
2024-09-17 14:11:12.362000,401.9935648104105,9
2024-09-17 14:11:12.396000,401.9649642795608,12
2024-09-17 14:11:12.459000,401.9653431622879,9
2024-09-17 14:11:12.479000,401.97507767405386,105
2024-09-17 14:11:12.494000,401.9873158585794,1001
2024-09-17 14:11:12.499000,401.95655908124905,7
2024-09-17 14:11:12.587000,401.9487939305263,8
2024-09-17 14:11:12.592000,402.00338183706566,101
2024-09-17 14:11:12.616000,402.0022409392352,102
2024-09-17 14:11:12.685000,401.9565684461622,104
2024-09-17 14:11:12.787000,401.9589062022521,105
2024-09-17 14:11:12.812000,401.95650446713387,103
2024-09-17 14:11:12.850000,401.9709527665563,102
2024-09-17 14:11:12.852000,401.97934959667407,5
2024-09-17 14:11:12.861000,402.0004042677128,1004
2024-09-17 14:11:12.949000,401.9670224157066,999
2024-09-17 14:11:13.065000,401.9707217650258,101
2024-09-17 14:11:13.151000,401.9720360220798,995
2024-09-17 14:11:13.160000,401.9836064129844,101
2024-09-17 14:11:13.191000,401.9915842454395,13
2024-09-17 14:11:13.255000,401.9860269876126,999
2024-09-17 14:11:13.260000,401.97057288952175,7
2024-09-17 14:11:13.502000,401.977783655927,14
2024-09-17 14:11:13.581000,401.96328446184873,7
2024-09-17 14:11:13.629000,402.0045878601837,14
2024-09-17 14:11:13.629000,401.9724284833917,13
2024-09-17 14:11:13.755000,401.9597685692119,998
2024-09-17 14:11:13.911000,401.9905238422159,103
2024-09-17 14:11:13.924000,401.9764751329736,100
2024-09-17 14:11:14.071000,402.05184293480846,14
2024-09-17 14:11:14.158000,402.0441967851352,996
2024-09-17 14:11:14.213000,401.9982047993876,99
2024-09-17 14:11:14.224000,402.0001905483919,15
2024-09-17 14:11:14.248000,402.02302996865086,1002
2024-09-17 14:11:14.407000,402.0072181298725,104
2024-09-17 14:11:14.444000,402.0222567620128,101
2024-09-17 14:11:14.447000,402.0296416687812,103
2024-09-17 14:11:14.746000,402.055599186224,102
2024-09-17 14:11:14.820000,401.9991946921104,9
2024-09-17 14:11:14.990000,402.033120149303,996
2024-09-17 14:11:15.014000,402.0389066561097,5
2024-09-17 14:11:15.029000,402.0730760316036,97
2024-09-17 14:11:15.032000,402.0364154127768,5
2024-09-17 14:11:15.065000,401.99883480789214,999
2024-09-17 14:11:15.272000,402.0489062991379,10
2024-09-17 14:11:15.282000,402.00527797068986,1001
2024-09-17 14:11:15.288000,402.0399577140726,10
2024-09-17 14:11:15.447000,402.0376955496785,1003
2024-09-17 14:11:15.500000,402.0234823145796,8
2024-09-17 14:11:15.508000,402.0384712963862,15
2024-09-17 14:11:15.774000,402.0166784531753,97
2024-09-17 14:11:15.795000,402.02513225312777,95
2024-09-17 14:11:15.852000,402.01867607708215,102
2024-09-17 14:11:15.869000,402.0377716144146,1005
2024-09-17 14:11:15.925000,402.0825140889756,96
2024-09-17 14:11:15.935000,402.0216653617955,102
2024-09-17 14:11:15.997000,402.0510416202925,1001
2024-09-17 14:11:16.066000,402.0799221298501,995
2024-09-17 14:11:16.190000,402.1663043161728,105
2024-09-17 14:11:16.247000,402.1733406917176,1004
2024-09-17 14:11:16.250000,402.08564087342216,14
2024-09-17 14:11:16.275000,402.1397409071517,7
2024-09-17 14:11:16.275000,402.0969742029931,102
2024-09-17 14:11:16.299000,402.1300905555246,5
2024-09-17 14:11:16.385000,402.12561168898895,100
2024-09-17 14:11:16.404000,402.1746605117816,1004
2024-09-17 14:11:16.449000,402.1085657379114,97
2024-09-17 14:11:16.451000,402.07549470329576,1003
2024-09-17 14:11:16.465000,402.14705103025807,10
2024-09-17 14:11:16.521000,402.14012533137696,1001
2024-09-17 14:11:16.581000,402.1227050319329,99
2024-09-17 14:11:16.617000,402.1741894165667,997
2024-09-17 14:11:16.640000,402.0818059225934,95
2024-09-17 14:11:16.702000,402.0613838782104,95
2024-09-17 14:11:16.706000,402.0641323038301,12
2024-09-17 14:11:16.738000,402.12119357685526,999
2024-09-17 14:11:16.868000,402.1840959387093,13
2024-09-17 14:11:16.885000,402.17483034519626,103
2024-09-17 14:11:16.915000,402.1237430303288,102
2024-09-17 14:11:16.924000,402.1920217470105,101
2024-09-17 14:11:16.970000,402.168102128873,101
2024-09-17 14:11:16.970000,402.16412609707714,996
2024-09-17 14:11:17.069000,402.12268000085055,1004
2024-09-17 14:11:17.211000,402.1495175844426,96
2024-09-17 14:11:17.211000,402.13589186469983,13
2024-09-17 14:11:17.315000,402.1779411526919,9
2024-09-17 14:11:17.346000,402.13525863782144,11
2024-09-17 14:11:17.371000,402.1354611550465,1004
2024-09-17 14:11:17.430000,402.1540722727758,5
2024-09-17 14:11:17.474000,402.13151686237256,96
2024-09-17 14:11:17.490000,402.1195274291723,1002
2024-09-17 14:11:17.631000,402.1384258123154,103
2024-09-17 14:11:17.647000,402.1724633750141,995
2024-09-17 14:11:17.779000,402.1401416295156,97
2024-09-17 14:11:17.814000,402.1771319746579,99
2024-09-17 14:11:17.844000,402.1500555572976,98
2024-09-17 14:11:17.969000,402.1476530748441,99
2024-09-17 14:11:18.029000,402.1161480821159,11
2024-09-17 14:11:18.038000,402.1067068234146,98
2024-09-17 14:11:18.134000,402.1094616065357,5
2024-09-17 14:11:18.167000,402.1169225605132,15
2024-09-17 14:11:18.354000,402.094379363838,97
2024-09-17 14:11:18.396000,402.14213750891776,5
2024-09-17 14:11:18.546000,402.1302045912765,1003
2024-09-17 14:11:18.553000,402.1151107182132,6
2024-09-17 14:11:18.591000,402.080954202234,102
2024-09-17 14:11:18.640000,402.0983941383087,1004
2024-09-17 14:11:18.651000,402.1203063194229,1005
2024-09-17 14:11:18.662000,402.0869507330528,15
2024-09-17 14:11:18.696000,402.1100592666705,11
2024-09-17 14:11:18.772000,402.1216732786041,103
2024-09-17 14:11:18.795000,402.1050965167333,995
2024-09-17 14:11:18.918000,402.0916285877334,6
2024-09-17 14:11:18.954000,402.1226174932472,99
2024-09-17 14:11:18.999000,402.08890585750265,99
2024-09-17 14:11:19.055000,402.1254245500688,14
2024-09-17 14:11:19.056000,402.1300840734836,95
2024-09-17 14:11:19.071000,402.1276553273136,998
2024-09-17 14:11:19.166000,402.1394613098821,98
2024-09-17 14:11:19.561000,402.13435347322,11
2024-09-17 14:11:19.850000,402.1296317049975,13
2024-09-17 14:11:19.991000,402.1272904041502,995
2024-09-17 14:11:20.047000,402.19611257362897,995
2024-09-17 14:11:20.110000,402.2031751701944,1000
2024-09-17 14:11:20.113000,402.1493802461668,5
2024-09-17 14:11:20.163000,402.13896805089104,101
2024-09-17 14:11:20.169000,402.20566793746,1001
2024-09-17 14:11:20.186000,402.13581069249216,12
2024-09-17 14:11:20.220000,402.21380878389726,6
2024-09-17 14:11:20.342000,402.1388832320849,11
2024-09-17 14:11:20.457000,402.1908363062219,995
2024-09-17 14:11:20.507000,402.1681938536785,98
2024-09-17 14:11:20.517000,402.20478633878827,9
2024-09-17 14:11:20.535000,402.1364494210537,95
2024-09-17 14:11:20.704000,402.15230734392975,100
2024-09-17 14:11:20.782000,402.14454960946665,10
2024-09-17 14:11:20.909000,402.1428772021413,102
2024-09-17 14:11:20.955000,402.14859789239085,998
2024-09-17 14:11:21.084000,402.1884479270764,13
2024-09-17 14:11:21.097000,402.1502349849866,8
2024-09-17 14:11:21.195000,402.1455144974109,997
2024-09-17 14:11:21.332000,402.1425520320586,102
2024-09-17 14:11:21.334000,402.14866460641065,95
2024-09-17 14:11:21.423000,402.209105232318,13
2024-09-17 14:11:21.454000,402.2164829172572,15
2024-09-17 14:11:21.471000,402.1842679817891,998
2024-09-17 14:11:21.576000,402.1641960224025,102
2024-09-17 14:11:21.594000,402.1998036562994,98
2024-09-17 14:11:21.613000,402.1848068358525,996
2024-09-17 14:11:21.714000,402.2040765704744,103
2024-09-17 14:11:21.802000,402.1550794886791,1005
2024-09-17 14:11:21.860000,402.14701178972274,7
2024-09-17 14:11:21.899000,402.1699656798495,15
2024-09-17 14:11:21.985000,402.1555954040626,14
2024-09-17 14:11:22.018000,402.1864512025799,102
2024-09-17 14:11:22.080000,402.10649992568,14
2024-09-17 14:11:22.088000,402.1379991678952,7
2024-09-17 14:11:22.089000,402.0997756469852,14
2024-09-17 14:11:22.109000,402.1352193715359,11
2024-09-17 14:11:22.138000,402.1978286281122,8
2024-09-17 14:11:22.146000,402.1018170192772,99
2024-09-17 14:11:22.181000,402.1273509680537,98
2024-09-17 14:11:22.200000,402.1925904046021,14
2024-09-17 14:11:22.248000,402.1071465580005,8
2024-09-17 14:11:22.361000,402.1769922680316,105
2024-09-17 14:11:22.378000,402.0957210753928,96
2024-09-17 14:11:22.416000,402.1352391560454,101
2024-09-17 14:11:22.589000,402.1773700657385,1001
2024-09-17 14:11:22.614000,402.1950536046248,13
2024-09-17 14:11:22.663000,402.1357198048975,102
2024-09-17 14:11:22.669000,402.10674648748335,1001
2024-09-17 14:11:22.709000,402.1017967189239,104
2024-09-17 14:11:22.721000,402.10628998726025,99
2024-09-17 14:11:22.797000,402.1942337746559,102
2024-09-17 14:11:22.844000,402.0946562253136,97
2024-09-17 14:11:22.869000,402.1640139709298,104
2024-09-17 14:11:22.874000,402.15658475242986,1005
2024-09-17 14:11:22.893000,402.1051099689961,98
2024-09-17 14:11:22.918000,402.1321836766633,997
2024-09-17 14:11:22.931000,402.1476082323932,996
2024-09-17 14:11:22.973000,402.114618659875,13
2024-09-17 14:11:23.108000,402.174724871319,104
2024-09-17 14:11:23.680000,402.19736895373313,103
2024-09-17 14:11:23.830000,402.1697379463529,995
2024-09-17 14:11:23.851000,402.18381637279896,6
2024-09-17 14:11:23.870000,402.1836054237306,102
2024-09-17 14:11:24.084000,402.1731423325139,997
2024-09-17 14:11:24.118000,402.1748058658768,14
2024-09-17 14:11:24.133000,402.1654555557744,1000
2024-09-17 14:11:24.154000,402.1781519365132,1000
2024-09-17 14:11:24.270000,402.1850291394816,7
2024-09-17 14:11:24.283000,402.18830550450366,1004
2024-09-17 14:11:24.291000,402.1911739665412,5
2024-09-17 14:11:24.345000,402.1596615638911,6
2024-09-17 14:11:24.526000,402.19888157322544,998
2024-09-17 14:11:24.586000,402.1830047722545,96
2024-09-17 14:11:24.590000,402.1518183287173,996
2024-09-17 14:11:24.688000,402.15550561251007,5
2024-09-17 14:11:24.891000,402.1704170187999,15
2024-09-17 14:11:24.991000,402.1734070754288,8
2024-09-17 14:11:25.009000,402.2075451032848,1004
2024-09-17 14:11:25.026000,402.1972656529896,6
2024-09-17 14:11:25.046000,402.2452964787478,7
2024-09-17 14:11:25.092000,402.23725354551647,100
2024-09-17 14:11:25.095000,402.214886169926,14
2024-09-17 14:11:25.128000,402.2211226266985,1001
2024-09-17 14:11:25.129000,402.18893775957946,12
2024-09-17 14:11:25.152000,402.1986592242976,997
2024-09-17 14:11:25.168000,402.1738078338421,103
2024-09-17 14:11:25.216000,402.2441602962627,102
2024-09-17 14:11:25.273000,402.1839690956357,105
2024-09-17 14:11:25.282000,402.1750394700216,100
2024-09-17 14:11:25.317000,402.2207625926879,14
2024-09-17 14:11:25.401000,402.2173103112332,104
2024-09-17 14:11:25.466000,402.2124619461305,997
2024-09-17 14:11:25.556000,402.2265632680415,1005
2024-09-17 14:11:25.573000,402.22637011547806,97
2024-09-17 14:11:25.578000,402.2063510623633,101
2024-09-17 14:11:25.660000,402.21090207740446,10
2024-09-17 14:11:25.671000,402.20897914993583,999
2024-09-17 14:11:25.687000,402.2072061213482,98
2024-09-17 14:11:25.696000,402.21127904843337,105
2024-09-17 14:11:25.710000,402.17480863686967,95
2024-09-17 14:11:25.727000,402.18787751105856,98
2024-09-17 14:11:25.731000,402.2182485084431,99
2024-09-17 14:11:25.809000,402.21548140458,8
2024-09-17 14:11:25.925000,402.184976380381,7
2024-09-17 14:11:25.957000,402.1857010268748,996
2024-09-17 14:11:26.019000,402.2214000986187,103
2024-09-17 14:11:26.043000,402.2481564476235,100
2024-09-17 14:11:26.051000,402.2371978921207,95
2024-09-17 14:11:26.063000,402.261846181928,9
2024-09-17 14:11:26.085000,402.2549180526618,7
2024-09-17 14:11:26.132000,402.213560275616,99
2024-09-17 14:11:26.168000,402.2277651015367,100
2024-09-17 14:11:26.171000,402.2595715000131,96
2024-09-17 14:11:26.194000,402.2857643147316,1003
2024-09-17 14:11:26.204000,402.2486645011941,5
2024-09-17 14:11:26.297000,402.2351611248855,999
2024-09-17 14:11:26.309000,402.2922567269087,102
2024-09-17 14:11:26.327000,402.2551992108859,995
2024-09-17 14:11:26.334000,402.2121792795672,97
2024-09-17 14:11:26.347000,402.229206579224,105
2024-09-17 14:11:26.435000,402.2318396328648,104
2024-09-17 14:11:26.482000,402.2577098063269,11
2024-09-17 14:11:26.545000,402.21891362196817,6
2024-09-17 14:11:26.556000,402.2772319353016,7
2024-09-17 14:11:26.681000,402.226215899705,996
2024-09-17 14:11:26.690000,402.2298024541458,101
2024-09-17 14:11:26.691000,402.2492493012964,103
2024-09-17 14:11:26.849000,402.2734154364438,14
2024-09-17 14:11:26.922000,402.2506144117265,12
2024-09-17 14:11:26.943000,402.2361763396629,1001
2024-09-17 14:11:26.953000,402.2157275118744,100
2024-09-17 14:11:27.133000,402.2560882795226,102
2024-09-17 14:11:27.313000,402.2689093849563,13
2024-09-17 14:11:27.486000,402.26894997121633,13
2024-09-17 14:11:27.490000,402.25128720655295,99
2024-09-17 14:11:27.591000,402.25987109287473,99
2024-09-17 14:11:27.713000,402.2513198396643,11
2024-09-17 14:11:27.728000,402.25849046053526,995
2024-09-17 14:11:27.929000,402.2536047355362,7
2024-09-17 14:11:28.494000,402.26654061419714,12
2024-09-17 14:11:28.804000,402.2660554893296,1002
2024-09-17 14:11:28.993000,402.269857379507,101
2024-09-17 14:11:29.021000,402.2679268803356,1000
2024-09-17 14:11:29.474000,402.2601106536736,103
2024-09-17 14:11:29.572000,402.27225030858665,96
2024-09-17 14:11:29.729000,402.2569568496052,998
2024-09-17 14:11:29.752000,402.2601327041842,10
2024-09-17 14:11:29.757000,402.2828212168604,104
2024-09-17 14:11:29.807000,402.2670891673386,102
2024-09-17 14:11:30.014000,402.2802900183093,13
2024-09-17 14:11:30.038000,402.26557196974767,5
2024-09-17 14:11:30.075000,402.2713395398396,10
2024-09-17 14:11:30.194000,402.2792796608123,11
2024-09-17 14:11:30.223000,402.2760652160936,98
2024-09-17 14:11:30.476000,402.2808317720166,1003
2024-09-17 14:11:30.860000,402.2667837193538,97
2024-09-17 14:11:30.861000,402.2806512756965,8
2024-09-17 14:11:30.885000,402.2792835739724,105
2024-09-17 14:11:31.012000,402.2163687584256,1003
2024-09-17 14:11:31.104000,402.1914566012949,102
2024-09-17 14:11:31.137000,402.2193636426327,7
2024-09-17 14:11:31.451000,402.2402640065387,105
2024-09-17 14:11:31.616000,402.1845196459769,995
2024-09-17 14:11:31.747000,402.1963779358763,95
2024-09-17 14:11:31.768000,402.1992916999455,1004
2024-09-17 14:11:31.792000,402.2040229038476,7
2024-09-17 14:11:31.793000,402.2127641375366,96
2024-09-17 14:11:31.816000,402.17743739066674,7
2024-09-17 14:11:31.861000,402.197240397362,7
2024-09-17 14:11:31.916000,402.2289370818969,98
2024-09-17 14:11:31.918000,402.2448179438523,999
2024-09-17 14:11:31.920000,402.1953899518332,98
2024-09-17 14:11:32.038000,402.2321480331098,102
2024-09-17 14:11:32.046000,402.208048069622,101
2024-09-17 14:11:32.052000,402.2181111057904,995
2024-09-17 14:11:32.064000,402.2073776316824,11
2024-09-17 14:11:32.228000,402.1964450155899,1001
2024-09-17 14:11:32.260000,402.1995502376533,1005
2024-09-17 14:11:32.291000,402.20159917611295,98
2024-09-17 14:11:32.353000,402.1961803388031,105
2024-09-17 14:11:32.368000,402.20081683542486,97
2024-09-17 14:11:32.378000,402.19823900265584,97
2024-09-17 14:11:32.481000,402.2097400097002,998
2024-09-17 14:11:32.564000,402.23139789633234,6
2024-09-17 14:11:32.662000,402.2077161558344,1003
2024-09-17 14:11:32.672000,402.2148433737138,98
2024-09-17 14:11:32.698000,402.2065926721584,97
2024-09-17 14:11:32.721000,402.2132477609088,12
2024-09-17 14:11:32.770000,402.2089191657356,104
2024-09-17 14:11:32.774000,402.2268992786925,6
2024-09-17 14:11:32.782000,402.1991551612431,99
2024-09-17 14:11:32.958000,402.2138474599735,100
2024-09-17 14:11:33.012000,402.2394733072552,1000
2024-09-17 14:11:33.025000,402.2449170699169,103
2024-09-17 14:11:33.048000,402.2395173862481,6
2024-09-17 14:11:33.061000,402.229035206447,996
2024-09-17 14:11:33.065000,402.2437591103156,1001
2024-09-17 14:11:33.132000,402.2291800021666,100
2024-09-17 14:11:33.162000,402.2485982070044,103
2024-09-17 14:11:33.191000,402.2624055517357,1003
2024-09-17 14:11:33.200000,402.2124835562686,8
2024-09-17 14:11:33.213000,402.235885776438,1004
2024-09-17 14:11:33.269000,402.2391066891252,11
2024-09-17 14:11:33.336000,402.2596580943562,10
2024-09-17 14:11:33.370000,402.26892487236455,8
2024-09-17 14:11:33.516000,402.22243885163215,13
2024-09-17 14:11:33.542000,402.2328277862784,5
2024-09-17 14:11:33.553000,402.2420856536911,1005
2024-09-17 14:11:33.558000,402.2344077131188,99
2024-09-17 14:11:33.570000,402.24150571722873,101
2024-09-17 14:11:33.570000,402.2485569856107,12
2024-09-17 14:11:33.616000,402.254549747604,995
2024-09-17 14:11:33.640000,402.2249471032664,5
2024-09-17 14:11:33.646000,402.2515313354528,100
2024-09-17 14:11:33.669000,402.2305515548322,15
2024-09-17 14:11:33.702000,402.2362039773185,8
2024-09-17 14:11:33.775000,402.2479055464017,96
2024-09-17 14:11:33.789000,402.2221024497271,5
2024-09-17 14:11:33.790000,402.2440144967678,10
2024-09-17 14:11:33.829000,402.24824627773415,1005
2024-09-17 14:11:33.944000,402.293479450982,10
2024-09-17 14:11:34.062000,402.1891811263841,996
2024-09-17 14:11:34.127000,402.2279953285256,1002
2024-09-17 14:11:34.231000,402.22084670614623,95
2024-09-17 14:11:34.278000,402.2085178839548,15
2024-09-17 14:11:34.320000,402.222273978256,10
2024-09-17 14:11:34.348000,402.21320534773264,1000
2024-09-17 14:11:34.471000,402.1819135754252,1001
2024-09-17 14:11:34.583000,402.2172333671912,98
2024-09-17 14:11:34.608000,402.229005197424,1000
2024-09-17 14:11:34.633000,402.20189603123447,96
2024-09-17 14:11:34.663000,402.2340504766035,8
2024-09-17 14:11:34.784000,402.2279734474989,8
2024-09-17 14:11:34.859000,402.174627637733,98
2024-09-17 14:11:34.900000,402.2045601494291,1005
2024-09-17 14:11:34.937000,402.2258439216126,14
2024-09-17 14:11:34.994000,402.2038593174089,997
2024-09-17 14:11:35.131000,402.1894677588957,98
2024-09-17 14:11:35.138000,402.18164814592126,105
2024-09-17 14:11:35.174000,402.1818202568642,101
2024-09-17 14:11:35.221000,402.14632343937234,97
2024-09-17 14:11:35.240000,402.17049831059126,104
2024-09-17 14:11:35.247000,402.19618387710153,100
2024-09-17 14:11:35.263000,402.1584116232996,1003
2024-09-17 14:11:35.334000,402.1785188313424,104
2024-09-17 14:11:35.599000,402.16777451697055,13
2024-09-17 14:11:35.671000,402.1670241030869,5
2024-09-17 14:11:35.742000,402.1843148484851,14
2024-09-17 14:11:35.823000,402.16299398936366,1004
2024-09-17 14:11:35.997000,402.156531164334,5
2024-09-17 14:11:36.089000,402.142364706686,1001
2024-09-17 14:11:36.455000,402.147128501152,95
2024-09-17 14:11:36.488000,402.1571134308058,995
2024-09-17 14:11:36.506000,402.12973635497417,98
2024-09-17 14:11:37.043000,402.14722028632457,105
2024-09-17 14:11:37.123000,402.1177722668874,1004
2024-09-17 14:11:37.138000,402.1454241956887,101
2024-09-17 14:11:37.185000,402.14599722394496,1004
2024-09-17 14:11:37.337000,402.1144191560919,99
2024-09-17 14:11:37.714000,402.1385772086843,95
2024-09-17 14:11:37.769000,402.1347641893146,9
2024-09-17 14:11:37.795000,402.1400459910009,99
2024-09-17 14:11:38.016000,402.1409111854582,95
2024-09-17 14:11:38.048000,402.15077999918304,15
2024-09-17 14:11:38.091000,402.1461440785708,101
2024-09-17 14:11:38.092000,402.112565734435,99
2024-09-17 14:11:38.161000,402.13291696865394,11
2024-09-17 14:11:38.185000,402.1363325423813,5
2024-09-17 14:11:38.387000,402.1205878373013,95
2024-09-17 14:11:38.405000,402.1226579088772,13
2024-09-17 14:11:38.470000,402.1299620278608,98
2024-09-17 14:11:38.595000,402.1061763672493,1002
2024-09-17 14:11:38.692000,402.1226688128233,13
2024-09-17 14:11:39.007000,402.1243383851418,103
2024-09-17 14:11:39.068000,402.1287237709949,103
2024-09-17 14:11:39.103000,402.1192620181756,1001
2024-09-17 14:11:39.159000,402.1183752788568,1002
2024-09-17 14:11:39.161000,402.1316245024426,7
2024-09-17 14:11:39.182000,402.1016388620559,103
2024-09-17 14:11:39.197000,402.0999600424518,997
2024-09-17 14:11:39.198000,402.1069738136028,13
2024-09-17 14:11:39.221000,402.0875815007929,96
2024-09-17 14:11:39.322000,402.08066564115074,999
2024-09-17 14:11:39.331000,402.1500214962057,12
2024-09-17 14:11:39.425000,402.12421004895697,997
2024-09-17 14:11:39.428000,402.1179624191016,11
2024-09-17 14:11:39.484000,402.1148088877614,1000
2024-09-17 14:11:39.495000,402.12419899177934,95
2024-09-17 14:11:39.517000,402.1068222249346,1002
2024-09-17 14:11:39.546000,402.14866681619054,9
2024-09-17 14:11:39.650000,402.110437122327,8
2024-09-17 14:11:39.669000,402.106805881004,996
2024-09-17 14:11:39.669000,402.1027490757752,998
2024-09-17 14:11:39.706000,402.1115579759192,98
2024-09-17 14:11:39.735000,402.1097054774952,98
2024-09-17 14:11:39.737000,402.1184705647812,97
2024-09-17 14:11:39.813000,402.0669045573324,13
2024-09-17 14:11:39.842000,402.1090412845323,101
2024-09-17 14:11:39.879000,402.118173122243,14
2024-09-17 14:11:39.885000,402.12620626496135,1004
2024-09-17 14:11:39.939000,402.09040579724666,14
2024-09-17 14:11:40.042000,402.06103367709824,995
2024-09-17 14:11:40.062000,402.1299046799576,12
2024-09-17 14:11:40.128000,402.0922716703548,104
2024-09-17 14:11:40.204000,402.1298384479096,1003
2024-09-17 14:11:40.322000,402.1447620672929,96
2024-09-17 14:11:40.330000,402.1437596656447,1003
2024-09-17 14:11:40.336000,402.1480703567138,1002
2024-09-17 14:11:40.392000,402.1396037334844,97
2024-09-17 14:11:40.403000,402.0983343624446,96
2024-09-17 14:11:40.411000,402.1260370239676,8
2024-09-17 14:11:40.418000,402.1242626631499,8
2024-09-17 14:11:40.436000,402.1691654499113,103
2024-09-17 14:11:40.462000,402.1643579330219,103
2024-09-17 14:11:40.480000,402.07644857302336,98
2024-09-17 14:11:40.616000,402.13998937188927,98
2024-09-17 14:11:40.671000,402.1369548660388,10
2024-09-17 14:11:40.790000,402.1527274674441,13
2024-09-17 14:11:40.793000,402.1352133662031,96
2024-09-17 14:11:40.836000,402.12535924397815,998
2024-09-17 14:11:40.844000,402.078918807006,996
2024-09-17 14:11:40.946000,402.06666465496784,15
2024-09-17 14:11:40.961000,402.14302082598704,99
2024-09-17 14:11:40.970000,402.1379207181403,995
2024-09-17 14:11:41.080000,402.121859762105,9
2024-09-17 14:11:41.099000,402.118676880397,11
2024-09-17 14:11:41.179000,402.1143451342504,10
2024-09-17 14:11:41.188000,402.1035540231815,1005
2024-09-17 14:11:41.300000,402.1281815227464,102
2024-09-17 14:11:41.327000,402.14665072770265,13
2024-09-17 14:11:41.415000,402.1372758455853,100
2024-09-17 14:11:41.433000,402.1135286805206,1005
2024-09-17 14:11:41.442000,402.1124151501523,104
2024-09-17 14:11:41.455000,402.1125655601776,6
2024-09-17 14:11:41.648000,402.1327632277549,100
2024-09-17 14:11:41.658000,402.1098749735392,998
2024-09-17 14:11:41.667000,402.1310454712802,101
2024-09-17 14:11:41.799000,402.1291877929409,995
2024-09-17 14:11:41.822000,402.1312321195388,101
2024-09-17 14:11:41.879000,402.13633835478,999
2024-09-17 14:11:41.908000,402.1169152319536,6
2024-09-17 14:11:41.918000,402.121876536784,1002
2024-09-17 14:11:42.068000,402.14848868908336,1003
2024-09-17 14:11:42.077000,402.1478703927376,13
2024-09-17 14:11:42.292000,402.1401299315377,101
2024-09-17 14:11:42.440000,402.14927439393705,9
2024-09-17 14:11:42.658000,402.1116585751541,1001
2024-09-17 14:11:42.681000,402.1428047072837,11
2024-09-17 14:11:42.707000,402.142914727343,105
2024-09-17 14:11:42.714000,402.1382587666933,6
2024-09-17 14:11:42.722000,402.131933814696,1005
2024-09-17 14:11:42.925000,402.1351567197557,103
2024-09-17 14:11:43.006000,402.1576969657481,996
2024-09-17 14:11:43.016000,402.15142213701387,997
2024-09-17 14:11:43.185000,402.1498125420011,997
2024-09-17 14:11:43.197000,402.1598217969606,104
2024-09-17 14:11:43.238000,402.1585556988192,9
2024-09-17 14:11:43.264000,402.145310341259,7
2024-09-17 14:11:43.554000,402.1458977933754,13
2024-09-17 14:11:43.613000,402.1502289568893,995
2024-09-17 14:11:43.614000,402.1565405753285,13
2024-09-17 14:11:43.691000,402.14791049185567,1002
2024-09-17 14:11:43.725000,402.15303132571177,96
2024-09-17 14:11:44.287000,402.1694860539672,102
2024-09-17 14:11:44.620000,402.1568245904143,1004
2024-09-17 14:11:45.942000,402.1715979874987,7
2024-09-17 14:11:46.007000,402.21419044897607,1005
2024-09-17 14:11:46.115000,402.1972417305447,9
2024-09-17 14:11:46.177000,402.1724408918509,1001
2024-09-17 14:11:46.196000,402.1818484454198,1004
2024-09-17 14:11:46.266000,402.208328933257,10
2024-09-17 14:11:46.266000,402.14941669012126,9
2024-09-17 14:11:46.283000,402.1648182279046,104
2024-09-17 14:11:46.372000,402.215076206906,95
2024-09-17 14:11:46.377000,402.1605450968274,995
2024-09-17 14:11:46.393000,402.1910295711679,95
2024-09-17 14:11:46.404000,402.1798541367186,7
2024-09-17 14:11:46.515000,402.156729979993,11
2024-09-17 14:11:46.535000,402.1787989373316,99
2024-09-17 14:11:46.560000,402.18045153537423,104
2024-09-17 14:11:46.561000,402.178207343046,1003
2024-09-17 14:11:46.602000,402.2080448842391,995
2024-09-17 14:11:46.655000,402.1418117618883,104
2024-09-17 14:11:46.699000,402.1717429259744,14
2024-09-17 14:11:46.786000,402.20256755517664,11
2024-09-17 14:11:46.794000,402.1570493838716,1004
2024-09-17 14:11:46.843000,402.18177300944745,96
2024-09-17 14:11:47.082000,402.0944347772901,95
2024-09-17 14:11:47.138000,402.0980246630648,14
2024-09-17 14:11:47.180000,402.10436596277367,100
2024-09-17 14:11:47.215000,402.1278692793581,6
2024-09-17 14:11:47.296000,402.134954581689,8
2024-09-17 14:11:47.347000,402.1284015281348,12
2024-09-17 14:11:47.390000,402.0865873601242,8
2024-09-17 14:11:47.403000,402.1248382273495,5
2024-09-17 14:11:47.493000,402.1386759646427,995
2024-09-17 14:11:47.519000,402.11586029000495,14
2024-09-17 14:11:47.523000,402.1383493084036,12
2024-09-17 14:11:47.546000,402.1056361843853,105
2024-09-17 14:11:47.585000,402.1124650354071,14
2024-09-17 14:11:47.742000,402.1216868047502,11
2024-09-17 14:11:47.820000,402.1254898562134,998
2024-09-17 14:11:47.852000,402.0918370235311,101
2024-09-17 14:11:47.875000,402.07444964584266,10
2024-09-17 14:11:47.906000,402.1216619872439,997
2024-09-17 14:11:47.919000,402.13011847528713,97
2024-09-17 14:11:47.975000,402.07505911489545,1001
2024-09-17 14:11:48.005000,402.2091585751453,1001
2024-09-17 14:11:48.006000,402.1894471810489,97
2024-09-17 14:11:48.195000,402.20761247364806,1003
2024-09-17 14:11:48.341000,402.1979304317041,1001
2024-09-17 14:11:48.412000,402.1952915100817,13
2024-09-17 14:11:48.426000,402.19512869697945,7
2024-09-17 14:11:48.616000,402.22722920745537,999
2024-09-17 14:11:48.765000,402.19281281399975,13
2024-09-17 14:11:48.766000,402.1971399616119,8
2024-09-17 14:11:48.799000,402.1987856331325,1001
2024-09-17 14:11:48.866000,402.1600727253598,997
2024-09-17 14:11:48.869000,402.1977982462152,6
2024-09-17 14:11:48.877000,402.19302596870006,998
2024-09-17 14:11:48.993000,402.1826129177592,1001
2024-09-17 14:11:49.143000,402.2143362747127,1001
2024-09-17 14:11:49.612000,402.232816663304,95
2024-09-17 14:11:49.660000,402.222197002799,14
2024-09-17 14:11:49.928000,402.21132334593045,1000
2024-09-17 14:11:50.269000,402.2230492435671,999
2024-09-17 14:11:50.390000,402.1940996841015,6
2024-09-17 14:11:50.490000,402.2442968448297,995
2024-09-17 14:11:50.699000,402.2427625968425,997
2024-09-17 14:11:50.899000,402.20989613708736,14
2024-09-17 14:11:50.981000,402.19732732408966,105
2024-09-17 14:11:51.425000,402.25005277725546,102
2024-09-17 14:11:51.510000,402.24316369969006,7
2024-09-17 14:11:51.668000,402.246381349676,1005
2024-09-17 14:11:52.078000,402.2707426146114,105
2024-09-17 14:11:52.554000,402.259674790048,8
2024-09-17 14:11:52.671000,402.2558972438649,101
2024-09-17 14:11:52.822000,402.2433024611151,1003
2024-09-17 14:11:53.005000,402.3858207640254,104
2024-09-17 14:11:53.066000,402.391208820993,95
2024-09-17 14:11:53.087000,402.3791956935698,98
2024-09-17 14:11:53.150000,402.39038448393,97
2024-09-17 14:11:53.163000,402.3252147475821,5
2024-09-17 14:11:53.256000,402.3759771441182,99
2024-09-17 14:11:53.279000,402.3079911391278,13
2024-09-17 14:11:53.354000,402.3092679146726,6
2024-09-17 14:11:53.399000,402.3311346184296,996
2024-09-17 14:11:53.460000,402.3106963511283,102
2024-09-17 14:11:53.478000,402.3734565012431,104
2024-09-17 14:11:53.531000,402.275722062961,10
2024-09-17 14:11:53.552000,402.2580619944384,99
2024-09-17 14:11:53.658000,402.3350450387444,996
2024-09-17 14:11:53.671000,402.3870443905546,99
2024-09-17 14:11:53.689000,402.3944652217343,98
2024-09-17 14:11:53.788000,402.25683456517066,105
2024-09-17 14:11:53.806000,402.4136091852832,104
2024-09-17 14:11:53.838000,402.36918812675935,8
2024-09-17 14:11:53.903000,402.29618487041085,95
2024-09-17 14:11:53.937000,402.3597724215463,14
2024-09-17 14:11:53.997000,402.3686137371234,14
2024-09-17 14:11:54.049000,402.45568656592224,1002
2024-09-17 14:11:54.064000,402.4199267916727,6
2024-09-17 14:11:54.128000,402.468755658896,97
2024-09-17 14:11:54.145000,402.4749422840744,10
2024-09-17 14:11:54.330000,402.4283639687602,103
2024-09-17 14:11:54.470000,402.4624121465326,100
2024-09-17 14:11:54.561000,402.46621520304535,103
2024-09-17 14:11:54.654000,402.47651398081496,1002
2024-09-17 14:11:54.747000,402.42975077271103,98
2024-09-17 14:11:54.798000,402.4734558078909,1002
2024-09-17 14:11:54.802000,402.46315117093087,97
2024-09-17 14:11:54.805000,402.4284489932384,99
2024-09-17 14:11:54.880000,402.448931084829,1000
2024-09-17 14:11:54.918000,402.47210505308817,1003
2024-09-17 14:11:54.935000,402.4494925244711,996
2024-09-17 14:11:55.035000,402.4089529246274,1001
2024-09-17 14:11:55.276000,402.4230425256189,96
2024-09-17 14:11:55.409000,402.40134332324897,995
2024-09-17 14:11:55.467000,402.4258693894246,11
2024-09-17 14:11:55.518000,402.4111199270386,996
2024-09-17 14:11:55.541000,402.44015072610216,102
2024-09-17 14:11:55.546000,402.4515426705455,105
2024-09-17 14:11:55.659000,402.4088731485608,8
2024-09-17 14:11:55.821000,402.4595491774182,1003
2024-09-17 14:11:55.830000,402.4238623942453,13
2024-09-17 14:11:55.885000,402.4466433526613,995
2024-09-17 14:11:55.890000,402.41289095467874,104
2024-09-17 14:11:55.894000,402.4389994863016,1001
2024-09-17 14:11:55.926000,402.4094300235012,10
2024-09-17 14:11:56.019000,402.4816201112608,1005
2024-09-17 14:11:56.032000,402.48102850089424,95
2024-09-17 14:11:56.070000,402.5387907954945,1001
2024-09-17 14:11:56.073000,402.5244860306355,13
2024-09-17 14:11:56.127000,402.5062786919567,12
2024-09-17 14:11:56.190000,402.4896510815205,5
2024-09-17 14:11:56.211000,402.5089085631487,1003
2024-09-17 14:11:56.213000,402.5098536661784,10
2024-09-17 14:11:56.249000,402.4713965178749,1005
2024-09-17 14:11:56.280000,402.4757164479759,11
2024-09-17 14:11:56.463000,402.528166504569,13
2024-09-17 14:11:56.518000,402.5433881733523,1005
2024-09-17 14:11:56.570000,402.5220631780844,97
2024-09-17 14:11:56.579000,402.5156350126575,996
2024-09-17 14:11:56.588000,402.5083037287743,1004
2024-09-17 14:11:56.654000,402.53816300299394,996
2024-09-17 14:11:56.669000,402.525451418125,997
2024-09-17 14:11:56.683000,402.5032638526399,95
2024-09-17 14:11:56.766000,402.5430233022578,98
2024-09-17 14:11:56.802000,402.5399812296667,11
2024-09-17 14:11:56.868000,402.5167160018971,11
2024-09-17 14:11:56.874000,402.5192123173196,14
2024-09-17 14:11:56.881000,402.54458845416514,14
2024-09-17 14:11:56.971000,402.5437941737314,995
2024-09-17 14:11:56.991000,402.5488768269206,6
2024-09-17 14:11:57.026000,402.5131084236713,7
2024-09-17 14:11:57.056000,402.52837436049936,103
2024-09-17 14:11:57.167000,402.51670879826656,96
2024-09-17 14:11:57.323000,402.5464862959384,99
2024-09-17 14:11:57.443000,402.5234404802792,99
2024-09-17 14:11:57.532000,402.5202564398925,103
2024-09-17 14:11:57.671000,402.518827252746,996
2024-09-17 14:11:57.744000,402.5161034520623,104
2024-09-17 14:11:57.750000,402.5224012624025,99
2024-09-17 14:11:57.861000,402.4982874662179,7
2024-09-17 14:11:57.874000,402.5261404277104,1003
2024-09-17 14:11:57.950000,402.5398690606432,99
2024-09-17 14:11:57.980000,402.5356708362159,6
2024-09-17 14:11:58.045000,402.6222403413466,995
2024-09-17 14:11:58.046000,402.5796660152994,998
2024-09-17 14:11:58.049000,402.56569419811393,10
2024-09-17 14:11:58.091000,402.5533939707228,998
2024-09-17 14:11:58.101000,402.57759072715305,8
2024-09-17 14:11:58.109000,402.6074851462104,98
2024-09-17 14:11:58.147000,402.589580482748,5
2024-09-17 14:11:58.218000,402.5638716385935,104
2024-09-17 14:11:58.257000,402.565196958684,1001
2024-09-17 14:11:58.330000,402.5792803811772,7
2024-09-17 14:11:58.367000,402.5662588218908,6
2024-09-17 14:11:58.462000,402.59397096807214,8
2024-09-17 14:11:58.530000,402.54844428189534,1001
2024-09-17 14:11:58.571000,402.56921088393193,105
2024-09-17 14:11:58.595000,402.55551867128304,12
2024-09-17 14:11:58.596000,402.5680958758043,6
2024-09-17 14:11:58.614000,402.5679507623988,13
2024-09-17 14:11:58.689000,402.5659698211284,103
2024-09-17 14:11:58.704000,402.5698645520247,996
2024-09-17 14:11:58.713000,402.54375366645854,104
2024-09-17 14:11:58.877000,402.5920846135275,12
2024-09-17 14:11:58.929000,402.5724953840983,96
2024-09-17 14:11:58.940000,402.6072762556301,1002
2024-09-17 14:11:59.249000,402.5653449841631,95
2024-09-17 14:11:59.639000,402.56730030214055,1005
2024-09-17 14:11:59.794000,402.56289989309664,14
