Timestamp,Price,Size
2024-09-20 10:20:00.023000,424.3775853767397,996
2024-09-20 10:20:00.032000,424.4722944344425,105
2024-09-20 10:20:00.060000,424.44550356182367,13
2024-09-20 10:20:00.066000,424.3707404552127,6
2024-09-20 10:20:00.105000,424.4417308939556,100
2024-09-20 10:20:00.107000,424.4527371292913,100
2024-09-20 10:20:00.233000,424.4514330301616,10
2024-09-20 10:20:00.234000,424.4614000260081,104
2024-09-20 10:20:00.260000,424.4623999634958,14
2024-09-20 10:20:00.319000,424.3684962347538,11
2024-09-20 10:20:00.352000,424.37533100443926,6
2024-09-20 10:20:00.395000,424.43941057369256,8
2024-09-20 10:20:00.417000,424.3335642595108,11
2024-09-20 10:20:00.517000,424.4550373249014,13
2024-09-20 10:20:00.591000,424.4936839270499,96
2024-09-20 10:20:00.655000,424.4676574842479,7
2024-09-20 10:20:00.670000,424.48284164775936,14
2024-09-20 10:20:00.737000,424.4204407023854,104
2024-09-20 10:20:00.792000,424.3313843859354,96
2024-09-20 10:20:00.817000,424.4001245301053,96
2024-09-20 10:20:00.844000,424.3997609821571,7
2024-09-20 10:20:00.858000,424.4557994230817,104
2024-09-20 10:20:00.912000,424.3776926639652,1005
2024-09-20 10:20:00.922000,424.46044953248366,6
2024-09-20 10:20:00.940000,424.50330458467465,99
2024-09-20 10:20:01.023000,424.3058782256783,6
2024-09-20 10:20:01.056000,424.31022955787057,1001
2024-09-20 10:20:01.116000,424.27996481224113,7
2024-09-20 10:20:01.354000,424.2742698417791,14
2024-09-20 10:20:01.393000,424.3237037610841,1005
2024-09-20 10:20:01.442000,424.2823847689013,1004
2024-09-20 10:20:01.447000,424.3437013971783,105
2024-09-20 10:20:01.575000,424.3305768021039,999
2024-09-20 10:20:01.609000,424.3424570127066,10
2024-09-20 10:20:01.610000,424.31327775516814,1004
2024-09-20 10:20:01.633000,424.3030685203383,8
2024-09-20 10:20:01.725000,424.33273727591416,14
2024-09-20 10:20:01.764000,424.36344198016167,1005
2024-09-20 10:20:01.849000,424.32021726310927,9
2024-09-20 10:20:01.881000,424.3248993150015,1000
2024-09-20 10:20:01.945000,424.28564336546594,1004
2024-09-20 10:20:02.063000,424.3743539596354,996
2024-09-20 10:20:02.129000,424.3476324422092,14
2024-09-20 10:20:02.273000,424.3994102430845,96
2024-09-20 10:20:02.322000,424.3520926753095,995
2024-09-20 10:20:02.396000,424.3575933368719,995
2024-09-20 10:20:02.409000,424.3557347118487,1002
2024-09-20 10:20:02.421000,424.34426680085016,5
2024-09-20 10:20:02.456000,424.340350686296,1004
2024-09-20 10:20:02.484000,424.3567344696895,1003
2024-09-20 10:20:02.518000,424.3668769330567,996
2024-09-20 10:20:02.549000,424.4032595703988,5
2024-09-20 10:20:02.563000,424.34193944457,1002
2024-09-20 10:20:02.676000,424.3701135168861,95
2024-09-20 10:20:02.707000,424.3359923421144,995
2024-09-20 10:20:02.713000,424.3672552546012,101
2024-09-20 10:20:02.725000,424.33987985494656,1002
2024-09-20 10:20:02.830000,424.3377572585592,105
2024-09-20 10:20:02.856000,424.3587588486942,14
2024-09-20 10:20:02.884000,424.4027716211515,102
2024-09-20 10:20:02.954000,424.3489586204003,105
2024-09-20 10:20:02.956000,424.3431885902776,101
2024-09-20 10:20:03.687000,424.3727680989319,11
2024-09-20 10:20:03.730000,424.3710508064036,1002
2024-09-20 10:20:03.946000,424.38815126091777,103
2024-09-20 10:20:03.968000,424.3784376442852,1004
2024-09-20 10:20:04.091000,424.39355390249045,1002
2024-09-20 10:20:04.115000,424.3938730803042,1005
2024-09-20 10:20:04.163000,424.3652148072661,1001
2024-09-20 10:20:04.316000,424.3245797560333,999
2024-09-20 10:20:04.338000,424.3206904653149,1002
2024-09-20 10:20:04.373000,424.3703236986083,96
2024-09-20 10:20:04.411000,424.3855792967376,9
2024-09-20 10:20:04.417000,424.3475361938524,1003
2024-09-20 10:20:04.466000,424.3832985793609,101
2024-09-20 10:20:04.477000,424.3817285093981,1000
2024-09-20 10:20:04.538000,424.3670138046541,1004
2024-09-20 10:20:04.551000,424.3941289430036,105
2024-09-20 10:20:04.556000,424.3664375367987,102
2024-09-20 10:20:04.572000,424.3921046126955,100
2024-09-20 10:20:04.612000,424.3958766089465,995
2024-09-20 10:20:04.665000,424.34700717815286,1005
2024-09-20 10:20:04.678000,424.3854233677054,101
2024-09-20 10:20:04.729000,424.3790158018609,95
2024-09-20 10:20:04.734000,424.3600805989759,1004
2024-09-20 10:20:04.767000,424.3871018975237,102
2024-09-20 10:20:04.782000,424.3655719387525,6
2024-09-20 10:20:04.829000,424.3638781645471,996
2024-09-20 10:20:04.830000,424.38657379553865,12
2024-09-20 10:20:04.963000,424.34255924903937,105
2024-09-20 10:20:04.979000,424.3754057726204,98
2024-09-20 10:20:04.983000,424.3545350928503,98
2024-09-20 10:20:05.285000,424.36922849837606,8
2024-09-20 10:20:05.758000,424.36816914480113,5
2024-09-20 10:20:06.027000,424.3588865489575,11
2024-09-20 10:20:06.060000,424.3692952545119,102
2024-09-20 10:20:06.118000,424.3503923347548,99
2024-09-20 10:20:06.184000,424.3837050298434,102
2024-09-20 10:20:06.303000,424.3866652681043,5
2024-09-20 10:20:06.325000,424.3714784360428,998
2024-09-20 10:20:06.342000,424.3814512482258,14
2024-09-20 10:20:06.381000,424.3634917252133,14
2024-09-20 10:20:06.501000,424.360729845073,95
2024-09-20 10:20:06.506000,424.3786226750189,998
2024-09-20 10:20:06.528000,424.3815823501971,9
2024-09-20 10:20:06.550000,424.3514059182867,998
2024-09-20 10:20:06.596000,424.3468162376109,99
2024-09-20 10:20:06.626000,424.3669218899285,98
2024-09-20 10:20:06.715000,424.3526223461258,103
2024-09-20 10:20:06.751000,424.3873156360639,7
2024-09-20 10:20:06.828000,424.3616184808169,100
2024-09-20 10:20:06.832000,424.3450778431994,101
2024-09-20 10:20:06.850000,424.3987024320808,6
2024-09-20 10:20:06.869000,424.3552332686823,100
2024-09-20 10:20:06.956000,424.3610924705533,996
2024-09-20 10:20:06.993000,424.37935784532624,997
2024-09-20 10:20:07.056000,424.3464984928464,995
2024-09-20 10:20:07.115000,424.389664884536,103
2024-09-20 10:20:07.176000,424.3485796649733,998
2024-09-20 10:20:07.302000,424.3502088988546,100
2024-09-20 10:20:07.322000,424.3689682814568,1004
2024-09-20 10:20:07.385000,424.3475840985989,100
2024-09-20 10:20:07.396000,424.33520921478384,6
2024-09-20 10:20:07.400000,424.3765255624991,105
2024-09-20 10:20:07.441000,424.3525560276156,9
2024-09-20 10:20:07.516000,424.3562955646217,10
2024-09-20 10:20:07.544000,424.3641518137218,96
2024-09-20 10:20:07.559000,424.3346072916032,104
2024-09-20 10:20:07.637000,424.3506959450752,998
2024-09-20 10:20:07.682000,424.36436576834296,9
2024-09-20 10:20:07.708000,424.3650474782282,1001
2024-09-20 10:20:07.740000,424.36582330282505,1003
2024-09-20 10:20:07.753000,424.3330752238664,98
2024-09-20 10:20:07.851000,424.3884581621167,14
2024-09-20 10:20:07.926000,424.3504609461343,100
2024-09-20 10:20:07.961000,424.3349672025488,1002
2024-09-20 10:20:07.973000,424.346468508412,11
2024-09-20 10:20:07.978000,424.3673732432065,105
2024-09-20 10:20:08.113000,424.3686440127584,1003
2024-09-20 10:20:08.118000,424.37889579058185,102
2024-09-20 10:20:08.144000,424.3614851673625,95
2024-09-20 10:20:08.145000,424.3813578562661,99
2024-09-20 10:20:08.168000,424.4013181651469,104
2024-09-20 10:20:08.172000,424.36624577617056,96
2024-09-20 10:20:08.194000,424.3760128667648,97
2024-09-20 10:20:08.218000,424.36969147443546,6
2024-09-20 10:20:08.228000,424.3891186716299,12
2024-09-20 10:20:08.272000,424.3957432243974,15
2024-09-20 10:20:08.291000,424.35925199020863,1005
2024-09-20 10:20:08.429000,424.3753525149262,995
2024-09-20 10:20:08.450000,424.3823043925995,99
2024-09-20 10:20:08.569000,424.3700302476912,1000
2024-09-20 10:20:08.647000,424.3952118577619,1005
2024-09-20 10:20:08.658000,424.3743621125455,1005
2024-09-20 10:20:08.688000,424.3869066841034,13
2024-09-20 10:20:08.729000,424.3549693655465,996
2024-09-20 10:20:08.782000,424.355881280299,997
2024-09-20 10:20:08.796000,424.379000740934,6
2024-09-20 10:20:08.874000,424.365360441297,998
2024-09-20 10:20:08.934000,424.3664974357848,6
2024-09-20 10:20:08.941000,424.3612380543741,99
2024-09-20 10:20:09.099000,424.3676141372685,95
2024-09-20 10:20:09.126000,424.4036394557739,5
2024-09-20 10:20:09.138000,424.4323479360066,1001
2024-09-20 10:20:09.204000,424.4315331568936,997
2024-09-20 10:20:09.265000,424.4147309864063,100
2024-09-20 10:20:09.309000,424.4174514896729,999
2024-09-20 10:20:09.309000,424.4086136728073,7
2024-09-20 10:20:09.314000,424.40304398919903,10
2024-09-20 10:20:09.374000,424.41665850298574,104
2024-09-20 10:20:09.487000,424.40717384286,102
2024-09-20 10:20:09.639000,424.4173598915348,6
2024-09-20 10:20:09.640000,424.41136439042833,5
2024-09-20 10:20:09.696000,424.4011956875386,10
2024-09-20 10:20:09.697000,424.4199223802716,8
2024-09-20 10:20:09.888000,424.40057452462526,11
2024-09-20 10:20:09.991000,424.40087178715726,998
2024-09-20 10:20:09.996000,424.4118547878953,10
2024-09-20 10:20:10.034000,424.3315474232135,999
2024-09-20 10:20:10.046000,424.3633774362969,11
2024-09-20 10:20:10.125000,424.36190071788127,104
2024-09-20 10:20:10.197000,424.2909179488257,15
2024-09-20 10:20:10.267000,424.2836227154661,7
2024-09-20 10:20:10.397000,424.35195511090114,1002
2024-09-20 10:20:10.568000,424.385986868965,14
2024-09-20 10:20:10.723000,424.3021264183228,999
2024-09-20 10:20:10.871000,424.2878363799809,1004
2024-09-20 10:20:11.187000,424.3123768759221,1003
2024-09-20 10:20:11.863000,424.28827793888365,97
2024-09-20 10:20:11.898000,424.3051721933815,98
2024-09-20 10:20:12.083000,424.3239123584006,102
2024-09-20 10:20:12.505000,424.3295010917034,96
2024-09-20 10:20:12.575000,424.3003890106126,7
2024-09-20 10:20:12.630000,424.3278710545301,102
2024-09-20 10:20:12.734000,424.3271192185489,98
2024-09-20 10:20:12.747000,424.30875620062346,102
2024-09-20 10:20:12.748000,424.3318614078669,5
2024-09-20 10:20:12.759000,424.3146327378517,8
2024-09-20 10:20:12.871000,424.3010066718363,999
2024-09-20 10:20:13.002000,424.26809678491713,101
2024-09-20 10:20:13.087000,424.2753027921012,105
2024-09-20 10:20:13.171000,424.2898381558618,7
2024-09-20 10:20:13.173000,424.2661471966348,997
2024-09-20 10:20:13.247000,424.2854957784498,999
2024-09-20 10:20:13.254000,424.2568051215742,999
2024-09-20 10:20:13.324000,424.2986218114696,15
2024-09-20 10:20:13.380000,424.27912605560033,1000
2024-09-20 10:20:13.498000,424.2772210236874,998
2024-09-20 10:20:13.537000,424.2750471616819,95
2024-09-20 10:20:13.538000,424.2637874550297,100
2024-09-20 10:20:13.570000,424.259083599109,9
2024-09-20 10:20:13.589000,424.2862119445091,5
2024-09-20 10:20:13.694000,424.2754791680467,1003
2024-09-20 10:20:13.714000,424.287156730642,995
2024-09-20 10:20:13.899000,424.2761962255639,12
2024-09-20 10:20:13.918000,424.2857574725836,5
2024-09-20 10:20:14.062000,424.265136837637,12
2024-09-20 10:20:14.070000,424.250655700104,1004
2024-09-20 10:20:14.082000,424.3126234684956,7
2024-09-20 10:20:14.093000,424.2912237051248,101
2024-09-20 10:20:14.094000,424.30557244482776,99
2024-09-20 10:20:14.208000,424.2772445102643,103
2024-09-20 10:20:14.209000,424.3090833053101,1001
2024-09-20 10:20:14.224000,424.2998210186072,96
2024-09-20 10:20:14.293000,424.2858895048438,997
2024-09-20 10:20:14.334000,424.2950307994221,10
2024-09-20 10:20:14.422000,424.28934235957934,97
2024-09-20 10:20:14.445000,424.2943072898024,103
2024-09-20 10:20:14.533000,424.2606023709803,96
2024-09-20 10:20:14.548000,424.27620130203024,100
2024-09-20 10:20:14.599000,424.2664074111972,6
2024-09-20 10:20:14.617000,424.3193260113695,102
2024-09-20 10:20:14.621000,424.2707176946904,1001
2024-09-20 10:20:14.647000,424.2836376153234,99
2024-09-20 10:20:14.739000,424.2527969858565,1005
2024-09-20 10:20:14.797000,424.2548604565407,995
2024-09-20 10:20:14.820000,424.3023922183248,999
2024-09-20 10:20:14.829000,424.2774540420421,13
2024-09-20 10:20:14.861000,424.261120683212,12
2024-09-20 10:20:14.868000,424.2704720301911,1003
2024-09-20 10:20:14.891000,424.2693520958222,7
2024-09-20 10:20:14.917000,424.2769319790821,100
2024-09-20 10:20:14.929000,424.29550139911527,999
2024-09-20 10:20:14.993000,424.319629533949,11
2024-09-20 10:20:15.112000,424.2582224430356,1004
2024-09-20 10:20:15.129000,424.259386059984,999
2024-09-20 10:20:15.155000,424.2438377271326,11
2024-09-20 10:20:15.193000,424.257243238986,1002
2024-09-20 10:20:15.222000,424.2519118803141,7
2024-09-20 10:20:15.229000,424.25341206158726,5
2024-09-20 10:20:15.293000,424.2462721561336,12
2024-09-20 10:20:15.342000,424.2522873198863,98
2024-09-20 10:20:15.588000,424.2577681757912,103
2024-09-20 10:20:15.589000,424.2522902500197,96
2024-09-20 10:20:15.594000,424.2569584232813,1002
2024-09-20 10:20:15.621000,424.2542726126694,8
2024-09-20 10:20:16.024000,424.3179962859846,999
2024-09-20 10:20:16.069000,424.32509058611646,1004
2024-09-20 10:20:16.071000,424.2376894622187,8
2024-09-20 10:20:16.102000,424.24932105198855,1002
2024-09-20 10:20:16.104000,424.24127356857065,995
2024-09-20 10:20:16.107000,424.26727151662175,96
2024-09-20 10:20:16.143000,424.2205069409496,998
2024-09-20 10:20:16.245000,424.26182232383,1005
2024-09-20 10:20:16.322000,424.2254272015468,1003
2024-09-20 10:20:16.358000,424.2411707916219,13
2024-09-20 10:20:16.542000,424.2383403080814,100
2024-09-20 10:20:16.634000,424.2290889276391,7
2024-09-20 10:20:16.683000,424.24715381471657,8
2024-09-20 10:20:16.685000,424.2388156900901,995
2024-09-20 10:20:16.698000,424.22956272931856,104
2024-09-20 10:20:16.729000,424.2424910802777,98
2024-09-20 10:20:16.730000,424.2350956199464,7
2024-09-20 10:20:16.761000,424.2713913694035,10
2024-09-20 10:20:16.863000,424.2577508699504,999
2024-09-20 10:20:16.980000,424.2447398949323,11
2024-09-20 10:20:17.275000,424.3100726396589,103
2024-09-20 10:20:17.323000,424.294858501117,999
2024-09-20 10:20:17.329000,424.3176376437231,997
2024-09-20 10:20:17.335000,424.32723077355024,13
2024-09-20 10:20:17.348000,424.322796322372,11
2024-09-20 10:20:17.460000,424.3037907426982,15
2024-09-20 10:20:17.475000,424.32335322678085,8
2024-09-20 10:20:17.487000,424.2869566740573,6
2024-09-20 10:20:17.505000,424.3297713752549,11
2024-09-20 10:20:17.603000,424.27901262311445,14
2024-09-20 10:20:17.628000,424.31650222667895,15
2024-09-20 10:20:17.640000,424.3090731254101,14
2024-09-20 10:20:17.640000,424.3166986369257,998
2024-09-20 10:20:17.914000,424.34524807208544,101
2024-09-20 10:20:17.943000,424.2843350313078,1004
2024-09-20 10:20:17.995000,424.2996819748646,1000
2024-09-20 10:20:18.036000,424.3094650972507,14
2024-09-20 10:20:18.044000,424.30903774949127,96
2024-09-20 10:20:18.079000,424.3184949280695,103
2024-09-20 10:20:18.126000,424.3097327648106,103
2024-09-20 10:20:18.148000,424.3175048569541,995
2024-09-20 10:20:18.247000,424.3189427520896,1005
2024-09-20 10:20:18.277000,424.3073572625217,1005
2024-09-20 10:20:18.393000,424.3247737284127,96
2024-09-20 10:20:18.446000,424.3190840969876,98
2024-09-20 10:20:18.607000,424.3265143557199,1005
2024-09-20 10:20:18.633000,424.3197629762221,99
2024-09-20 10:20:18.802000,424.3104136832043,103
2024-09-20 10:20:18.993000,424.2933827075709,102
2024-09-20 10:20:19.016000,424.33226462178254,9
2024-09-20 10:20:19.034000,424.32380647544414,1005
2024-09-20 10:20:19.040000,424.2698143596888,7
2024-09-20 10:20:19.133000,424.2440286724066,95
2024-09-20 10:20:19.179000,424.26448718532754,1004
2024-09-20 10:20:19.183000,424.3012560196075,98
2024-09-20 10:20:19.185000,424.2930622915781,995
2024-09-20 10:20:19.267000,424.246935272774,1001
2024-09-20 10:20:19.324000,424.3119391897725,996
2024-09-20 10:20:19.360000,424.2892231658282,12
2024-09-20 10:20:19.395000,424.29275938111584,101
2024-09-20 10:20:19.477000,424.2575791298788,11
2024-09-20 10:20:19.479000,424.2657391276023,1004
2024-09-20 10:20:19.547000,424.26057832900295,1001
2024-09-20 10:20:19.557000,424.276335919557,13
2024-09-20 10:20:19.629000,424.30234597555176,1001
2024-09-20 10:20:19.648000,424.2612517636048,999
2024-09-20 10:20:19.676000,424.3264251642986,5
2024-09-20 10:20:19.678000,424.2581633602412,10
2024-09-20 10:20:19.723000,424.2804952763922,1005
2024-09-20 10:20:19.741000,424.284248227273,102
2024-09-20 10:20:19.892000,424.2699200086278,104
2024-09-20 10:20:19.901000,424.273406665832,1003
2024-09-20 10:20:19.993000,424.2542983997215,13
2024-09-20 10:20:20.014000,424.30937291499225,995
2024-09-20 10:20:20.110000,424.3263694806343,998
2024-09-20 10:20:20.181000,424.34801849585904,997
2024-09-20 10:20:20.236000,424.3335740080478,5
2024-09-20 10:20:20.267000,424.33708629842414,100
2024-09-20 10:20:20.394000,424.288535716836,14
2024-09-20 10:20:20.422000,424.2755916586809,1001
2024-09-20 10:20:20.577000,424.3393207169495,1003
2024-09-20 10:20:20.668000,424.2960169620071,13
2024-09-20 10:20:20.717000,424.2948676318104,1003
2024-09-20 10:20:20.724000,424.32444618586646,100
2024-09-20 10:20:20.750000,424.3266438153073,105
2024-09-20 10:20:20.752000,424.3545575578349,11
2024-09-20 10:20:20.758000,424.3220465230208,13
2024-09-20 10:20:20.782000,424.3406537393003,103
2024-09-20 10:20:20.945000,424.3225419970436,5
2024-09-20 10:20:20.991000,424.349375252105,1002
2024-09-20 10:20:21.098000,424.3313369651381,101
2024-09-20 10:20:21.123000,424.234562012835,1001
2024-09-20 10:20:21.225000,424.29854692023525,1002
2024-09-20 10:20:21.279000,424.3273620776529,97
2024-09-20 10:20:21.326000,424.326553768528,9
2024-09-20 10:20:21.348000,424.2594574214301,8
2024-09-20 10:20:21.353000,424.27750884758,998
2024-09-20 10:20:21.365000,424.3321212904089,103
2024-09-20 10:20:21.481000,424.2607081456704,5
2024-09-20 10:20:21.515000,424.32948059977497,999
2024-09-20 10:20:21.600000,424.325694561386,15
2024-09-20 10:20:21.686000,424.2531977245752,96
2024-09-20 10:20:21.773000,424.33261506775136,995
2024-09-20 10:20:21.788000,424.3366732213095,15
2024-09-20 10:20:21.819000,424.32205823218254,1003
2024-09-20 10:20:21.939000,424.3531872313548,1004
2024-09-20 10:20:22.032000,424.1526359008167,15
2024-09-20 10:20:22.034000,424.16826796832567,1002
2024-09-20 10:20:22.042000,424.23298783369313,1002
2024-09-20 10:20:22.042000,424.19599639271286,99
2024-09-20 10:20:22.131000,424.23587938547934,105
2024-09-20 10:20:22.171000,424.16788885071367,999
2024-09-20 10:20:22.174000,424.2244430732281,1004
2024-09-20 10:20:22.243000,424.2022811994944,95
2024-09-20 10:20:22.270000,424.1606801093817,1001
2024-09-20 10:20:22.410000,424.1659333512379,99
2024-09-20 10:20:22.440000,424.2009665120113,995
2024-09-20 10:20:22.495000,424.23047421746384,1002
2024-09-20 10:20:22.532000,424.2371003934619,1001
2024-09-20 10:20:22.575000,424.20368058455534,1001
2024-09-20 10:20:22.697000,424.2274193761378,96
2024-09-20 10:20:22.730000,424.1470129092029,1004
2024-09-20 10:20:22.733000,424.1973106724284,8
2024-09-20 10:20:22.756000,424.1494848391543,98
2024-09-20 10:20:22.942000,424.14606438299313,15
2024-09-20 10:20:22.956000,424.1704733462572,105
2024-09-20 10:20:23.491000,424.1420922761167,104
2024-09-20 10:20:23.578000,424.1440280840277,15
2024-09-20 10:20:23.606000,424.1354029930495,1003
2024-09-20 10:20:23.624000,424.1390861356829,7
2024-09-20 10:20:23.788000,424.15054315661047,995
2024-09-20 10:20:23.955000,424.1367516348967,15
2024-09-20 10:20:23.974000,424.1352695449812,1000
2024-09-20 10:20:24.020000,424.0971337733564,15
2024-09-20 10:20:24.062000,424.10197432772,999
2024-09-20 10:20:24.104000,424.1262458997352,96
2024-09-20 10:20:24.108000,424.1001492965343,1005
2024-09-20 10:20:24.267000,424.1197366245323,104
2024-09-20 10:20:24.274000,424.13144261485934,1001
2024-09-20 10:20:24.452000,424.09929156469946,999
2024-09-20 10:20:24.531000,424.0950722480517,105
2024-09-20 10:20:24.577000,424.12419272341833,14
2024-09-20 10:20:24.595000,424.09487730634095,98
2024-09-20 10:20:24.646000,424.1080647408596,105
2024-09-20 10:20:24.679000,424.15392462690346,97
2024-09-20 10:20:24.758000,424.1040905034357,5
2024-09-20 10:20:24.808000,424.10258914682953,997
2024-09-20 10:20:24.939000,424.1599173909643,12
2024-09-20 10:20:24.973000,424.1133993886974,104
2024-09-20 10:20:25.023000,424.1097989531168,5
2024-09-20 10:20:25.128000,424.1062194080455,13
2024-09-20 10:20:25.148000,424.1199530514513,1002
2024-09-20 10:20:25.190000,424.0994034166528,10
2024-09-20 10:20:25.357000,424.1287350865872,15
2024-09-20 10:20:25.383000,424.0936509467645,6
2024-09-20 10:20:25.404000,424.0987379574431,9
2024-09-20 10:20:25.412000,424.1207281192071,97
2024-09-20 10:20:25.414000,424.0982242992637,102
2024-09-20 10:20:25.419000,424.12065732390994,998
2024-09-20 10:20:25.448000,424.1280009101575,11
2024-09-20 10:20:25.500000,424.1274844579972,105
2024-09-20 10:20:25.732000,424.0751737974025,7
2024-09-20 10:20:25.816000,424.07861078546665,995
2024-09-20 10:20:25.998000,424.0751027529113,1000
2024-09-20 10:20:26.004000,424.11799761715616,1003
2024-09-20 10:20:26.037000,424.2335349043127,15
2024-09-20 10:20:26.070000,424.0973256319174,1003
2024-09-20 10:20:26.084000,424.1294571114803,102
2024-09-20 10:20:26.129000,424.1797303780593,100
2024-09-20 10:20:26.151000,424.1285155406069,102
2024-09-20 10:20:26.207000,424.12067385773486,999
2024-09-20 10:20:26.239000,424.14678752607045,96
2024-09-20 10:20:26.245000,424.1015909986222,995
2024-09-20 10:20:26.287000,424.1903003763528,103
2024-09-20 10:20:26.387000,424.0972574138145,6
2024-09-20 10:20:26.392000,424.1383385616585,15
2024-09-20 10:20:26.431000,424.09385127150654,995
2024-09-20 10:20:26.481000,424.1662562560367,1003
2024-09-20 10:20:26.483000,424.1273393578764,14
2024-09-20 10:20:26.510000,424.16857791145344,95
2024-09-20 10:20:26.532000,424.1283172676893,998
2024-09-20 10:20:26.601000,424.1261789809873,7
2024-09-20 10:20:26.613000,424.2024991505397,8
2024-09-20 10:20:26.633000,424.14247561182896,5
2024-09-20 10:20:26.681000,424.1906169058193,103
2024-09-20 10:20:26.709000,424.20478252419935,9
2024-09-20 10:20:26.995000,424.1771040443776,15
2024-09-20 10:20:27.022000,424.21516868545,995
2024-09-20 10:20:27.032000,424.2215273782711,14
2024-09-20 10:20:27.120000,424.21831392140274,102
2024-09-20 10:20:27.201000,424.217157918323,1004
2024-09-20 10:20:27.255000,424.2260190449809,97
2024-09-20 10:20:27.262000,424.2383399182937,7
2024-09-20 10:20:27.473000,424.20899186602014,1000
2024-09-20 10:20:27.568000,424.2314725806893,998
2024-09-20 10:20:27.711000,424.2064271433344,999
2024-09-20 10:20:28.066000,424.18895051500607,104
2024-09-20 10:20:28.068000,424.1794763305377,1004
2024-09-20 10:20:28.249000,424.14833928236425,995
2024-09-20 10:20:28.355000,424.1883812595185,8
2024-09-20 10:20:28.458000,424.1769480487121,104
2024-09-20 10:20:28.459000,424.18137057542094,99
2024-09-20 10:20:28.465000,424.1649182186309,14
2024-09-20 10:20:28.483000,424.18064982456,1000
2024-09-20 10:20:28.484000,424.2030675709709,8
2024-09-20 10:20:28.538000,424.1463217377536,5
2024-09-20 10:20:28.595000,424.1541612144027,104
2024-09-20 10:20:28.614000,424.18396160140674,12
2024-09-20 10:20:28.633000,424.1581658597569,10
2024-09-20 10:20:28.664000,424.14008031036144,14
2024-09-20 10:20:28.760000,424.1606068775015,5
2024-09-20 10:20:28.997000,424.1955247287661,103
2024-09-20 10:20:29.002000,424.2131633050531,1004
2024-09-20 10:20:29.054000,424.2134504491083,998
2024-09-20 10:20:29.323000,424.2006797200055,98
2024-09-20 10:20:29.376000,424.2171819410696,102
2024-09-20 10:20:29.406000,424.22391278107625,100
2024-09-20 10:20:29.420000,424.20725280686696,15
2024-09-20 10:20:29.440000,424.2318873320941,8
2024-09-20 10:20:29.502000,424.21100674787584,6
2024-09-20 10:20:29.606000,424.2079281191485,998
2024-09-20 10:20:29.643000,424.2145134161739,996
2024-09-20 10:20:29.784000,424.2222361245626,9
2024-09-20 10:20:29.801000,424.1788744745086,96
2024-09-20 10:20:29.827000,424.2108374724632,105
2024-09-20 10:20:29.964000,424.2160299332005,105
2024-09-20 10:20:29.971000,424.2113854000887,8
2024-09-20 10:20:29.975000,424.21664747088937,5
2024-09-20 10:20:29.987000,424.2225603665621,10
2024-09-20 10:20:30.040000,424.2252760368378,100
2024-09-20 10:20:30.048000,424.2000142788714,97
2024-09-20 10:20:30.109000,424.1654681057758,995
2024-09-20 10:20:30.148000,424.19394258604535,9
2024-09-20 10:20:30.155000,424.1654549446934,95
2024-09-20 10:20:30.158000,424.1958237743877,14
2024-09-20 10:20:30.227000,424.1858573730477,100
2024-09-20 10:20:30.246000,424.1860542853218,999
2024-09-20 10:20:30.280000,424.1963678750395,105
2024-09-20 10:20:30.375000,424.1882430117021,1000
2024-09-20 10:20:30.507000,424.1987774711891,15
2024-09-20 10:20:30.664000,424.2000712528866,999
2024-09-20 10:20:30.768000,424.1767787996495,104
2024-09-20 10:20:30.794000,424.1743473943286,1003
2024-09-20 10:20:30.837000,424.1825984940902,1003
2024-09-20 10:20:30.863000,424.17278747746167,7
2024-09-20 10:20:30.882000,424.221362173048,96
2024-09-20 10:20:30.917000,424.1541014958314,98
2024-09-20 10:20:31.009000,424.1659222073399,100
2024-09-20 10:20:31.021000,424.2154115524928,1005
2024-09-20 10:20:31.184000,424.2099993197777,96
2024-09-20 10:20:31.203000,424.20181123130016,999
2024-09-20 10:20:31.232000,424.1740526612089,100
2024-09-20 10:20:31.309000,424.1998854216774,96
2024-09-20 10:20:31.329000,424.196564930907,14
2024-09-20 10:20:31.518000,424.22332263571536,99
2024-09-20 10:20:31.551000,424.19087788736186,101
2024-09-20 10:20:31.572000,424.1589409948796,996
2024-09-20 10:20:31.593000,424.207956083113,1000
2024-09-20 10:20:31.638000,424.1909827150391,1002
2024-09-20 10:20:31.676000,424.2160815517335,97
2024-09-20 10:20:31.732000,424.1994980802824,14
2024-09-20 10:20:31.747000,424.1973460268429,99
2024-09-20 10:20:31.941000,424.2119453076754,97
2024-09-20 10:20:31.942000,424.1665357447525,1000
2024-09-20 10:20:32.018000,424.2421646821155,1001
2024-09-20 10:20:32.026000,424.21033201176425,96
2024-09-20 10:20:32.035000,424.23211937160863,11
2024-09-20 10:20:32.118000,424.2116142058117,997
2024-09-20 10:20:32.148000,424.2180975535324,996
2024-09-20 10:20:32.241000,424.2130931998514,11
2024-09-20 10:20:32.264000,424.2058874956053,1002
2024-09-20 10:20:32.298000,424.2271853916725,6
2024-09-20 10:20:32.318000,424.2063560093543,1002
2024-09-20 10:20:32.319000,424.1896454292858,1000
2024-09-20 10:20:32.503000,424.195072683864,101
2024-09-20 10:20:32.797000,424.2015994555796,998
2024-09-20 10:20:32.821000,424.2083996619984,101
2024-09-20 10:20:33.040000,424.2287757422594,97
2024-09-20 10:20:33.133000,424.2480926546001,14
2024-09-20 10:20:33.178000,424.22168763697726,95
2024-09-20 10:20:33.208000,424.2124939850767,95
2024-09-20 10:20:33.312000,424.2076118925452,1004
2024-09-20 10:20:33.419000,424.2428760163893,100
2024-09-20 10:20:33.478000,424.2447837942464,9
2024-09-20 10:20:33.544000,424.2125023169445,95
2024-09-20 10:20:33.592000,424.2326124251633,998
2024-09-20 10:20:33.650000,424.20434515065006,97
2024-09-20 10:20:33.698000,424.2234146950093,996
2024-09-20 10:20:33.720000,424.2390909550128,95
2024-09-20 10:20:33.755000,424.227190382541,10
2024-09-20 10:20:33.829000,424.198154357527,998
2024-09-20 10:20:33.855000,424.2402300372991,995
2024-09-20 10:20:33.887000,424.2396280197997,7
2024-09-20 10:20:34.097000,424.26611065143857,999
2024-09-20 10:20:34.126000,424.2649161382264,105
2024-09-20 10:20:34.391000,424.2772013544883,1001
2024-09-20 10:20:34.504000,424.280284915981,996
2024-09-20 10:20:34.722000,424.2857353196169,95
2024-09-20 10:20:34.918000,424.29134633118304,7
2024-09-20 10:20:35.026000,424.2868642122557,996
2024-09-20 10:20:35.053000,424.36082516216806,105
2024-09-20 10:20:35.071000,424.2844755961849,103
2024-09-20 10:20:35.193000,424.3049820987504,102
2024-09-20 10:20:35.249000,424.3507295916594,101
2024-09-20 10:20:35.296000,424.2837756226885,997
2024-09-20 10:20:35.424000,424.32916216165626,997
2024-09-20 10:20:35.539000,424.29996630687833,98
2024-09-20 10:20:35.555000,424.3116361210381,1003
2024-09-20 10:20:35.592000,424.354072554757,995
2024-09-20 10:20:35.642000,424.32216612205696,12
2024-09-20 10:20:35.918000,424.3435481778064,995
2024-09-20 10:20:35.947000,424.36968070451945,1004
2024-09-20 10:20:35.951000,424.36402366027534,1004
2024-09-20 10:20:36.039000,424.3979092769501,95
2024-09-20 10:20:36.161000,424.437083436148,10
2024-09-20 10:20:36.192000,424.4121286862271,1005
2024-09-20 10:20:36.236000,424.40665322866494,997
2024-09-20 10:20:36.247000,424.36183656440886,1004
2024-09-20 10:20:36.295000,424.3645429444455,98
2024-09-20 10:20:36.311000,424.4236887094648,98
2024-09-20 10:20:36.341000,424.4030719334811,97
2024-09-20 10:20:36.400000,424.360175879417,996
2024-09-20 10:20:36.500000,424.41593500494815,10
2024-09-20 10:20:36.626000,424.43655161845146,11
2024-09-20 10:20:36.660000,424.4315374077004,1000
2024-09-20 10:20:36.856000,424.4124908597865,103
2024-09-20 10:20:36.950000,424.3662001606523,1000
2024-09-20 10:20:36.979000,424.4286775112775,7
2024-09-20 10:20:37.093000,424.38685438793584,11
2024-09-20 10:20:37.104000,424.4270720826304,14
2024-09-20 10:20:37.313000,424.3913677713828,8
2024-09-20 10:20:37.325000,424.3928799831951,1003
2024-09-20 10:20:37.346000,424.39673784878113,13
2024-09-20 10:20:37.413000,424.3917227484567,11
2024-09-20 10:20:37.419000,424.4099899493661,1005
2024-09-20 10:20:37.423000,424.4546885967188,997
2024-09-20 10:20:37.451000,424.3829623221868,1002
2024-09-20 10:20:37.485000,424.4338219580944,995
2024-09-20 10:20:37.531000,424.4281059696394,99
2024-09-20 10:20:37.606000,424.40526799537577,13
2024-09-20 10:20:37.606000,424.4207952690767,1000
2024-09-20 10:20:37.678000,424.4201604116759,104
2024-09-20 10:20:37.778000,424.4277047000279,15
2024-09-20 10:20:37.839000,424.45268516356265,96
2024-09-20 10:20:37.852000,424.3951409994168,97
2024-09-20 10:20:37.956000,424.3972522431166,95
2024-09-20 10:20:37.962000,424.3970524904455,998
2024-09-20 10:20:38.021000,424.4989894990935,998
2024-09-20 10:20:38.060000,424.45917379933695,100
2024-09-20 10:20:38.146000,424.4543857791806,98
2024-09-20 10:20:38.661000,424.4556468058188,104
2024-09-20 10:20:38.750000,424.4497612515012,99
2024-09-20 10:20:38.784000,424.4717641227276,1004
2024-09-20 10:20:38.796000,424.4548842158936,12
2024-09-20 10:20:38.885000,424.4705953246947,95
2024-09-20 10:20:38.886000,424.4487677932352,95
2024-09-20 10:20:38.969000,424.4897503686646,13
2024-09-20 10:20:39.011000,424.4757176888061,98
2024-09-20 10:20:39.054000,424.4954830675736,105
2024-09-20 10:20:39.102000,424.43222773834697,1004
2024-09-20 10:20:39.103000,424.4364183070591,98
2024-09-20 10:20:39.254000,424.4840093732651,1003
2024-09-20 10:20:39.260000,424.4819852743707,1004
2024-09-20 10:20:39.273000,424.4128584681202,97
2024-09-20 10:20:39.290000,424.5079661477344,995
2024-09-20 10:20:39.325000,424.48496135880526,102
2024-09-20 10:20:39.450000,424.4293793610295,96
2024-09-20 10:20:39.493000,424.4331238877143,102
2024-09-20 10:20:39.510000,424.44835598168464,5
2024-09-20 10:20:39.525000,424.445959380633,10
2024-09-20 10:20:39.537000,424.4694932857367,1001
2024-09-20 10:20:39.565000,424.4717904686676,11
2024-09-20 10:20:39.570000,424.45880902297193,14
2024-09-20 10:20:39.633000,424.5014164694848,997
2024-09-20 10:20:39.690000,424.42785749892033,1001
2024-09-20 10:20:39.691000,424.472987208372,99
2024-09-20 10:20:39.716000,424.4359934757416,11
2024-09-20 10:20:39.737000,424.48160208002565,1005
2024-09-20 10:20:39.794000,424.44354659201815,11
2024-09-20 10:20:39.794000,424.4488379848469,105
2024-09-20 10:20:39.808000,424.4581693653257,9
2024-09-20 10:20:39.833000,424.4651189607229,1005
2024-09-20 10:20:39.906000,424.4958445321261,105
2024-09-20 10:20:39.916000,424.4463907176403,1001
2024-09-20 10:20:40.002000,424.489595760217,10
2024-09-20 10:20:40.294000,424.4816347043053,104
2024-09-20 10:20:40.352000,424.5018637993326,997
2024-09-20 10:20:40.698000,424.5008325859335,100
2024-09-20 10:20:40.787000,424.4969028787427,100
2024-09-20 10:20:41.127000,424.5334552308533,6
2024-09-20 10:20:41.135000,424.53046217627457,95
2024-09-20 10:20:41.180000,424.5078687842449,96
2024-09-20 10:20:41.217000,424.53485823685776,1000
2024-09-20 10:20:41.255000,424.5465807696419,95
2024-09-20 10:20:41.315000,424.52552665255376,995
2024-09-20 10:20:41.319000,424.48323346109663,995
2024-09-20 10:20:41.349000,424.4663887249924,998
2024-09-20 10:20:41.384000,424.50680685061866,96
2024-09-20 10:20:41.446000,424.5279646197634,995
2024-09-20 10:20:41.454000,424.52735216273214,12
2024-09-20 10:20:41.529000,424.5092791583389,98
2024-09-20 10:20:41.620000,424.5129598996166,12
2024-09-20 10:20:41.655000,424.5594530265392,6
2024-09-20 10:20:41.725000,424.4768697225398,8
2024-09-20 10:20:41.750000,424.4920595966586,105
2024-09-20 10:20:41.774000,424.5180154746441,102
2024-09-20 10:20:41.802000,424.5154179000103,102
2024-09-20 10:20:41.823000,424.4681823635802,12
2024-09-20 10:20:41.985000,424.5195561366206,7
2024-09-20 10:20:42.002000,424.5141175235769,5
2024-09-20 10:20:42.026000,424.52032679796,95
2024-09-20 10:20:42.076000,424.5440996131961,13
2024-09-20 10:20:42.084000,424.5603975423245,97
2024-09-20 10:20:42.153000,424.5160515969537,14
2024-09-20 10:20:42.220000,424.5208149007007,101
2024-09-20 10:20:42.243000,424.5313407545497,99
2024-09-20 10:20:42.280000,424.5467409506509,8
2024-09-20 10:20:42.323000,424.5114739814279,1004
2024-09-20 10:20:42.390000,424.4910443883658,96
2024-09-20 10:20:42.514000,424.5303026728527,1001
2024-09-20 10:20:42.601000,424.5442390097752,1000
2024-09-20 10:20:42.636000,424.5362346779606,97
2024-09-20 10:20:42.652000,424.5500861900186,999
2024-09-20 10:20:42.748000,424.5181779449208,14
2024-09-20 10:20:42.786000,424.545822748858,999
2024-09-20 10:20:42.858000,424.5218416060236,1004
2024-09-20 10:20:42.863000,424.4925799791374,101
2024-09-20 10:20:43.044000,424.4627787592721,1001
2024-09-20 10:20:43.155000,424.4674932217743,98
2024-09-20 10:20:43.158000,424.492337824146,14
2024-09-20 10:20:43.198000,424.4829103330033,12
2024-09-20 10:20:43.219000,424.4895362509023,96
2024-09-20 10:20:43.234000,424.4865939578287,97
2024-09-20 10:20:43.404000,424.4758465936261,1003
2024-09-20 10:20:43.556000,424.4843282165635,1003
2024-09-20 10:20:43.700000,424.4768287993231,1003
2024-09-20 10:20:43.704000,424.4915619330418,100
2024-09-20 10:20:43.705000,424.504335419638,997
2024-09-20 10:20:43.742000,424.4755205510623,13
2024-09-20 10:20:43.794000,424.49260218366487,98
2024-09-20 10:20:43.919000,424.5003353345006,6
2024-09-20 10:20:43.970000,424.485503826333,1002
2024-09-20 10:20:44.128000,424.4813818792112,1005
2024-09-20 10:20:44.395000,424.4913243958733,1002
2024-09-20 10:20:44.398000,424.4656768068895,1004
2024-09-20 10:20:44.403000,424.4693834031269,999
2024-09-20 10:20:44.505000,424.443915858772,6
2024-09-20 10:20:44.521000,424.4864125702719,13
2024-09-20 10:20:44.810000,424.4886295760911,13
2024-09-20 10:20:44.907000,424.4658782572524,13
2024-09-20 10:20:44.992000,424.4272616920161,104
2024-09-20 10:20:45.124000,424.4522935496315,997
2024-09-20 10:20:45.162000,424.4524322356157,9
2024-09-20 10:20:45.249000,424.44753042344513,104
2024-09-20 10:20:45.311000,424.45985932054987,6
2024-09-20 10:20:45.331000,424.4224647406109,1001
2024-09-20 10:20:45.421000,424.44342733258594,1003
2024-09-20 10:20:45.471000,424.4400851805904,1002
2024-09-20 10:20:45.548000,424.44454432388494,100
2024-09-20 10:20:45.581000,424.4327798493624,8
2024-09-20 10:20:45.714000,424.4367246752687,1000
2024-09-20 10:20:45.770000,424.440070871089,99
2024-09-20 10:20:45.788000,424.4470706900861,104
2024-09-20 10:20:45.845000,424.4500703897217,100
2024-09-20 10:20:45.896000,424.4185246335935,1000
2024-09-20 10:20:46.037000,424.4202679123972,1003
2024-09-20 10:20:46.110000,424.4017928769329,13
2024-09-20 10:20:46.123000,424.396787021604,104
2024-09-20 10:20:46.384000,424.3995824250543,105
2024-09-20 10:20:46.474000,424.43565245895496,99
2024-09-20 10:20:46.518000,424.42862127381807,99
2024-09-20 10:20:46.561000,424.4349989598305,1005
2024-09-20 10:20:46.595000,424.39523544091605,97
2024-09-20 10:20:46.631000,424.4176070812349,101
2024-09-20 10:20:46.744000,424.4079113060537,103
2024-09-20 10:20:47.022000,424.2992428848413,11
2024-09-20 10:20:47.038000,424.3537676517773,1003
2024-09-20 10:20:47.050000,424.29625126373776,7
2024-09-20 10:20:47.132000,424.3390281240568,1000
2024-09-20 10:20:47.166000,424.3320452315471,996
2024-09-20 10:20:47.274000,424.32473766133467,5
2024-09-20 10:20:47.332000,424.35061765512427,99
2024-09-20 10:20:47.340000,424.32153627661353,99
2024-09-20 10:20:47.341000,424.3587801694677,104
2024-09-20 10:20:47.388000,424.3279788128259,997
2024-09-20 10:20:47.426000,424.3111359366357,5
2024-09-20 10:20:47.441000,424.3312877176066,97
2024-09-20 10:20:47.449000,424.33197446320537,1004
2024-09-20 10:20:47.461000,424.3339935136689,6
2024-09-20 10:20:47.484000,424.3290666470714,996
2024-09-20 10:20:47.507000,424.3471528962892,8
2024-09-20 10:20:47.513000,424.3473050023361,14
2024-09-20 10:20:47.524000,424.3561753221984,1005
2024-09-20 10:20:47.581000,424.3360148545404,1005
2024-09-20 10:20:47.617000,424.3371933475917,7
2024-09-20 10:20:47.637000,424.3872014292696,1000
2024-09-20 10:20:47.686000,424.3297100450321,11
2024-09-20 10:20:47.692000,424.3160643443857,11
2024-09-20 10:20:47.720000,424.3313894207835,997
2024-09-20 10:20:47.811000,424.3695814099935,101
2024-09-20 10:20:47.857000,424.3932355692663,9
2024-09-20 10:20:47.932000,424.3307001619018,95
2024-09-20 10:20:47.966000,424.3470865001185,9
2024-09-20 10:20:48.004000,424.3139989212021,103
2024-09-20 10:20:48.122000,424.27172152866433,8
2024-09-20 10:20:48.151000,424.32770599081647,6
2024-09-20 10:20:48.183000,424.2789292044847,15
2024-09-20 10:20:48.315000,424.2937989873528,13
2024-09-20 10:20:48.520000,424.2773873182871,9
2024-09-20 10:20:49.095000,424.2824339526636,103
2024-09-20 10:20:49.258000,424.2725908746947,12
2024-09-20 10:20:49.294000,424.2839899819889,995
2024-09-20 10:20:49.309000,424.2738928973294,6
2024-09-20 10:20:49.350000,424.2184600689132,997
2024-09-20 10:20:49.368000,424.2569240751848,997
2024-09-20 10:20:49.380000,424.2737621746053,7
2024-09-20 10:20:49.385000,424.276787516965,102
2024-09-20 10:20:49.390000,424.2541247476904,5
2024-09-20 10:20:49.398000,424.28077188513856,95
2024-09-20 10:20:49.415000,424.2741445003512,11
2024-09-20 10:20:49.424000,424.2650568329419,95
2024-09-20 10:20:49.477000,424.267031948121,1005
2024-09-20 10:20:49.492000,424.2560207737606,1001
2024-09-20 10:20:49.506000,424.24115470041954,8
2024-09-20 10:20:49.557000,424.263734385854,1005
2024-09-20 10:20:49.578000,424.27729706098376,100
2024-09-20 10:20:49.593000,424.2880836695824,15
2024-09-20 10:20:49.666000,424.2552965050722,7
2024-09-20 10:20:49.680000,424.2086082629825,5
2024-09-20 10:20:49.727000,424.275293252312,103
2024-09-20 10:20:49.756000,424.22798920720345,96
2024-09-20 10:20:49.891000,424.2649699401,995
2024-09-20 10:20:50.111000,424.3052256185416,101
2024-09-20 10:20:50.204000,424.2933567404371,103
2024-09-20 10:20:50.309000,424.31923747163984,96
2024-09-20 10:20:50.380000,424.28114287064176,9
2024-09-20 10:20:50.455000,424.3236478623536,14
2024-09-20 10:20:50.673000,424.2851586061251,7
2024-09-20 10:20:50.692000,424.3263948586645,96
2024-09-20 10:20:50.757000,424.33574995078624,1001
2024-09-20 10:20:50.800000,424.3358580768257,13
2024-09-20 10:20:51.133000,424.2878160264717,997
2024-09-20 10:20:51.300000,424.3083371784917,100
2024-09-20 10:20:51.444000,424.3209632675679,996
2024-09-20 10:20:51.459000,424.3124624528854,1000
2024-09-20 10:20:51.557000,424.30590962812994,101
2024-09-20 10:20:51.588000,424.3176988348864,98
2024-09-20 10:20:51.604000,424.33207787583626,996
2024-09-20 10:20:51.618000,424.3308077517523,13
2024-09-20 10:20:51.618000,424.3457927537343,103
2024-09-20 10:20:51.641000,424.3194579439674,102
2024-09-20 10:20:51.669000,424.3185504152545,15
2024-09-20 10:20:51.681000,424.3192649256998,11
2024-09-20 10:20:51.737000,424.2970223309734,100
2024-09-20 10:20:51.772000,424.3742579431568,996
2024-09-20 10:20:51.790000,424.3644296193163,999
2024-09-20 10:20:51.798000,424.3103399563093,996
2024-09-20 10:20:51.825000,424.30164540187445,105
2024-09-20 10:20:51.907000,424.28660950192176,6
2024-09-20 10:20:52.494000,424.4124066087123,997
2024-09-20 10:20:52.683000,424.3664579147857,1001
2024-09-20 10:20:52.783000,424.405360048466,1004
2024-09-20 10:20:52.961000,424.3952416244679,99
2024-09-20 10:20:53.026000,424.4280967955274,105
2024-09-20 10:20:53.114000,424.4510047162569,1003
2024-09-20 10:20:53.131000,424.4472366012245,95
2024-09-20 10:20:53.146000,424.44071145677214,99
2024-09-20 10:20:53.264000,424.4402954245245,1003
2024-09-20 10:20:53.475000,424.438528754971,11
2024-09-20 10:20:53.598000,424.42106700739976,103
2024-09-20 10:20:53.611000,424.4328490465452,1003
2024-09-20 10:20:53.663000,424.4220328918214,101
2024-09-20 10:20:53.695000,424.43544816683465,8
2024-09-20 10:20:53.734000,424.4235668560125,1003
2024-09-20 10:20:53.761000,424.4256206845037,999
2024-09-20 10:20:53.774000,424.4220620322555,7
2024-09-20 10:20:53.860000,424.4416226746195,998
2024-09-20 10:20:53.877000,424.4404630400272,13
2024-09-20 10:20:53.978000,424.4399695336804,10
2024-09-20 10:20:54.057000,424.4112618928198,995
2024-09-20 10:20:54.081000,424.3792317030369,10
2024-09-20 10:20:54.176000,424.4086559356585,12
2024-09-20 10:20:54.187000,424.42878242226135,102
2024-09-20 10:20:54.193000,424.4030047927132,997
2024-09-20 10:20:54.261000,424.3885280562444,102
2024-09-20 10:20:54.262000,424.3558044034108,98
2024-09-20 10:20:54.297000,424.38548450979135,99
2024-09-20 10:20:54.349000,424.3629504700758,96
2024-09-20 10:20:54.394000,424.3884705624826,1004
2024-09-20 10:20:54.433000,424.3769368580776,999
2024-09-20 10:20:54.482000,424.45419261805495,12
2024-09-20 10:20:54.542000,424.3952358172662,1002
2024-09-20 10:20:54.549000,424.3912409612243,97
2024-09-20 10:20:54.563000,424.3499739607304,1004
2024-09-20 10:20:54.601000,424.3663418461567,995
2024-09-20 10:20:54.602000,424.39120788077673,1005
2024-09-20 10:20:54.618000,424.3661063101973,1003
2024-09-20 10:20:54.699000,424.3748455783234,96
2024-09-20 10:20:54.776000,424.38204292155245,6
2024-09-20 10:20:54.780000,424.38666784060206,99
2024-09-20 10:20:54.819000,424.3854347773531,1005
2024-09-20 10:20:54.830000,424.3720739303309,10
2024-09-20 10:20:54.952000,424.4488815752222,995
2024-09-20 10:20:55.046000,424.3561378956654,1002
2024-09-20 10:20:55.085000,424.3638486504563,105
2024-09-20 10:20:55.133000,424.3094405662924,99
2024-09-20 10:20:55.188000,424.34616196111386,104
2024-09-20 10:20:55.226000,424.3321910225833,103
2024-09-20 10:20:55.248000,424.3218290034351,15
2024-09-20 10:20:55.331000,424.33306744240457,9
2024-09-20 10:20:55.346000,424.3281000500396,105
2024-09-20 10:20:55.398000,424.3154433437773,6
2024-09-20 10:20:55.472000,424.3380145059455,10
2024-09-20 10:20:55.474000,424.31734379682433,7
2024-09-20 10:20:55.486000,424.32464734459904,98
2024-09-20 10:20:55.688000,424.309372102103,7
2024-09-20 10:20:55.721000,424.32763541376096,104
2024-09-20 10:20:55.735000,424.33724532353983,101
2024-09-20 10:20:55.751000,424.3318706643781,97
2024-09-20 10:20:55.775000,424.3584605492905,12
2024-09-20 10:20:55.835000,424.3259943790768,105
2024-09-20 10:20:55.888000,424.3576508304904,98
2024-09-20 10:20:55.888000,424.3596828469924,9
2024-09-20 10:20:55.926000,424.3289431754644,103
2024-09-20 10:20:56.020000,424.3299751849827,102
2024-09-20 10:20:56.080000,424.3356602409389,105
2024-09-20 10:20:56.128000,424.326983976808,1001
2024-09-20 10:20:56.234000,424.35445640691023,996
2024-09-20 10:20:56.244000,424.3607462555408,15
2024-09-20 10:20:56.280000,424.3302434596999,15
2024-09-20 10:20:56.295000,424.3596047267349,995
2024-09-20 10:20:56.316000,424.346946351528,8
2024-09-20 10:20:56.447000,424.3338050997157,1005
2024-09-20 10:20:56.472000,424.3457291560135,995
2024-09-20 10:20:56.551000,424.3397545367071,997
2024-09-20 10:20:56.551000,424.34593610133385,12
2024-09-20 10:20:56.567000,424.3485455844042,14
2024-09-20 10:20:56.622000,424.3364726415142,102
2024-09-20 10:20:56.739000,424.3630656709971,995
2024-09-20 10:20:56.783000,424.3275377935684,1000
2024-09-20 10:20:56.911000,424.36076862710433,103
2024-09-20 10:20:56.937000,424.3302462780493,1005
2024-09-20 10:20:57.013000,424.32998946913256,7
2024-09-20 10:20:57.130000,424.3480848933996,995
2024-09-20 10:20:57.254000,424.3400125877653,6
2024-09-20 10:20:59.008000,424.381953053227,13
2024-09-20 10:20:59.048000,424.38832567385685,996
2024-09-20 10:20:59.053000,424.3608622545081,98
2024-09-20 10:20:59.233000,424.3386273051893,97
2024-09-20 10:20:59.401000,424.3169583400386,1003
2024-09-20 10:20:59.629000,424.3728710198748,12
2024-09-20 10:20:59.636000,424.3772352072356,999
2024-09-20 10:20:59.681000,424.38176035038913,998
2024-09-20 10:20:59.737000,424.364016029522,1003
2024-09-20 10:20:59.752000,424.358637411899,11
2024-09-20 10:20:59.853000,424.3989334288802,11
2024-09-20 10:20:59.894000,424.3446938823444,105
