Timestamp,Price,Size
2024-09-18 10:09:00.010000,408.9529250385282,1005
2024-09-18 10:09:00.030000,408.9551699754993,997
2024-09-18 10:09:00.056000,408.97778565970447,101
2024-09-18 10:09:00.092000,408.9616489692559,104
2024-09-18 10:09:00.185000,408.9761924291358,8
2024-09-18 10:09:00.239000,409.0004780388084,1002
2024-09-18 10:09:00.244000,408.99533588844577,11
2024-09-18 10:09:00.317000,408.94321023546325,12
2024-09-18 10:09:00.329000,408.9740579105246,998
2024-09-18 10:09:00.794000,408.9602254361661,103
2024-09-18 10:09:00.800000,408.99567143997774,102
2024-09-18 10:09:00.985000,408.9612323994119,1000
2024-09-18 10:09:01.001000,408.9804397093226,100
2024-09-18 10:09:01.058000,408.98177757387936,996
2024-09-18 10:09:01.104000,408.9738752851714,10
2024-09-18 10:09:01.119000,408.96500753648166,103
2024-09-18 10:09:01.193000,408.94755074694814,5
2024-09-18 10:09:01.296000,408.9620426134514,95
2024-09-18 10:09:01.371000,408.9756561570328,101
2024-09-18 10:09:01.425000,408.95642168755546,100
2024-09-18 10:09:01.437000,408.9836593810583,98
2024-09-18 10:09:01.511000,408.97723472621874,1004
2024-09-18 10:09:01.519000,408.9603437669142,104
2024-09-18 10:09:01.609000,408.9814823562313,105
2024-09-18 10:09:01.614000,408.9943462059988,100
2024-09-18 10:09:01.628000,408.968876559005,10
2024-09-18 10:09:01.631000,408.9691919819672,6
2024-09-18 10:09:01.636000,408.9678532783242,15
2024-09-18 10:09:01.646000,408.9823008758699,1001
2024-09-18 10:09:01.680000,408.9915922832223,1000
2024-09-18 10:09:01.744000,408.9672241603852,10
2024-09-18 10:09:01.772000,408.98170076744367,100
2024-09-18 10:09:01.781000,408.983971288696,5
2024-09-18 10:09:01.817000,408.9479272827388,14
2024-09-18 10:09:01.857000,408.9555747948349,996
2024-09-18 10:09:01.919000,408.9812513909776,101
2024-09-18 10:09:02.034000,408.9325370818804,998
2024-09-18 10:09:02.043000,408.9170545941811,1000
2024-09-18 10:09:02.173000,408.8903658892032,1001
2024-09-18 10:09:02.227000,408.9154414956993,99
2024-09-18 10:09:02.337000,408.9238778685941,1004
2024-09-18 10:09:02.426000,408.9001180801317,96
2024-09-18 10:09:02.457000,408.86598718842856,13
2024-09-18 10:09:02.735000,408.9061275314128,101
2024-09-18 10:09:02.778000,408.888375380415,11
2024-09-18 10:09:02.802000,408.8985819286319,11
2024-09-18 10:09:02.832000,408.9441823912284,999
2024-09-18 10:09:03.044000,408.8436074095202,999
2024-09-18 10:09:03.048000,408.8982075946864,7
2024-09-18 10:09:03.082000,408.8761790617253,12
2024-09-18 10:09:03.083000,408.8720712462985,96
2024-09-18 10:09:03.108000,408.8731949808817,1005
2024-09-18 10:09:03.121000,408.8483074659624,9
2024-09-18 10:09:03.127000,408.83338080463415,104
2024-09-18 10:09:03.153000,408.8750000427981,105
2024-09-18 10:09:03.206000,408.8978422164688,996
2024-09-18 10:09:03.217000,408.8948914093879,15
2024-09-18 10:09:03.324000,408.8763401300073,95
2024-09-18 10:09:03.372000,408.81819089133694,103
2024-09-18 10:09:03.481000,408.8930960992482,999
2024-09-18 10:09:03.522000,408.87619253769685,5
2024-09-18 10:09:03.539000,408.88386619168375,9
2024-09-18 10:09:03.552000,408.8928463055373,5
2024-09-18 10:09:03.761000,408.8933329046395,996
2024-09-18 10:09:03.798000,408.8887714511125,6
2024-09-18 10:09:03.807000,408.83917695208834,1001
2024-09-18 10:09:03.849000,408.8380003147956,1005
2024-09-18 10:09:03.940000,408.89958545109977,1005
2024-09-18 10:09:04.001000,408.8718861757533,98
2024-09-18 10:09:04.010000,408.8456703621567,102
2024-09-18 10:09:04.032000,408.8310428238205,103
2024-09-18 10:09:04.072000,408.8152804246463,13
2024-09-18 10:09:04.116000,408.8092303262064,1004
2024-09-18 10:09:04.155000,408.82712222570666,104
2024-09-18 10:09:04.161000,408.8237585771767,101
2024-09-18 10:09:04.164000,408.84465408021697,996
2024-09-18 10:09:04.204000,408.79615335980617,7
2024-09-18 10:09:04.211000,408.8213763420733,11
2024-09-18 10:09:04.227000,408.8167544472229,98
2024-09-18 10:09:04.281000,408.8075763489371,6
2024-09-18 10:09:04.302000,408.8106297643424,1001
2024-09-18 10:09:04.314000,408.7965454332394,99
2024-09-18 10:09:04.353000,408.8321901605639,100
2024-09-18 10:09:04.402000,408.8275465861048,15
2024-09-18 10:09:04.407000,408.833649742763,105
2024-09-18 10:09:04.413000,408.8437697681992,14
2024-09-18 10:09:04.458000,408.8157588461539,1002
2024-09-18 10:09:04.467000,408.8368345066353,1005
2024-09-18 10:09:04.502000,408.8577389947232,12
2024-09-18 10:09:04.638000,408.8186295322787,15
2024-09-18 10:09:04.837000,408.8424285015295,100
2024-09-18 10:09:04.883000,408.8340971228809,1000
2024-09-18 10:09:04.909000,408.8301431117691,1003
2024-09-18 10:09:04.936000,408.88507327833867,5
2024-09-18 10:09:04.952000,408.8138916932896,1005
2024-09-18 10:09:04.966000,408.80707222958745,14
2024-09-18 10:09:05.012000,408.892990454514,1002
2024-09-18 10:09:05.018000,408.886129031151,97
2024-09-18 10:09:05.084000,408.9173184880669,1002
2024-09-18 10:09:05.087000,408.8850366137144,10
2024-09-18 10:09:05.089000,408.9367616867687,12
2024-09-18 10:09:05.130000,408.9044946500645,102
2024-09-18 10:09:05.198000,408.88563426498894,10
2024-09-18 10:09:05.223000,408.90550495528913,13
2024-09-18 10:09:05.237000,408.8758139208165,14
2024-09-18 10:09:05.240000,408.90401654850535,101
2024-09-18 10:09:05.262000,408.9093679979624,997
2024-09-18 10:09:05.264000,408.9155267373832,997
2024-09-18 10:09:05.308000,408.8752750243845,1004
2024-09-18 10:09:05.353000,408.9082913361144,101
2024-09-18 10:09:05.369000,408.9112722710786,13
2024-09-18 10:09:05.443000,408.8807579527839,1001
2024-09-18 10:09:05.455000,408.88914535918775,996
2024-09-18 10:09:05.567000,408.85813122734186,996
2024-09-18 10:09:05.601000,408.9033858446742,5
2024-09-18 10:09:05.624000,408.86429366294624,10
2024-09-18 10:09:05.814000,408.9062231164139,998
2024-09-18 10:09:05.833000,408.9213480510629,95
2024-09-18 10:09:05.897000,408.89303950717766,1005
2024-09-18 10:09:05.911000,408.8767079215002,9
2024-09-18 10:09:05.917000,408.9180631975692,8
2024-09-18 10:09:06.009000,408.98735101352577,1005
2024-09-18 10:09:06.192000,408.9694511675745,6
2024-09-18 10:09:06.225000,408.9595339180892,102
2024-09-18 10:09:06.242000,408.9584129166287,96
2024-09-18 10:09:06.261000,408.95152261118034,6
2024-09-18 10:09:06.332000,408.9329890972448,1003
2024-09-18 10:09:06.342000,408.97166938325927,8
2024-09-18 10:09:06.404000,408.9508531897612,7
2024-09-18 10:09:06.563000,408.9521348293852,996
2024-09-18 10:09:06.665000,408.9433961468937,10
2024-09-18 10:09:06.838000,408.9370883890743,105
2024-09-18 10:09:06.852000,408.9579497125104,101
2024-09-18 10:09:07.099000,408.9492600822057,95
2024-09-18 10:09:07.173000,408.9631925992071,1002
2024-09-18 10:09:07.216000,408.96811114854887,1001
2024-09-18 10:09:07.234000,408.96053478188463,995
2024-09-18 10:09:07.241000,408.9467613382302,6
2024-09-18 10:09:07.328000,408.9542383080909,104
2024-09-18 10:09:07.341000,408.9538937613046,995
2024-09-18 10:09:07.347000,408.9450703825888,995
2024-09-18 10:09:07.382000,408.94948748394006,98
2024-09-18 10:09:07.529000,408.9764448639086,98
2024-09-18 10:09:07.632000,408.9512568250719,1003
2024-09-18 10:09:07.673000,408.95874982239536,1002
2024-09-18 10:09:07.697000,408.9485109624112,10
2024-09-18 10:09:07.721000,408.9521630681241,10
2024-09-18 10:09:07.768000,408.9690358900977,999
2024-09-18 10:09:07.796000,408.9826938487482,999
2024-09-18 10:09:07.848000,408.9455299887379,1000
2024-09-18 10:09:07.868000,408.9360918980027,105
2024-09-18 10:09:07.906000,408.9365508243661,1004
2024-09-18 10:09:07.913000,408.95943904082657,1003
2024-09-18 10:09:07.923000,408.9616913465358,99
2024-09-18 10:09:07.963000,408.96952166015024,13
2024-09-18 10:09:08.179000,408.95536163739433,99
2024-09-18 10:09:08.232000,408.91319459112526,100
2024-09-18 10:09:08.438000,408.9347645607365,1003
2024-09-18 10:09:08.454000,408.9374819222833,95
2024-09-18 10:09:08.515000,408.9293568455101,997
2024-09-18 10:09:09.034000,408.99706328165047,1002
2024-09-18 10:09:09.054000,408.91809862589554,11
2024-09-18 10:09:09.095000,408.9951528802749,15
2024-09-18 10:09:09.133000,408.98278063514414,15
2024-09-18 10:09:09.144000,408.9461066728671,9
2024-09-18 10:09:09.257000,408.9432122225669,999
2024-09-18 10:09:09.320000,408.9821824675278,1002
2024-09-18 10:09:09.325000,408.9596262948584,98
2024-09-18 10:09:09.391000,408.9443516168153,8
2024-09-18 10:09:09.409000,408.9756896837467,97
2024-09-18 10:09:09.431000,408.9822853542989,15
2024-09-18 10:09:09.455000,408.9870336660391,99
2024-09-18 10:09:09.589000,408.9750961682997,999
2024-09-18 10:09:09.670000,408.9837363576264,996
2024-09-18 10:09:09.777000,408.9924631333216,996
2024-09-18 10:09:09.780000,408.9926881429255,9
2024-09-18 10:09:09.814000,408.99443777773536,996
2024-09-18 10:09:09.823000,409.00118067211616,11
2024-09-18 10:09:09.879000,408.947485224674,1005
2024-09-18 10:09:09.896000,408.9454988891309,13
2024-09-18 10:09:09.903000,408.9590499395685,1003
2024-09-18 10:09:09.916000,408.95572292342007,13
2024-09-18 10:09:09.932000,408.9548556653722,15
2024-09-18 10:09:09.954000,408.98781991065545,1001
2024-09-18 10:09:09.987000,408.9387723513564,9
2024-09-18 10:09:10.006000,408.9334541933907,96
2024-09-18 10:09:10.113000,408.9123819307663,102
2024-09-18 10:09:10.187000,408.8976044351306,10
2024-09-18 10:09:10.210000,408.95406085845775,105
2024-09-18 10:09:10.242000,408.8846513134038,95
2024-09-18 10:09:10.268000,408.9548874733193,14
2024-09-18 10:09:10.303000,408.912627019389,11
2024-09-18 10:09:10.397000,408.9068637077456,1002
2024-09-18 10:09:10.433000,408.87963650551416,7
2024-09-18 10:09:10.472000,408.895429400153,8
2024-09-18 10:09:10.476000,408.9534383556063,12
2024-09-18 10:09:10.507000,408.89757219165546,997
2024-09-18 10:09:10.553000,408.8891175944718,7
2024-09-18 10:09:10.596000,408.8756397207732,9
2024-09-18 10:09:10.614000,408.9173178135781,10
2024-09-18 10:09:10.643000,408.88510214025575,1003
2024-09-18 10:09:10.742000,408.9113229526093,10
2024-09-18 10:09:10.769000,408.9143201643204,996
2024-09-18 10:09:10.864000,408.91985184147865,96
2024-09-18 10:09:11.042000,408.9007741358124,1004
2024-09-18 10:09:11.070000,408.88486031549024,997
2024-09-18 10:09:11.153000,408.86183410465605,15
2024-09-18 10:09:11.184000,408.9050853388312,100
2024-09-18 10:09:11.404000,408.8878819832341,997
2024-09-18 10:09:11.696000,408.8975173028239,13
2024-09-18 10:09:11.759000,408.9126691212365,96
2024-09-18 10:09:11.794000,408.8881520826528,998
2024-09-18 10:09:11.814000,408.8773243825901,1002
2024-09-18 10:09:11.868000,408.8827605736584,1005
2024-09-18 10:09:11.944000,408.879369449999,996
2024-09-18 10:09:11.953000,408.8808018862521,95
2024-09-18 10:09:12.014000,408.9202283104726,1000
2024-09-18 10:09:12.033000,408.9238842966514,998
2024-09-18 10:09:12.053000,408.9190277650514,996
2024-09-18 10:09:12.087000,408.9604019109384,101
2024-09-18 10:09:12.155000,408.9293731434698,5
2024-09-18 10:09:12.224000,408.9351324702829,998
2024-09-18 10:09:12.240000,408.9276172318396,1000
2024-09-18 10:09:12.279000,408.9004801537102,99
2024-09-18 10:09:12.307000,408.9459730535065,14
2024-09-18 10:09:12.325000,408.9336297008921,1003
2024-09-18 10:09:12.412000,408.93433377706367,102
2024-09-18 10:09:12.491000,408.9436008402012,1002
2024-09-18 10:09:12.621000,408.9418588267202,6
2024-09-18 10:09:12.646000,408.9345213464977,1004
2024-09-18 10:09:12.679000,408.919488225136,100
2024-09-18 10:09:12.699000,408.9281065250258,5
2024-09-18 10:09:12.757000,408.93059587804015,1000
2024-09-18 10:09:12.759000,408.94307481756806,97
2024-09-18 10:09:12.781000,408.9555948100162,997
2024-09-18 10:09:12.789000,408.9203039112529,13
2024-09-18 10:09:12.818000,408.9348800554576,102
2024-09-18 10:09:12.828000,408.9311497834374,996
2024-09-18 10:09:12.881000,408.9279904682948,101
2024-09-18 10:09:12.888000,408.9012358377074,15
2024-09-18 10:09:12.986000,408.9158210923196,1005
2024-09-18 10:09:12.999000,408.9267929395056,1001
2024-09-18 10:09:13.072000,408.9388286350876,96
2024-09-18 10:09:13.290000,408.8939378485141,1004
2024-09-18 10:09:13.396000,408.9350649597591,97
2024-09-18 10:09:13.483000,408.89395605912927,999
2024-09-18 10:09:13.487000,408.9357358083111,7
2024-09-18 10:09:13.487000,408.8949984937961,996
2024-09-18 10:09:13.532000,408.9139237687972,1004
2024-09-18 10:09:13.592000,408.8918968824141,15
2024-09-18 10:09:13.605000,408.9227607491045,1002
2024-09-18 10:09:13.647000,408.9057985407085,103
2024-09-18 10:09:13.663000,408.941418110059,998
2024-09-18 10:09:13.724000,408.9105861578383,103
2024-09-18 10:09:13.787000,408.9422131047118,998
2024-09-18 10:09:13.800000,408.9103934398313,996
2024-09-18 10:09:13.836000,408.9010535117934,997
2024-09-18 10:09:13.837000,408.9061064282168,10
2024-09-18 10:09:13.859000,408.93873116237353,5
2024-09-18 10:09:13.890000,408.9054872378832,15
2024-09-18 10:09:13.977000,408.9178912966437,1004
2024-09-18 10:09:13.980000,408.9296090858088,101
2024-09-18 10:09:14.009000,408.95875489532176,12
2024-09-18 10:09:14.089000,408.9184944916429,7
2024-09-18 10:09:14.092000,408.8924991312877,9
2024-09-18 10:09:14.223000,408.9739844749611,1004
2024-09-18 10:09:14.272000,408.9634794317189,1002
2024-09-18 10:09:14.290000,408.96894490910415,15
2024-09-18 10:09:14.328000,408.9099808822505,98
2024-09-18 10:09:14.330000,408.9333374645763,102
2024-09-18 10:09:14.350000,408.9191572325279,97
2024-09-18 10:09:14.372000,408.9622851582853,7
2024-09-18 10:09:14.400000,408.9529767122544,1005
2024-09-18 10:09:14.430000,408.9263283857195,1003
2024-09-18 10:09:14.436000,408.96151303821546,11
2024-09-18 10:09:14.486000,408.95557446474055,9
2024-09-18 10:09:14.517000,408.94601006519326,998
2024-09-18 10:09:14.674000,408.9545199037918,98
2024-09-18 10:09:14.691000,408.9089615774727,15
2024-09-18 10:09:14.734000,408.90034834268096,996
2024-09-18 10:09:14.761000,408.95533472764055,6
2024-09-18 10:09:14.852000,408.9036009484922,100
2024-09-18 10:09:14.935000,408.9478251752746,1004
2024-09-18 10:09:14.962000,408.9448773146805,11
2024-09-18 10:09:15.019000,408.9755962509096,100
2024-09-18 10:09:15.020000,408.9504252812651,105
2024-09-18 10:09:15.020000,408.926322562817,9
2024-09-18 10:09:15.166000,408.9336069938337,9
2024-09-18 10:09:15.254000,408.9878663962997,9
2024-09-18 10:09:15.259000,408.9322894211127,1004
2024-09-18 10:09:15.393000,408.9839718614057,96
2024-09-18 10:09:15.436000,408.962834456836,14
2024-09-18 10:09:15.496000,408.9388473541207,14
2024-09-18 10:09:15.595000,408.9497474893877,9
2024-09-18 10:09:15.761000,408.9260532142486,10
2024-09-18 10:09:15.816000,408.9339131777501,1000
2024-09-18 10:09:15.821000,408.95300947079824,95
2024-09-18 10:09:15.878000,408.9334079461527,996
2024-09-18 10:09:16.243000,408.9269163086002,999
2024-09-18 10:09:16.274000,408.92548994478886,6
2024-09-18 10:09:16.301000,408.9286015048589,96
2024-09-18 10:09:16.513000,408.9276369180861,104
2024-09-18 10:09:16.544000,408.9402962264589,13
2024-09-18 10:09:16.559000,408.933616369322,6
2024-09-18 10:09:16.628000,408.9476799074958,10
2024-09-18 10:09:16.750000,408.9327749541362,15
2024-09-18 10:09:17.058000,408.9239355887426,14
2024-09-18 10:09:17.250000,408.91885024631074,13
2024-09-18 10:09:17.444000,408.9207917582164,105
2024-09-18 10:09:17.449000,408.9263273313122,9
2024-09-18 10:09:17.464000,408.9473632644947,1001
2024-09-18 10:09:17.549000,408.934057474042,1004
2024-09-18 10:09:17.660000,408.9481226827384,12
2024-09-18 10:09:18.117000,408.9421761779821,10
2024-09-18 10:09:18.744000,408.9346330814201,13
2024-09-18 10:09:18.900000,408.9435278183972,95
2024-09-18 10:09:18.903000,408.931255546701,7
2024-09-18 10:09:19.013000,408.93985566411146,995
2024-09-18 10:09:19.059000,408.9467646863692,95
2024-09-18 10:09:19.492000,408.93726646052767,95
2024-09-18 10:09:19.504000,408.9534167691024,1000
2024-09-18 10:09:19.526000,408.9134096771131,1003
2024-09-18 10:09:19.534000,408.94056960500905,1005
2024-09-18 10:09:19.539000,408.9323905009997,5
2024-09-18 10:09:19.782000,408.9138674102048,96
2024-09-18 10:09:19.793000,408.9300079518791,1005
2024-09-18 10:09:19.802000,408.9230200009398,12
2024-09-18 10:09:19.823000,408.9437658013452,98
2024-09-18 10:09:19.882000,408.9418181275483,1004
2024-09-18 10:09:19.897000,408.9233371411448,996
2024-09-18 10:09:19.984000,408.9477320309666,8
2024-09-18 10:09:20.124000,408.9237375453751,999
2024-09-18 10:09:20.224000,408.9191394569497,1000
2024-09-18 10:09:20.467000,408.9320108587599,998
2024-09-18 10:09:20.591000,408.9140179329253,103
2024-09-18 10:09:20.678000,408.9211338150433,97
2024-09-18 10:09:20.919000,408.9192247495234,1003
2024-09-18 10:09:21.030000,408.8831492815293,11
2024-09-18 10:09:21.116000,408.857227580495,9
2024-09-18 10:09:21.143000,408.8812665594666,6
2024-09-18 10:09:21.191000,408.8567318939968,998
2024-09-18 10:09:21.203000,408.858555938535,13
2024-09-18 10:09:21.230000,408.8565573433028,1002
2024-09-18 10:09:21.261000,408.8858473795581,1000
2024-09-18 10:09:21.263000,408.8472356677984,995
2024-09-18 10:09:21.270000,408.8596508967805,1005
2024-09-18 10:09:21.296000,408.8547031559105,14
2024-09-18 10:09:21.316000,408.8642189876746,99
2024-09-18 10:09:21.335000,408.86765876872266,6
2024-09-18 10:09:21.382000,408.8730162217893,5
2024-09-18 10:09:21.417000,408.91206345693456,101
2024-09-18 10:09:21.499000,408.8570747504535,101
2024-09-18 10:09:21.519000,408.8652169703631,8
2024-09-18 10:09:21.542000,408.90887016905714,8
2024-09-18 10:09:21.588000,408.8803130200528,96
2024-09-18 10:09:21.706000,408.87513104148206,1002
2024-09-18 10:09:21.819000,408.87381055772767,12
2024-09-18 10:09:21.853000,408.9198471845825,1004
2024-09-18 10:09:21.943000,408.8655019481869,100
2024-09-18 10:09:22.007000,408.842394271876,98
2024-09-18 10:09:22.126000,408.8374984544427,1004
2024-09-18 10:09:22.173000,408.7942760965682,103
2024-09-18 10:09:22.208000,408.8546831639319,11
2024-09-18 10:09:22.223000,408.7982395675567,14
2024-09-18 10:09:22.253000,408.8021672851148,12
2024-09-18 10:09:22.415000,408.8428924620856,996
2024-09-18 10:09:22.506000,408.8034801235474,12
2024-09-18 10:09:22.535000,408.80045529123214,1005
2024-09-18 10:09:22.587000,408.8062927356558,103
2024-09-18 10:09:22.697000,408.8049869315315,100
2024-09-18 10:09:22.743000,408.8054685626453,10
2024-09-18 10:09:22.775000,408.85397499568336,12
2024-09-18 10:09:22.821000,408.7900842369219,102
2024-09-18 10:09:22.944000,408.8022599506467,99
2024-09-18 10:09:22.957000,408.8044172713246,15
2024-09-18 10:09:23.050000,408.8204994150696,100
2024-09-18 10:09:23.122000,408.8720729398474,96
2024-09-18 10:09:23.135000,408.9031045176437,5
2024-09-18 10:09:23.204000,408.8154419263413,8
2024-09-18 10:09:23.245000,408.8780271237097,103
2024-09-18 10:09:23.270000,408.8212658737554,5
2024-09-18 10:09:23.274000,408.8709850973857,1002
2024-09-18 10:09:23.305000,408.8787823649116,998
2024-09-18 10:09:23.318000,408.91415693365695,100
2024-09-18 10:09:23.414000,408.8304216661679,103
2024-09-18 10:09:23.474000,408.863788509776,12
2024-09-18 10:09:23.628000,408.8436701643069,1003
2024-09-18 10:09:23.744000,408.8949383031894,6
2024-09-18 10:09:23.762000,408.8679977406423,11
2024-09-18 10:09:23.928000,408.8366791362835,6
2024-09-18 10:09:24.001000,408.9515443044088,998
2024-09-18 10:09:24.003000,408.9041972939039,7
2024-09-18 10:09:24.009000,408.9108160111674,101
2024-09-18 10:09:24.021000,408.9113812776631,103
2024-09-18 10:09:24.078000,408.9795393387081,998
2024-09-18 10:09:24.180000,408.9236257752989,105
2024-09-18 10:09:24.219000,408.9092408300071,7
2024-09-18 10:09:24.350000,408.9593618358808,7
2024-09-18 10:09:24.369000,408.897879147295,11
2024-09-18 10:09:24.422000,408.9117499622365,1002
2024-09-18 10:09:24.453000,408.9520549786023,95
2024-09-18 10:09:24.457000,408.9005433089935,12
2024-09-18 10:09:24.554000,408.8937559846861,7
2024-09-18 10:09:24.667000,408.9991901237845,103
2024-09-18 10:09:24.678000,408.9569424784884,12
2024-09-18 10:09:24.728000,408.91873143534286,15
2024-09-18 10:09:24.799000,408.9142600022915,9
2024-09-18 10:09:24.850000,408.9048065854265,101
2024-09-18 10:09:24.852000,408.97138641519,999
2024-09-18 10:09:24.853000,408.9083946805912,101
2024-09-18 10:09:24.959000,408.9209980553185,99
2024-09-18 10:09:25.076000,409.0584143692992,99
2024-09-18 10:09:25.208000,409.00578914779504,8
2024-09-18 10:09:25.352000,409.0386898368265,12
2024-09-18 10:09:25.509000,409.00070427693305,101
2024-09-18 10:09:25.520000,408.9896501979173,102
2024-09-18 10:09:25.589000,409.0035452090044,14
2024-09-18 10:09:25.612000,409.04913265421015,1004
2024-09-18 10:09:25.682000,409.0569551928276,7
2024-09-18 10:09:25.827000,409.0453995709689,997
2024-09-18 10:09:25.925000,409.0543694065938,998
2024-09-18 10:09:26.223000,409.05372588181706,5
2024-09-18 10:09:26.236000,409.0760009970196,14
2024-09-18 10:09:26.236000,409.0470317892439,998
2024-09-18 10:09:26.860000,409.0551246344093,7
2024-09-18 10:09:26.868000,409.0634741288056,96
2024-09-18 10:09:26.945000,409.0557790275234,997
2024-09-18 10:09:27.007000,409.0616574727935,7
2024-09-18 10:09:27.101000,409.0696640858562,95
2024-09-18 10:09:27.207000,409.0912773905633,13
2024-09-18 10:09:27.234000,409.08225675993816,1004
2024-09-18 10:09:27.258000,409.0759331534171,97
2024-09-18 10:09:27.329000,409.0694989557404,96
2024-09-18 10:09:27.378000,409.0687128230037,995
2024-09-18 10:09:27.436000,409.07500718586766,13
2024-09-18 10:09:27.671000,409.06576655804025,9
2024-09-18 10:09:27.893000,409.074839183304,12
2024-09-18 10:09:28.146000,409.1501334014826,996
2024-09-18 10:09:28.306000,409.0996466439577,1003
2024-09-18 10:09:28.311000,409.1115547849389,11
2024-09-18 10:09:28.321000,409.1326735510196,104
2024-09-18 10:09:28.332000,409.1326142344673,13
2024-09-18 10:09:28.339000,409.1094593620428,998
2024-09-18 10:09:28.354000,409.12871326670063,1005
2024-09-18 10:09:28.364000,409.144602513806,102
2024-09-18 10:09:28.389000,409.1321681432968,101
2024-09-18 10:09:28.414000,409.16468251409447,15
2024-09-18 10:09:28.449000,409.1211259589408,103
2024-09-18 10:09:28.533000,409.09242802952,103
2024-09-18 10:09:28.555000,409.1103995751729,103
2024-09-18 10:09:28.572000,409.1211287449162,97
2024-09-18 10:09:28.612000,409.1293888371122,998
2024-09-18 10:09:28.615000,409.10744678289154,8
2024-09-18 10:09:28.635000,409.1508488536199,1005
2024-09-18 10:09:28.645000,409.1379670344565,14
2024-09-18 10:09:28.663000,409.1184923035953,100
2024-09-18 10:09:28.667000,409.1115974333864,1002
2024-09-18 10:09:28.690000,409.1459110770907,8
2024-09-18 10:09:28.814000,409.08119031446665,98
2024-09-18 10:09:28.845000,409.1267588142398,7
2024-09-18 10:09:28.850000,409.1475420203468,14
2024-09-18 10:09:28.870000,409.1003066283829,97
2024-09-18 10:09:28.897000,409.0871546558257,9
2024-09-18 10:09:29.025000,409.0689333271383,1000
2024-09-18 10:09:29.030000,409.0990724058054,1001
2024-09-18 10:09:29.041000,409.16605336852535,7
2024-09-18 10:09:29.077000,409.1385163123631,1005
2024-09-18 10:09:29.083000,409.1922388173254,13
2024-09-18 10:09:29.107000,409.10449293977945,996
2024-09-18 10:09:29.182000,409.0522490112401,12
2024-09-18 10:09:29.247000,409.13332307234,9
2024-09-18 10:09:29.259000,409.20212352933055,5
2024-09-18 10:09:29.290000,409.0960251808035,97
2024-09-18 10:09:29.300000,409.0558034253815,9
2024-09-18 10:09:29.328000,409.1806061729312,999
2024-09-18 10:09:29.337000,409.05682337847736,105
2024-09-18 10:09:29.341000,409.0990788230183,10
2024-09-18 10:09:29.353000,409.20235450306495,13
2024-09-18 10:09:29.371000,409.1227755824426,99
2024-09-18 10:09:29.412000,409.1545379283354,11
2024-09-18 10:09:29.478000,409.1813123467722,95
2024-09-18 10:09:29.584000,409.1874946190685,999
2024-09-18 10:09:29.703000,409.0993884305296,95
2024-09-18 10:09:29.721000,409.14492760352255,10
2024-09-18 10:09:29.784000,409.1005703562216,6
2024-09-18 10:09:29.806000,409.0508659973009,1003
2024-09-18 10:09:29.819000,409.0824228048035,101
2024-09-18 10:09:29.883000,409.1652557937382,102
2024-09-18 10:09:29.891000,409.091290803832,5
2024-09-18 10:09:29.970000,409.1954633308729,11
2024-09-18 10:09:30.942000,409.0332081398495,1005
2024-09-18 10:09:31.534000,409.0510304243866,11
2024-09-18 10:09:32.037000,409.0260199546679,999
2024-09-18 10:09:32.041000,409.0233653307408,999
2024-09-18 10:09:32.059000,409.01209375249374,13
2024-09-18 10:09:32.081000,408.9860057563231,999
2024-09-18 10:09:32.095000,409.0033572480296,104
2024-09-18 10:09:32.123000,409.011245829192,1003
2024-09-18 10:09:32.143000,409.0195371496345,103
2024-09-18 10:09:32.155000,409.00570793275375,13
2024-09-18 10:09:32.169000,409.0346780874453,997
2024-09-18 10:09:32.170000,409.0301534037188,13
2024-09-18 10:09:32.183000,408.9809659703156,13
2024-09-18 10:09:32.208000,409.0359029237163,9
2024-09-18 10:09:32.230000,409.02728685884,96
2024-09-18 10:09:32.239000,409.02444305947466,99
2024-09-18 10:09:32.246000,408.9628543909752,1002
2024-09-18 10:09:32.353000,409.0089238277432,9
2024-09-18 10:09:32.372000,408.98953100997227,99
2024-09-18 10:09:32.541000,408.9696183809404,1000
2024-09-18 10:09:32.614000,409.0229698610228,10
2024-09-18 10:09:32.687000,409.0038089851695,6
2024-09-18 10:09:32.687000,409.0107373097106,6
2024-09-18 10:09:32.748000,408.988341057141,995
2024-09-18 10:09:32.763000,409.0665027889033,103
2024-09-18 10:09:32.769000,409.0086322621036,8
2024-09-18 10:09:32.771000,409.0282291875295,102
2024-09-18 10:09:32.852000,409.0393526111219,7
2024-09-18 10:09:32.901000,409.0419037990597,105
2024-09-18 10:09:33.490000,408.97823704420045,5
2024-09-18 10:09:33.577000,408.9379846577466,998
2024-09-18 10:09:33.707000,408.99229623516834,1003
2024-09-18 10:09:33.906000,408.9742738080951,1004
2024-09-18 10:09:33.924000,408.92995841446185,97
2024-09-18 10:09:34.014000,408.9301455901883,1002
2024-09-18 10:09:34.522000,408.927065961872,7
2024-09-18 10:09:36.013000,408.9288939795441,103
2024-09-18 10:09:36.067000,408.90037335663806,11
2024-09-18 10:09:36.077000,408.9346008393821,1002
2024-09-18 10:09:36.104000,408.89843512113777,1004
2024-09-18 10:09:36.129000,408.93498181966817,997
2024-09-18 10:09:36.149000,408.94044155325975,1005
2024-09-18 10:09:36.155000,408.8933496127497,95
2024-09-18 10:09:36.171000,408.92439413209735,999
2024-09-18 10:09:36.181000,408.95217843579,8
2024-09-18 10:09:36.261000,408.942820911684,105
2024-09-18 10:09:36.293000,408.9223862956471,100
2024-09-18 10:09:36.300000,408.9124095407653,12
2024-09-18 10:09:36.310000,408.8948516099235,1001
2024-09-18 10:09:36.326000,408.9342784900013,96
2024-09-18 10:09:36.404000,408.9362875671923,10
2024-09-18 10:09:36.441000,408.89377980495976,997
2024-09-18 10:09:36.467000,408.9173233425972,99
2024-09-18 10:09:36.480000,408.8960399567468,14
2024-09-18 10:09:36.481000,408.9441101881576,103
2024-09-18 10:09:36.494000,408.9162629824893,1002
2024-09-18 10:09:36.547000,408.9374877623303,14
2024-09-18 10:09:36.585000,408.9024486381901,15
2024-09-18 10:09:36.626000,408.8994614148354,11
2024-09-18 10:09:36.662000,408.890094364593,10
2024-09-18 10:09:36.678000,408.9523540338618,995
2024-09-18 10:09:36.706000,408.88916523746514,11
2024-09-18 10:09:36.831000,408.9109181737232,104
2024-09-18 10:09:36.878000,408.9388163112487,997
2024-09-18 10:09:36.940000,408.93344421450735,1000
2024-09-18 10:09:36.950000,408.9113718695704,96
2024-09-18 10:09:37.200000,408.8738048866125,11
2024-09-18 10:09:37.226000,408.865851744162,1005
2024-09-18 10:09:37.300000,408.8887879642963,101
2024-09-18 10:09:37.304000,408.9155653278192,96
2024-09-18 10:09:37.327000,408.8568203187575,101
2024-09-18 10:09:37.329000,408.8527281468358,10
2024-09-18 10:09:37.340000,408.86742858169663,1005
2024-09-18 10:09:37.444000,408.8916386669316,99
2024-09-18 10:09:37.492000,408.8571965069607,100
2024-09-18 10:09:37.588000,408.8630813633673,95
2024-09-18 10:09:37.600000,408.8811750364521,998
2024-09-18 10:09:37.616000,408.87234525130543,999
2024-09-18 10:09:37.637000,408.85440991886526,103
2024-09-18 10:09:37.827000,408.8583107689874,12
2024-09-18 10:09:37.856000,408.8529061149276,6
2024-09-18 10:09:37.880000,408.9078795770809,13
2024-09-18 10:09:37.882000,408.88425861827983,996
2024-09-18 10:09:37.898000,408.8800455434432,995
2024-09-18 10:09:37.916000,408.8657785662914,1003
2024-09-18 10:09:37.971000,408.87648518524566,1004
2024-09-18 10:09:37.988000,408.8689585645584,7
2024-09-18 10:09:38.070000,408.8417953485388,996
2024-09-18 10:09:38.079000,408.8630525270201,103
2024-09-18 10:09:38.244000,408.87752307851576,98
2024-09-18 10:09:38.246000,408.84331416177,12
2024-09-18 10:09:38.252000,408.9054385771922,998
2024-09-18 10:09:38.264000,408.8602207136314,100
2024-09-18 10:09:38.290000,408.84532204803935,999
2024-09-18 10:09:38.353000,408.8811286074878,97
2024-09-18 10:09:38.403000,408.8921279009837,12
2024-09-18 10:09:38.493000,408.9500864256368,7
2024-09-18 10:09:38.544000,408.9636005960324,1004
2024-09-18 10:09:38.611000,408.87116356976816,13
2024-09-18 10:09:38.615000,408.8593592001836,997
2024-09-18 10:09:38.654000,408.882252705455,999
2024-09-18 10:09:38.704000,408.91333681819617,15
2024-09-18 10:09:38.791000,408.8699923806744,1000
2024-09-18 10:09:38.832000,408.8718570525637,7
2024-09-18 10:09:38.856000,408.8372620399701,14
2024-09-18 10:09:38.884000,408.8480908894253,10
2024-09-18 10:09:38.916000,408.9411908810403,12
2024-09-18 10:09:38.945000,408.84122142185504,98
2024-09-18 10:09:38.946000,408.8714221109416,8
2024-09-18 10:09:39.007000,408.92344260440416,103
2024-09-18 10:09:39.084000,408.9425621317403,99
2024-09-18 10:09:39.117000,408.92711821832216,5
2024-09-18 10:09:39.205000,408.9212456200705,15
2024-09-18 10:09:39.233000,408.9334401895243,997
2024-09-18 10:09:39.273000,408.9192236285271,100
2024-09-18 10:09:39.384000,408.9286069054665,1005
2024-09-18 10:09:39.430000,408.9645470150868,1002
2024-09-18 10:09:39.441000,408.9553755738039,15
2024-09-18 10:09:39.490000,408.9346623234323,1001
2024-09-18 10:09:39.600000,408.94584057828143,1004
2024-09-18 10:09:39.667000,408.9130154401017,8
2024-09-18 10:09:39.760000,408.9379770157617,100
2024-09-18 10:09:39.779000,408.91017170348175,96
2024-09-18 10:09:39.782000,408.8918607637667,1004
2024-09-18 10:09:39.845000,408.9256404760607,9
2024-09-18 10:09:39.866000,408.96926780078553,10
2024-09-18 10:09:39.884000,408.9175317766011,9
2024-09-18 10:09:39.929000,408.9536351102264,104
2024-09-18 10:09:40.043000,408.86470806328697,12
2024-09-18 10:09:40.075000,408.9014117727697,99
2024-09-18 10:09:40.177000,408.90284302408895,7
2024-09-18 10:09:40.226000,408.9357719058268,997
2024-09-18 10:09:40.267000,408.923252940389,95
2024-09-18 10:09:40.339000,408.8834403546773,104
2024-09-18 10:09:40.443000,408.9200016587788,999
2024-09-18 10:09:40.487000,408.9348639568224,1001
2024-09-18 10:09:40.530000,408.8693939989594,104
2024-09-18 10:09:40.561000,408.8859711874529,7
2024-09-18 10:09:40.573000,408.90167578244336,104
2024-09-18 10:09:40.828000,408.9328400147258,8
2024-09-18 10:09:40.879000,408.8876275327103,105
2024-09-18 10:09:40.944000,408.9261595525088,15
2024-09-18 10:09:41.025000,408.8560084198128,10
2024-09-18 10:09:41.030000,408.8658643858612,98
2024-09-18 10:09:41.066000,408.888907057155,100
2024-09-18 10:09:41.143000,408.8670459535791,996
2024-09-18 10:09:41.268000,408.8522618661039,98
2024-09-18 10:09:41.312000,408.8630764789684,14
2024-09-18 10:09:41.326000,408.91618055761467,1003
2024-09-18 10:09:41.465000,408.8474598330114,1003
2024-09-18 10:09:41.505000,408.8743898549568,6
2024-09-18 10:09:41.743000,408.8482255718076,1004
2024-09-18 10:09:41.770000,408.9262487513934,1001
2024-09-18 10:09:41.887000,408.9231555986191,98
2024-09-18 10:09:41.921000,408.862366471951,13
2024-09-18 10:09:42.106000,408.91423998197024,996
2024-09-18 10:09:42.109000,408.8949858502573,6
2024-09-18 10:09:42.117000,408.9074678113412,102
2024-09-18 10:09:42.321000,408.89965519533416,6
2024-09-18 10:09:42.375000,408.90840521295456,95
2024-09-18 10:09:42.398000,408.8935662485666,105
2024-09-18 10:09:42.419000,408.8965140182028,102
2024-09-18 10:09:42.473000,408.9009301422932,13
2024-09-18 10:09:42.565000,408.92530635381536,100
2024-09-18 10:09:42.603000,408.892109198334,14
2024-09-18 10:09:42.710000,408.9033381997583,997
2024-09-18 10:09:42.758000,408.8966608549294,9
2024-09-18 10:09:42.804000,408.907376419468,1003
2024-09-18 10:09:42.929000,408.8905006240623,1005
2024-09-18 10:09:42.948000,408.8911879784395,1004
2024-09-18 10:09:42.997000,408.90677799309054,96
2024-09-18 10:09:43.050000,408.8616880153872,98
2024-09-18 10:09:43.184000,408.84549620904966,15
2024-09-18 10:09:43.188000,408.86381547170384,96
2024-09-18 10:09:43.190000,408.8574730244923,104
2024-09-18 10:09:43.359000,408.8266033597715,996
2024-09-18 10:09:43.360000,408.8574888051803,5
2024-09-18 10:09:43.367000,408.8590427149263,1002
2024-09-18 10:09:43.427000,408.8515514868441,1005
2024-09-18 10:09:43.469000,408.8356619004389,104
2024-09-18 10:09:43.490000,408.860583657819,8
2024-09-18 10:09:43.526000,408.8549490374245,99
2024-09-18 10:09:43.633000,408.85951868552496,1000
2024-09-18 10:09:43.662000,408.84696525511663,1000
2024-09-18 10:09:43.666000,408.8587226363693,13
2024-09-18 10:09:43.740000,408.8769913442916,1003
2024-09-18 10:09:43.859000,408.8548847883681,1000
2024-09-18 10:09:43.881000,408.8491364596917,99
2024-09-18 10:09:44.034000,408.7945342181485,999
2024-09-18 10:09:44.155000,408.8027245700625,104
2024-09-18 10:09:44.309000,408.82409516542015,1002
2024-09-18 10:09:44.310000,408.7969508901568,98
2024-09-18 10:09:44.335000,408.7851381407266,99
2024-09-18 10:09:44.355000,408.8155282940677,101
2024-09-18 10:09:44.416000,408.8182809899021,1002
2024-09-18 10:09:44.515000,408.8105990018959,104
2024-09-18 10:09:44.561000,408.793652424644,1002
2024-09-18 10:09:44.579000,408.80832900469545,1001
2024-09-18 10:09:44.630000,408.824702873665,1004
2024-09-18 10:09:44.661000,408.8026813432412,1003
2024-09-18 10:09:44.714000,408.8197963161961,5
2024-09-18 10:09:44.752000,408.8052496684278,7
2024-09-18 10:09:44.785000,408.7963200527254,5
2024-09-18 10:09:44.865000,408.7965798968223,1000
2024-09-18 10:09:44.868000,408.7958649412277,101
2024-09-18 10:09:44.889000,408.8098273402638,11
2024-09-18 10:09:44.894000,408.7966411364974,104
2024-09-18 10:09:44.917000,408.80471282921184,10
2024-09-18 10:09:44.941000,408.7770678045858,103
2024-09-18 10:09:44.957000,408.7917795209319,1004
2024-09-18 10:09:45.405000,408.8172000012007,10
2024-09-18 10:09:45.645000,408.830876616271,99
2024-09-18 10:09:45.814000,408.80752456461136,10
2024-09-18 10:09:46.041000,408.8319273874836,6
2024-09-18 10:09:46.672000,408.84306979473416,96
2024-09-18 10:09:47.047000,408.802086396596,995
2024-09-18 10:09:47.121000,408.81707808826087,1003
2024-09-18 10:09:47.277000,408.8001216225688,995
2024-09-18 10:09:47.283000,408.783206240435,1002
2024-09-18 10:09:47.386000,408.8032363334343,105
2024-09-18 10:09:47.512000,408.8011276199343,15
2024-09-18 10:09:47.944000,408.8097470561724,103
2024-09-18 10:09:48.537000,408.8347405594925,1003
2024-09-18 10:09:48.630000,408.83438056383153,98
2024-09-18 10:09:48.634000,408.8206887777193,1005
2024-09-18 10:09:49.012000,408.8607283260836,9
2024-09-18 10:09:49.135000,408.8854917557891,104
2024-09-18 10:09:49.250000,408.92597833121386,1005
2024-09-18 10:09:49.280000,408.92247476583566,6
2024-09-18 10:09:49.290000,408.8342132893313,5
2024-09-18 10:09:49.302000,408.86989729123286,9
2024-09-18 10:09:49.361000,408.9216577657199,100
2024-09-18 10:09:49.393000,408.9335948235273,1000
2024-09-18 10:09:49.425000,408.8451175615194,1001
2024-09-18 10:09:49.439000,408.8975249139917,104
2024-09-18 10:09:49.485000,408.92669408145167,8
2024-09-18 10:09:49.528000,408.85376641324336,103
2024-09-18 10:09:49.578000,408.913102470543,15
2024-09-18 10:09:49.582000,408.8525269725086,5
2024-09-18 10:09:49.610000,408.8465091404668,97
2024-09-18 10:09:49.683000,408.8744149626734,1000
2024-09-18 10:09:49.698000,408.85271858469264,9
2024-09-18 10:09:49.699000,408.8691323157397,1005
2024-09-18 10:09:49.723000,408.84292677599313,1004
2024-09-18 10:09:49.744000,408.8474856715437,1000
2024-09-18 10:09:49.793000,408.944130280889,97
2024-09-18 10:09:49.912000,408.94282996208847,105
2024-09-18 10:09:50,408.9512841125705,12
2024-09-18 10:09:50.057000,408.9621701250974,102
2024-09-18 10:09:50.177000,408.9613110303607,1001
2024-09-18 10:09:50.240000,408.9732678980997,95
2024-09-18 10:09:50.254000,408.9314455805881,13
2024-09-18 10:09:50.307000,408.9742555441884,12
2024-09-18 10:09:50.526000,408.9654628068882,96
2024-09-18 10:09:50.533000,408.9463369695654,14
2024-09-18 10:09:50.640000,408.9639266295696,998
2024-09-18 10:09:50.741000,408.9717201709111,10
2024-09-18 10:09:50.756000,408.945169369468,13
2024-09-18 10:09:50.765000,408.9203940554023,14
2024-09-18 10:09:50.798000,408.92706323069234,13
2024-09-18 10:09:50.973000,408.9464611637689,996
2024-09-18 10:09:51.020000,408.93343147967295,97
2024-09-18 10:09:51.041000,408.93087936282416,99
2024-09-18 10:09:51.215000,408.9363082595036,998
2024-09-18 10:09:51.317000,408.9334980410812,1004
2024-09-18 10:09:51.377000,408.9274898950335,1000
2024-09-18 10:09:51.403000,408.9460449791624,13
2024-09-18 10:09:51.517000,408.92945884635054,996
2024-09-18 10:09:51.763000,408.9145326417188,996
2024-09-18 10:09:51.792000,408.9434330119896,998
2024-09-18 10:09:51.862000,408.9181968756388,15
2024-09-18 10:09:51.876000,408.94104752094375,1004
2024-09-18 10:09:51.949000,408.9265108601825,996
2024-09-18 10:09:52.341000,408.9474857947341,14
2024-09-18 10:09:52.367000,408.9346453395869,95
2024-09-18 10:09:52.380000,408.9263410058839,99
2024-09-18 10:09:52.415000,408.9462509895496,103
2024-09-18 10:09:52.472000,408.9301554645924,996
2024-09-18 10:09:52.580000,408.93116396149713,1005
2024-09-18 10:09:52.582000,408.945564506333,96
2024-09-18 10:09:52.603000,408.96384964689975,997
2024-09-18 10:09:52.619000,408.9667340380275,996
2024-09-18 10:09:52.687000,408.919511739316,97
2024-09-18 10:09:52.729000,408.963934860701,99
2024-09-18 10:09:52.890000,408.93955809457816,96
2024-09-18 10:09:52.940000,408.9340846647364,1003
2024-09-18 10:09:53.124000,408.93795560002064,998
2024-09-18 10:09:53.161000,409.055917693451,8
2024-09-18 10:09:53.202000,408.9726718906752,104
2024-09-18 10:09:53.230000,408.9388112935845,9
2024-09-18 10:09:53.251000,409.00055828867744,1001
2024-09-18 10:09:53.265000,409.0610819256333,1003
2024-09-18 10:09:53.289000,408.9871197544608,1001
2024-09-18 10:09:53.327000,408.97851321471376,1004
2024-09-18 10:09:53.390000,409.0621992741859,1000
2024-09-18 10:09:53.407000,409.06033094746033,1000
2024-09-18 10:09:53.471000,409.0090572865033,998
2024-09-18 10:09:53.475000,409.0105617896542,12
2024-09-18 10:09:53.505000,409.00264199924976,102
2024-09-18 10:09:53.531000,409.0225881725192,102
2024-09-18 10:09:53.595000,409.0298035283545,1002
2024-09-18 10:09:53.747000,409.0665031435643,98
2024-09-18 10:09:53.784000,409.0740350339012,102
2024-09-18 10:09:53.800000,409.08322865022166,10
2024-09-18 10:09:53.839000,408.9203717006413,98
2024-09-18 10:09:53.862000,409.0089005848119,99
2024-09-18 10:09:53.894000,408.9410924988933,98
2024-09-18 10:09:53.900000,409.0548857068917,998
2024-09-18 10:09:53.961000,409.07450870368245,15
2024-09-18 10:09:53.967000,409.0141770214189,1002
2024-09-18 10:09:53.970000,409.0203641392633,96
2024-09-18 10:09:53.989000,409.0738180891524,104
2024-09-18 10:09:53.991000,409.0066266449442,1000
2024-09-18 10:09:54.019000,409.0666701296957,9
2024-09-18 10:09:54.041000,409.0835179600597,7
2024-09-18 10:09:54.107000,409.0786001318807,104
2024-09-18 10:09:54.122000,409.06558403573433,10
2024-09-18 10:09:54.266000,409.0606998925888,104
2024-09-18 10:09:54.275000,409.0804794284874,103
2024-09-18 10:09:54.617000,409.0823384436397,12
2024-09-18 10:09:54.643000,409.0610954668922,1003
2024-09-18 10:09:54.645000,409.04860449162027,996
2024-09-18 10:09:54.687000,409.08921459372726,1004
2024-09-18 10:09:54.711000,409.0807036246198,1005
2024-09-18 10:09:54.878000,409.05781047740646,103
2024-09-18 10:09:54.924000,409.0688230968319,98
2024-09-18 10:09:55.058000,409.0862280816941,10
2024-09-18 10:09:55.342000,409.07518954474784,14
2024-09-18 10:09:55.517000,409.078083293824,103
2024-09-18 10:09:55.621000,409.0718491663576,97
2024-09-18 10:09:56.398000,409.0887770352829,14
2024-09-18 10:09:56.412000,409.0665829337714,102
2024-09-18 10:09:56.720000,409.09182076703394,95
2024-09-18 10:09:56.964000,409.0842465326939,103
2024-09-18 10:09:57.080000,409.0589539468597,13
2024-09-18 10:09:57.146000,409.0417350594104,995
2024-09-18 10:09:57.227000,409.02717792313103,1003
2024-09-18 10:09:57.308000,409.0586683381482,997
2024-09-18 10:09:57.311000,409.0389473253673,996
2024-09-18 10:09:57.335000,409.02919492112255,99
2024-09-18 10:09:57.361000,409.0364010142449,98
2024-09-18 10:09:57.495000,409.0496287784498,100
2024-09-18 10:09:57.506000,409.0377880328622,998
2024-09-18 10:09:57.524000,409.0393639785968,995
2024-09-18 10:09:57.575000,409.05091470048507,6
2024-09-18 10:09:57.632000,409.0382942474484,1002
2024-09-18 10:09:57.701000,409.04821605333706,1005
2024-09-18 10:09:57.727000,409.0221116171573,97
2024-09-18 10:09:57.740000,409.03745545709086,13
2024-09-18 10:09:57.765000,409.037528194445,13
2024-09-18 10:09:57.799000,409.04387222180935,95
2024-09-18 10:09:57.799000,409.0579301571549,97
2024-09-18 10:09:57.836000,409.05735019603054,101
2024-09-18 10:09:57.861000,409.02652998906586,1005
2024-09-18 10:09:57.872000,409.0513582813302,998
2024-09-18 10:09:57.922000,409.0743877373128,10
2024-09-18 10:09:57.957000,409.0452284880039,997
2024-09-18 10:09:57.986000,409.0345097916098,5
2024-09-18 10:09:58.012000,409.0646501038565,105
2024-09-18 10:09:58.099000,409.1067088902717,1001
2024-09-18 10:09:58.173000,409.08017475310936,1005
2024-09-18 10:09:58.204000,409.1006809298197,99
2024-09-18 10:09:58.294000,409.086921556691,8
2024-09-18 10:09:58.351000,409.03939679724766,7
2024-09-18 10:09:58.407000,409.0897896473304,999
2024-09-18 10:09:58.409000,409.0999686060369,14
2024-09-18 10:09:58.488000,409.1368825014372,1000
2024-09-18 10:09:58.583000,409.1004152374143,102
2024-09-18 10:09:58.584000,409.05773625138784,14
2024-09-18 10:09:58.586000,409.0758105008306,101
2024-09-18 10:09:58.635000,409.1217760531735,104
2024-09-18 10:09:58.663000,409.1032557023068,96
2024-09-18 10:09:58.693000,409.0852216771228,10
2024-09-18 10:09:58.722000,409.0933315487847,13
2024-09-18 10:09:58.795000,409.0668298363552,97
2024-09-18 10:09:58.823000,409.1220834845239,5
2024-09-18 10:09:58.847000,409.0757489381657,1005
2024-09-18 10:09:58.994000,409.0545741384119,97
2024-09-18 10:09:59.005000,409.09813962504296,1000
2024-09-18 10:09:59.029000,409.15028595441777,103
2024-09-18 10:09:59.078000,409.0949699164181,100
2024-09-18 10:09:59.081000,409.1301107563668,996
2024-09-18 10:09:59.125000,409.0683553851866,996
2024-09-18 10:09:59.219000,409.08755802700887,1002
2024-09-18 10:09:59.259000,409.0503819896382,7
2024-09-18 10:09:59.277000,409.12878476378165,10
2024-09-18 10:09:59.387000,409.0796973783162,1001
2024-09-18 10:09:59.392000,409.0974014472956,96
2024-09-18 10:09:59.405000,409.1116530003388,100
2024-09-18 10:09:59.424000,409.0646241297047,996
2024-09-18 10:09:59.465000,409.1297387424794,8
2024-09-18 10:09:59.476000,409.1272932275205,14
2024-09-18 10:09:59.530000,409.0819932688596,7
2024-09-18 10:09:59.545000,409.0554259099269,995
2024-09-18 10:09:59.567000,409.1421328596086,100
2024-09-18 10:09:59.637000,409.081770703245,997
2024-09-18 10:09:59.711000,409.0866863394326,1003
2024-09-18 10:09:59.713000,409.1041961274574,95
2024-09-18 10:09:59.720000,409.0975021548543,1000
2024-09-18 10:09:59.826000,409.0771003127696,100
2024-09-18 10:09:59.884000,409.07373267277336,103
2024-09-18 10:09:59.915000,409.1189610534635,8
2024-09-18 10:09:59.924000,409.09044830735405,1002
2024-09-18 10:09:59.961000,409.15179512786347,1003
2024-09-18 10:09:59.992000,409.1383301858994,1005
