Timestamp,Price,Size
2024-09-20 10:28:00.040000,424.537883547918,6
2024-09-20 10:28:00.088000,424.57789565700887,13
2024-09-20 10:28:00.120000,424.5226291980097,103
2024-09-20 10:28:00.663000,424.55533456633606,13
2024-09-20 10:28:00.750000,424.5477121615102,1001
2024-09-20 10:28:00.759000,424.5510724160289,6
2024-09-20 10:28:00.787000,424.5437587925952,15
2024-09-20 10:28:00.798000,424.5682159017912,96
2024-09-20 10:28:00.843000,424.5697931115376,7
2024-09-20 10:28:00.916000,424.546455894836,12
2024-09-20 10:28:00.957000,424.5579042923072,995
2024-09-20 10:28:01.059000,424.5399160468122,997
2024-09-20 10:28:01.070000,424.5679214314252,100
2024-09-20 10:28:01.332000,424.5652100291312,995
2024-09-20 10:28:01.409000,424.5518433157932,1000
2024-09-20 10:28:01.438000,424.5458947293786,98
2024-09-20 10:28:01.713000,424.5059444145154,99
2024-09-20 10:28:02.026000,424.4964160048857,1000
2024-09-20 10:28:02.040000,424.53505927214326,96
2024-09-20 10:28:02.086000,424.5282332028529,15
2024-09-20 10:28:02.225000,424.52880924391104,95
2024-09-20 10:28:02.365000,424.5415780913921,101
2024-09-20 10:28:02.371000,424.535610818734,103
2024-09-20 10:28:02.436000,424.5047550906902,8
2024-09-20 10:28:02.620000,424.52862751676247,5
2024-09-20 10:28:02.643000,424.55077897748015,9
2024-09-20 10:28:02.647000,424.5228032615738,998
2024-09-20 10:28:02.703000,424.5239873265106,1002
2024-09-20 10:28:02.762000,424.5391140411055,100
2024-09-20 10:28:02.797000,424.50425206405487,6
2024-09-20 10:28:02.846000,424.5155727416524,1004
2024-09-20 10:28:02.874000,424.5100668183566,7
2024-09-20 10:28:02.968000,424.5236689565123,995
2024-09-20 10:28:02.980000,424.5247464493274,1000
2024-09-20 10:28:03.024000,424.5351528548125,995
2024-09-20 10:28:03.104000,424.5301195503992,11
2024-09-20 10:28:03.122000,424.5085587687861,998
2024-09-20 10:28:03.292000,424.5413495485825,999
2024-09-20 10:28:03.376000,424.5202767454392,96
2024-09-20 10:28:03.391000,424.5749443578956,96
2024-09-20 10:28:03.407000,424.4791730967438,1003
2024-09-20 10:28:03.435000,424.5243428269284,999
2024-09-20 10:28:03.602000,424.5278462759181,1003
2024-09-20 10:28:03.612000,424.54712095204087,1001
2024-09-20 10:28:03.630000,424.5281381706027,997
2024-09-20 10:28:03.637000,424.5625063008013,1002
2024-09-20 10:28:03.682000,424.5090994251077,7
2024-09-20 10:28:03.722000,424.5215502633401,103
2024-09-20 10:28:03.773000,424.5271406518775,103
2024-09-20 10:28:03.794000,424.4964168542583,13
2024-09-20 10:28:03.836000,424.5181349117368,101
2024-09-20 10:28:03.892000,424.54993844504287,8
2024-09-20 10:28:03.895000,424.5483336150604,99
2024-09-20 10:28:03.911000,424.53478417316734,96
2024-09-20 10:28:03.943000,424.5365481998033,1004
2024-09-20 10:28:04.002000,424.5584720583132,10
2024-09-20 10:28:04.091000,424.51000786609313,11
2024-09-20 10:28:04.193000,424.5729802109526,102
2024-09-20 10:28:04.281000,424.53676884821095,1005
2024-09-20 10:28:04.299000,424.5552663342732,14
2024-09-20 10:28:04.346000,424.5201198804872,997
2024-09-20 10:28:04.446000,424.5491353056288,97
2024-09-20 10:28:04.498000,424.53655150207817,5
2024-09-20 10:28:04.639000,424.518478785901,105
2024-09-20 10:28:04.701000,424.5793677682928,96
2024-09-20 10:28:04.738000,424.60111078538,13
2024-09-20 10:28:04.768000,424.59169979059095,14
2024-09-20 10:28:04.832000,424.55374321148,12
2024-09-20 10:28:04.925000,424.57284532240607,13
2024-09-20 10:28:04.980000,424.5825403909287,105
2024-09-20 10:28:05.481000,424.6170721393274,95
2024-09-20 10:28:05.498000,424.5949960445327,1001
2024-09-20 10:28:05.556000,424.5993751698617,105
2024-09-20 10:28:05.652000,424.6142847557655,999
2024-09-20 10:28:05.850000,424.5790407990802,96
2024-09-20 10:28:05.894000,424.6240647060284,9
2024-09-20 10:28:05.909000,424.59284320500245,97
2024-09-20 10:28:05.994000,424.5943825597359,95
2024-09-20 10:28:06.196000,424.62402511508407,103
2024-09-20 10:28:06.441000,424.5979657939742,104
2024-09-20 10:28:06.478000,424.6222785671438,1005
2024-09-20 10:28:06.703000,424.6087361093776,101
2024-09-20 10:28:06.924000,424.629538894486,1003
2024-09-20 10:28:07.017000,424.6122351381335,12
2024-09-20 10:28:07.086000,424.6146693105552,98
2024-09-20 10:28:07.156000,424.6362184279131,13
2024-09-20 10:28:07.185000,424.6431522644817,1001
2024-09-20 10:28:07.294000,424.6501950349895,11
2024-09-20 10:28:07.424000,424.6275138044732,101
2024-09-20 10:28:07.445000,424.610169238251,102
2024-09-20 10:28:07.525000,424.6394727265746,995
2024-09-20 10:28:07.545000,424.6115623979746,95
2024-09-20 10:28:07.599000,424.6510876435196,995
2024-09-20 10:28:07.622000,424.6355412924862,1002
2024-09-20 10:28:07.653000,424.61918316018864,999
2024-09-20 10:28:07.658000,424.6353198517631,95
2024-09-20 10:28:07.663000,424.6392839735761,1000
2024-09-20 10:28:07.665000,424.61578048733713,5
2024-09-20 10:28:07.669000,424.60950653650735,102
2024-09-20 10:28:07.756000,424.62163959869946,99
2024-09-20 10:28:07.772000,424.6485930054634,14
2024-09-20 10:28:07.804000,424.643185487666,10
2024-09-20 10:28:07.883000,424.6212585452941,996
2024-09-20 10:28:07.901000,424.6182238741464,7
2024-09-20 10:28:07.903000,424.6321860696911,99
2024-09-20 10:28:08.005000,424.5814709590522,103
2024-09-20 10:28:08.018000,424.4934628026232,1004
2024-09-20 10:28:08.033000,424.5994504982915,1004
2024-09-20 10:28:08.033000,424.574118321965,13
2024-09-20 10:28:08.090000,424.5024062455574,1004
2024-09-20 10:28:08.112000,424.568056989858,99
2024-09-20 10:28:08.155000,424.5157739799915,1002
2024-09-20 10:28:08.165000,424.50506294239256,10
2024-09-20 10:28:08.194000,424.5524483835019,103
2024-09-20 10:28:08.319000,424.5222408416898,8
2024-09-20 10:28:08.335000,424.5107499197596,1000
2024-09-20 10:28:08.450000,424.5285604454826,995
2024-09-20 10:28:08.476000,424.519756467743,99
2024-09-20 10:28:08.660000,424.6032625052111,102
2024-09-20 10:28:08.697000,424.5364740877034,10
2024-09-20 10:28:08.726000,424.530206035624,5
2024-09-20 10:28:08.743000,424.60455090995134,13
2024-09-20 10:28:08.761000,424.5782137376044,1000
2024-09-20 10:28:08.771000,424.5060868049494,14
2024-09-20 10:28:08.787000,424.5095476095229,12
2024-09-20 10:28:08.807000,424.5012718767427,14
2024-09-20 10:28:08.811000,424.5510250951328,103
2024-09-20 10:28:08.817000,424.5353106324427,1004
2024-09-20 10:28:08.826000,424.6058495238755,97
2024-09-20 10:28:08.853000,424.5714370298664,95
2024-09-20 10:28:08.863000,424.5846471217442,997
2024-09-20 10:28:08.915000,424.6111800017267,99
2024-09-20 10:28:09.017000,424.4621819172111,97
2024-09-20 10:28:09.057000,424.4750622876013,101
2024-09-20 10:28:09.082000,424.4758152588085,996
2024-09-20 10:28:09.124000,424.486410984128,996
2024-09-20 10:28:09.221000,424.4679297820278,98
2024-09-20 10:28:09.297000,424.4614636853671,101
2024-09-20 10:28:09.338000,424.4987449774867,103
2024-09-20 10:28:09.434000,424.4826550115468,1001
2024-09-20 10:28:09.568000,424.4862955355932,11
2024-09-20 10:28:09.650000,424.4814731408526,99
2024-09-20 10:28:09.752000,424.4561086160647,1005
2024-09-20 10:28:09.896000,424.4772294926929,104
2024-09-20 10:28:10.419000,424.48492137636725,101
2024-09-20 10:28:11.011000,424.4555895084182,999
2024-09-20 10:28:11.087000,424.490700404136,997
2024-09-20 10:28:11.097000,424.45333683845325,96
2024-09-20 10:28:11.119000,424.463073888367,13
2024-09-20 10:28:11.144000,424.51436637163965,997
2024-09-20 10:28:11.148000,424.4971668918223,14
2024-09-20 10:28:11.170000,424.5032594292624,99
2024-09-20 10:28:11.190000,424.5231329662658,10
2024-09-20 10:28:11.289000,424.4493687411223,11
2024-09-20 10:28:11.338000,424.4896928862756,5
2024-09-20 10:28:11.350000,424.5226371314409,998
2024-09-20 10:28:11.409000,424.4942051565152,996
2024-09-20 10:28:11.426000,424.4489566982262,1005
2024-09-20 10:28:11.479000,424.4952340110309,13
2024-09-20 10:28:11.483000,424.46612088891686,98
2024-09-20 10:28:11.560000,424.4672004987042,104
2024-09-20 10:28:11.619000,424.4970148340747,11
2024-09-20 10:28:11.647000,424.49452104004,100
2024-09-20 10:28:11.657000,424.51925907447793,15
2024-09-20 10:28:11.687000,424.4498301329765,102
2024-09-20 10:28:11.690000,424.4854623015994,11
2024-09-20 10:28:11.698000,424.50881190698914,10
2024-09-20 10:28:11.698000,424.48965897903145,12
2024-09-20 10:28:11.870000,424.4573582820048,102
2024-09-20 10:28:11.879000,424.4915210125754,103
2024-09-20 10:28:11.882000,424.4675254581796,12
2024-09-20 10:28:11.912000,424.5138610265775,999
2024-09-20 10:28:11.938000,424.4878671281724,1003
2024-09-20 10:28:12.034000,424.4823228151107,7
2024-09-20 10:28:12.084000,424.4719538700465,5
2024-09-20 10:28:12.097000,424.50064459371976,12
2024-09-20 10:28:12.148000,424.4789439834564,95
2024-09-20 10:28:12.187000,424.4660287384749,6
2024-09-20 10:28:12.195000,424.4792856860389,1004
2024-09-20 10:28:12.208000,424.4648410889265,8
2024-09-20 10:28:12.215000,424.5104772120716,13
2024-09-20 10:28:12.219000,424.4798660990552,105
2024-09-20 10:28:12.230000,424.5083393134149,7
2024-09-20 10:28:12.235000,424.493286218923,995
2024-09-20 10:28:12.311000,424.46008274032863,997
2024-09-20 10:28:12.323000,424.470674718502,102
2024-09-20 10:28:12.408000,424.4875217611819,96
2024-09-20 10:28:12.415000,424.4865974182759,13
2024-09-20 10:28:12.432000,424.4588952452751,13
2024-09-20 10:28:12.436000,424.46310696164153,103
2024-09-20 10:28:12.445000,424.48320036114177,102
2024-09-20 10:28:12.457000,424.4718264232434,100
2024-09-20 10:28:12.515000,424.4791779223573,105
2024-09-20 10:28:12.528000,424.4918310433918,105
2024-09-20 10:28:12.600000,424.4815872393963,99
2024-09-20 10:28:12.704000,424.49211212926576,6
2024-09-20 10:28:12.732000,424.4756054182747,998
2024-09-20 10:28:12.753000,424.479283766617,1003
2024-09-20 10:28:12.845000,424.488044692878,9
2024-09-20 10:28:12.916000,424.4939720815732,97
2024-09-20 10:28:12.978000,424.45692629434507,999
2024-09-20 10:28:13.197000,424.377046419407,11
2024-09-20 10:28:13.199000,424.4405986279692,98
2024-09-20 10:28:13.216000,424.46050511833096,996
2024-09-20 10:28:13.217000,424.4054842213182,14
2024-09-20 10:28:13.245000,424.4274214014701,104
2024-09-20 10:28:13.249000,424.4285134637149,7
2024-09-20 10:28:13.265000,424.41174996385047,7
2024-09-20 10:28:13.378000,424.3799969788773,11
2024-09-20 10:28:13.475000,424.4024740703965,998
2024-09-20 10:28:13.547000,424.4121968205353,6
2024-09-20 10:28:13.552000,424.36759865059867,9
2024-09-20 10:28:13.575000,424.4105786237256,1004
2024-09-20 10:28:13.597000,424.3980930265132,6
2024-09-20 10:28:13.649000,424.3864959712956,14
2024-09-20 10:28:13.679000,424.4094454687951,103
2024-09-20 10:28:13.695000,424.4750187049894,1002
2024-09-20 10:28:13.700000,424.4157768202178,7
2024-09-20 10:28:13.727000,424.4623734429634,998
2024-09-20 10:28:13.748000,424.4600623850913,1002
2024-09-20 10:28:13.759000,424.416228035544,1000
2024-09-20 10:28:13.790000,424.411364398171,1004
2024-09-20 10:28:13.798000,424.4059626406992,8
2024-09-20 10:28:13.799000,424.4041497580697,105
2024-09-20 10:28:13.819000,424.4120226532535,999
2024-09-20 10:28:13.838000,424.4004226415066,100
2024-09-20 10:28:13.880000,424.4463056782725,999
2024-09-20 10:28:13.941000,424.4423849363733,1000
2024-09-20 10:28:13.974000,424.3775464051459,103
2024-09-20 10:28:14.056000,424.3988172847895,997
2024-09-20 10:28:14.067000,424.4503931081537,104
2024-09-20 10:28:14.268000,424.4111063185625,6
2024-09-20 10:28:14.283000,424.397686513443,96
2024-09-20 10:28:14.568000,424.3993095870196,10
2024-09-20 10:28:14.569000,424.3677836104632,997
2024-09-20 10:28:14.620000,424.4309305002018,14
2024-09-20 10:28:14.623000,424.4121208237882,100
2024-09-20 10:28:14.644000,424.44105044954296,98
2024-09-20 10:28:14.699000,424.4268228694021,999
2024-09-20 10:28:14.802000,424.3922227861494,996
2024-09-20 10:28:14.952000,424.4350713353459,96
2024-09-20 10:28:15.088000,424.3223253426061,1000
2024-09-20 10:28:15.094000,424.33706694101664,15
2024-09-20 10:28:15.114000,424.3772100980386,996
2024-09-20 10:28:15.185000,424.3206494390621,104
2024-09-20 10:28:15.211000,424.33490747704434,1004
2024-09-20 10:28:15.263000,424.3348323423123,95
2024-09-20 10:28:15.267000,424.3860758794353,98
2024-09-20 10:28:15.314000,424.368187007978,15
2024-09-20 10:28:15.319000,424.3624060260445,997
2024-09-20 10:28:15.333000,424.32631206513264,1000
2024-09-20 10:28:15.387000,424.36097202469085,8
2024-09-20 10:28:15.391000,424.3619105941795,100
2024-09-20 10:28:15.413000,424.3379191863445,1005
2024-09-20 10:28:15.415000,424.34049338209127,5
2024-09-20 10:28:15.472000,424.3271328639327,8
2024-09-20 10:28:15.509000,424.3550891451775,12
2024-09-20 10:28:15.555000,424.326850114956,101
2024-09-20 10:28:15.579000,424.3581762401639,1002
2024-09-20 10:28:15.643000,424.3527171070058,97
2024-09-20 10:28:15.669000,424.2997750946592,995
2024-09-20 10:28:15.692000,424.3442095859563,102
2024-09-20 10:28:15.759000,424.3543858774295,999
2024-09-20 10:28:15.799000,424.3625932428604,1002
2024-09-20 10:28:15.819000,424.3433541925483,14
2024-09-20 10:28:15.842000,424.3096141078484,6
2024-09-20 10:28:15.870000,424.3199655526258,102
2024-09-20 10:28:15.887000,424.361396753586,95
2024-09-20 10:28:15.969000,424.3493609463823,13
2024-09-20 10:28:16.032000,424.3425961398125,101
2024-09-20 10:28:16.217000,424.3583614270714,1003
2024-09-20 10:28:16.298000,424.35651848047866,10
2024-09-20 10:28:16.364000,424.34674403947446,7
2024-09-20 10:28:16.372000,424.3491970373872,15
2024-09-20 10:28:16.488000,424.3564413289935,102
2024-09-20 10:28:17.029000,424.4859813461122,102
2024-09-20 10:28:17.079000,424.3815144793911,997
2024-09-20 10:28:17.120000,424.4430604641561,101
2024-09-20 10:28:17.145000,424.48107744836494,998
2024-09-20 10:28:17.310000,424.4218200547449,8
2024-09-20 10:28:17.354000,424.4862173069432,11
2024-09-20 10:28:17.359000,424.487009713154,98
2024-09-20 10:28:17.373000,424.4049822318663,12
2024-09-20 10:28:17.377000,424.3613507203253,100
2024-09-20 10:28:17.383000,424.3893481444764,6
2024-09-20 10:28:17.384000,424.4303396008942,105
2024-09-20 10:28:17.417000,424.4125868721048,15
2024-09-20 10:28:17.445000,424.41555242435857,103
2024-09-20 10:28:17.487000,424.4615732613793,9
2024-09-20 10:28:17.493000,424.4247575251707,9
2024-09-20 10:28:17.541000,424.3934249185184,1002
2024-09-20 10:28:17.565000,424.4816775968408,98
2024-09-20 10:28:17.625000,424.3759748269271,13
2024-09-20 10:28:17.639000,424.4094926279627,97
2024-09-20 10:28:17.663000,424.358767525464,997
2024-09-20 10:28:17.667000,424.3517528535887,1004
2024-09-20 10:28:17.699000,424.4735758216747,97
2024-09-20 10:28:17.809000,424.48922157868833,999
2024-09-20 10:28:17.952000,424.48686848522897,10
2024-09-20 10:28:18.038000,424.5071947943157,995
2024-09-20 10:28:18.049000,424.4649124405928,1002
2024-09-20 10:28:18.187000,424.4426492210171,12
2024-09-20 10:28:18.218000,424.4722745514424,15
2024-09-20 10:28:18.240000,424.46065322096223,996
2024-09-20 10:28:18.288000,424.5370602947421,96
2024-09-20 10:28:18.304000,424.4720701577365,96
2024-09-20 10:28:18.335000,424.4500666996078,103
2024-09-20 10:28:18.347000,424.4903285085428,12
2024-09-20 10:28:18.404000,424.4573826834714,1001
2024-09-20 10:28:18.714000,424.462119919366,103
2024-09-20 10:28:18.752000,424.5257813199458,1000
2024-09-20 10:28:18.772000,424.4654614289482,101
2024-09-20 10:28:18.797000,424.4483008005869,96
2024-09-20 10:28:18.834000,424.5123238916079,1001
2024-09-20 10:28:18.851000,424.5026274832583,7
2024-09-20 10:28:18.885000,424.4431232172755,1003
2024-09-20 10:28:18.923000,424.46887610268107,98
2024-09-20 10:28:19.707000,424.4165435829419,998
2024-09-20 10:28:20.034000,424.406392560737,9
2024-09-20 10:28:20.151000,424.4062538431812,14
2024-09-20 10:28:20.750000,424.4171562493692,8
2024-09-20 10:28:20.905000,424.4001756543489,1004
2024-09-20 10:28:20.981000,424.4067381724413,100
2024-09-20 10:28:21.321000,424.45585300643273,1002
2024-09-20 10:28:21.381000,424.3629874612888,101
2024-09-20 10:28:21.384000,424.39343437563537,1000
2024-09-20 10:28:21.435000,424.36046620214654,104
2024-09-20 10:28:21.503000,424.4167289399848,5
2024-09-20 10:28:21.685000,424.3564053926576,99
2024-09-20 10:28:21.690000,424.37784619010233,101
2024-09-20 10:28:21.715000,424.379279757411,7
2024-09-20 10:28:21.866000,424.4110303134638,1003
2024-09-20 10:28:21.879000,424.4015196354119,15
2024-09-20 10:28:21.920000,424.3958390100139,996
2024-09-20 10:28:22.016000,424.50891701547977,995
2024-09-20 10:28:22.079000,424.46847099052377,13
2024-09-20 10:28:22.121000,424.4688044601997,5
2024-09-20 10:28:22.126000,424.5093135945096,97
2024-09-20 10:28:22.156000,424.45647374330815,15
2024-09-20 10:28:22.246000,424.4513976820203,8
2024-09-20 10:28:22.290000,424.4869057913496,15
2024-09-20 10:28:22.302000,424.504697724751,996
2024-09-20 10:28:22.304000,424.4680834775121,9
2024-09-20 10:28:22.342000,424.4418502593746,101
2024-09-20 10:28:22.383000,424.4338029298606,99
2024-09-20 10:28:22.387000,424.4942555693691,1000
2024-09-20 10:28:22.412000,424.47868766101766,99
2024-09-20 10:28:22.438000,424.4712671309846,99
2024-09-20 10:28:22.485000,424.4310081815421,997
2024-09-20 10:28:22.544000,424.4589151938008,99
2024-09-20 10:28:22.637000,424.4374555762474,998
2024-09-20 10:28:22.696000,424.4499279705712,10
2024-09-20 10:28:22.751000,424.4419490020536,13
2024-09-20 10:28:22.753000,424.425625310509,10
2024-09-20 10:28:22.760000,424.49029555453495,1002
2024-09-20 10:28:22.773000,424.4658465620501,99
2024-09-20 10:28:22.786000,424.4554496416658,1005
2024-09-20 10:28:22.849000,424.47461467666665,1004
2024-09-20 10:28:22.853000,424.45283871535696,8
2024-09-20 10:28:22.928000,424.4675563786578,1001
2024-09-20 10:28:22.955000,424.4565566541583,105
2024-09-20 10:28:22.956000,424.4625236724678,97
2024-09-20 10:28:23.577000,424.4879280554453,103
2024-09-20 10:28:24.026000,424.4680928676621,8
2024-09-20 10:28:24.067000,424.4044232676336,104
2024-09-20 10:28:24.082000,424.45486369715934,1004
2024-09-20 10:28:24.095000,424.4646399537129,998
2024-09-20 10:28:24.205000,424.4387702105472,97
2024-09-20 10:28:24.236000,424.4488877735601,999
2024-09-20 10:28:24.240000,424.4466348773675,1000
2024-09-20 10:28:24.293000,424.4511110142152,997
2024-09-20 10:28:24.317000,424.4283909246655,1001
2024-09-20 10:28:24.347000,424.4347690213014,5
2024-09-20 10:28:24.396000,424.46626065638674,9
2024-09-20 10:28:24.436000,424.4213614888821,999
2024-09-20 10:28:24.472000,424.4701545361468,1004
2024-09-20 10:28:24.671000,424.422315676949,7
2024-09-20 10:28:24.983000,424.45770413275335,10
2024-09-20 10:28:25.075000,424.4437813850016,101
2024-09-20 10:28:25.091000,424.4801243169791,13
2024-09-20 10:28:25.094000,424.4215844535681,10
2024-09-20 10:28:25.112000,424.45044906246665,13
2024-09-20 10:28:25.135000,424.4365906138855,12
2024-09-20 10:28:25.233000,424.38498793882815,11
2024-09-20 10:28:25.255000,424.4617545300479,7
2024-09-20 10:28:25.278000,424.41237129098647,5
2024-09-20 10:28:25.317000,424.4154866407587,7
2024-09-20 10:28:25.458000,424.4035599473652,14
2024-09-20 10:28:25.476000,424.478202780881,1002
2024-09-20 10:28:25.530000,424.4721692780118,103
2024-09-20 10:28:25.572000,424.4368755574129,6
2024-09-20 10:28:25.612000,424.4382989935543,995
2024-09-20 10:28:25.633000,424.4526112854233,9
2024-09-20 10:28:25.639000,424.3848858417636,96
2024-09-20 10:28:25.647000,424.4786010860781,7
2024-09-20 10:28:25.850000,424.4211930980664,13
2024-09-20 10:28:25.860000,424.3906619453851,7
2024-09-20 10:28:25.893000,424.4530155062646,15
2024-09-20 10:28:25.926000,424.3994620929375,5
2024-09-20 10:28:25.936000,424.44510897423214,999
2024-09-20 10:28:25.983000,424.40279440592894,101
2024-09-20 10:28:26.002000,424.52385368800986,997
2024-09-20 10:28:26.013000,424.5035017533837,100
2024-09-20 10:28:26.114000,424.4767200545032,95
2024-09-20 10:28:26.190000,424.48467461165615,995
2024-09-20 10:28:26.237000,424.4928774410448,1003
2024-09-20 10:28:26.450000,424.5016718286065,998
2024-09-20 10:28:26.511000,424.5315724339651,15
2024-09-20 10:28:26.581000,424.5214179799629,101
2024-09-20 10:28:26.669000,424.4842685924019,101
2024-09-20 10:28:26.964000,424.5289245352533,12
2024-09-20 10:28:27.059000,424.514091398232,996
2024-09-20 10:28:27.132000,424.49372649486617,1004
2024-09-20 10:28:27.146000,424.5364233818068,10
2024-09-20 10:28:27.147000,424.5226952629444,103
2024-09-20 10:28:27.160000,424.4888553398162,995
2024-09-20 10:28:27.263000,424.5076770213005,98
2024-09-20 10:28:27.469000,424.52919141987655,996
2024-09-20 10:28:27.685000,424.5302545284696,98
2024-09-20 10:28:27.705000,424.49434984348113,999
2024-09-20 10:28:27.713000,424.5049025737568,15
2024-09-20 10:28:27.745000,424.5326286162226,9
2024-09-20 10:28:27.746000,424.4977210489397,9
2024-09-20 10:28:27.855000,424.5188014062968,104
2024-09-20 10:28:27.895000,424.5011600548421,6
2024-09-20 10:28:27.913000,424.5193571833725,998
2024-09-20 10:28:27.931000,424.4962262429889,1005
2024-09-20 10:28:27.945000,424.5246265414824,1002
2024-09-20 10:28:27.953000,424.542012829917,105
2024-09-20 10:28:28.115000,424.5796754519173,995
2024-09-20 10:28:28.167000,424.5728157148357,97
2024-09-20 10:28:28.356000,424.5965017213638,13
2024-09-20 10:28:28.386000,424.5393947842345,95
2024-09-20 10:28:28.731000,424.5822398826102,13
2024-09-20 10:28:28.732000,424.5480531234218,7
2024-09-20 10:28:28.787000,424.56779661300766,10
2024-09-20 10:28:29.024000,424.6156539835184,1004
2024-09-20 10:28:29.040000,424.5733031068827,101
2024-09-20 10:28:29.102000,424.592033027716,8
2024-09-20 10:28:29.141000,424.58483517915465,997
2024-09-20 10:28:29.205000,424.6008535698712,1001
2024-09-20 10:28:29.289000,424.5660316380964,996
2024-09-20 10:28:29.363000,424.5733538138711,99
2024-09-20 10:28:29.399000,424.57927104322965,10
2024-09-20 10:28:29.452000,424.6035460184268,7
2024-09-20 10:28:29.623000,424.5952972549337,997
2024-09-20 10:28:29.647000,424.5482603869637,995
2024-09-20 10:28:29.657000,424.6059333577754,998
2024-09-20 10:28:29.670000,424.6195383672104,996
2024-09-20 10:28:29.674000,424.5617362662396,1005
2024-09-20 10:28:29.693000,424.5637947655889,5
2024-09-20 10:28:29.730000,424.60412226498215,105
2024-09-20 10:28:29.782000,424.5669538555525,104
2024-09-20 10:28:29.801000,424.5694242639525,97
2024-09-20 10:28:29.805000,424.5935364999165,8
2024-09-20 10:28:29.856000,424.5776225391396,6
2024-09-20 10:28:29.905000,424.617223575209,995
2024-09-20 10:28:29.977000,424.6307687452672,997
2024-09-20 10:28:29.983000,424.5873015365098,98
2024-09-20 10:28:29.987000,424.60666122252206,97
2024-09-20 10:28:29.990000,424.6068051349139,100
2024-09-20 10:28:30.036000,424.5510522299869,8
2024-09-20 10:28:30.120000,424.49062519935455,999
2024-09-20 10:28:30.165000,424.571350257507,100
2024-09-20 10:28:30.200000,424.5668902776917,98
2024-09-20 10:28:30.350000,424.5706238772407,104
2024-09-20 10:28:30.455000,424.5594229325188,996
2024-09-20 10:28:30.501000,424.5124040007137,8
2024-09-20 10:28:30.503000,424.519917175916,1002
2024-09-20 10:28:30.768000,424.51275528125865,95
2024-09-20 10:28:30.770000,424.5356594308485,96
2024-09-20 10:28:30.915000,424.56380496560695,9
2024-09-20 10:28:30.932000,424.5130498845973,1004
2024-09-20 10:28:31.489000,424.51496120714665,1004
2024-09-20 10:28:31.916000,424.5156017107562,98
2024-09-20 10:28:32.076000,424.5236047253649,9
2024-09-20 10:28:32.632000,424.52623871765513,1004
2024-09-20 10:28:33.127000,424.5208985585835,997
2024-09-20 10:28:33.177000,424.5297344657928,8
2024-09-20 10:28:33.288000,424.5609837529044,15
2024-09-20 10:28:33.300000,424.5472412923086,996
2024-09-20 10:28:33.305000,424.5641474811715,1003
2024-09-20 10:28:33.350000,424.51928936891534,11
2024-09-20 10:28:33.446000,424.54772116249234,99
2024-09-20 10:28:33.572000,424.5442666320517,1003
2024-09-20 10:28:33.575000,424.55218138525686,104
2024-09-20 10:28:33.580000,424.5614069476447,103
2024-09-20 10:28:33.592000,424.5508640192988,96
2024-09-20 10:28:33.624000,424.545433702892,9
2024-09-20 10:28:33.767000,424.52858471302966,101
2024-09-20 10:28:33.776000,424.5568421192962,10
2024-09-20 10:28:33.777000,424.5345426371965,100
2024-09-20 10:28:33.822000,424.5448346381066,11
2024-09-20 10:28:33.856000,424.5451304783097,9
2024-09-20 10:28:33.870000,424.5559716673934,15
2024-09-20 10:28:33.930000,424.5456612522302,999
2024-09-20 10:28:33.976000,424.5264997871595,1005
2024-09-20 10:28:33.994000,424.5395530745979,1003
2024-09-20 10:28:34.009000,424.5332756512201,1004
2024-09-20 10:28:34.017000,424.5536731169264,100
2024-09-20 10:28:34.184000,424.5045520505767,996
2024-09-20 10:28:34.228000,424.4683193807654,101
2024-09-20 10:28:34.248000,424.5256602616339,98
2024-09-20 10:28:34.249000,424.5331043711776,105
2024-09-20 10:28:34.250000,424.5229359226265,998
2024-09-20 10:28:34.262000,424.4752477505016,8
2024-09-20 10:28:34.383000,424.4954470095758,97
2024-09-20 10:28:34.415000,424.4393260343344,12
2024-09-20 10:28:34.455000,424.559059253175,999
2024-09-20 10:28:34.456000,424.46023274057615,5
2024-09-20 10:28:34.512000,424.4731563462506,101
2024-09-20 10:28:34.524000,424.4272309722268,102
2024-09-20 10:28:34.559000,424.4958833320663,1002
2024-09-20 10:28:34.573000,424.4535881710177,14
2024-09-20 10:28:34.665000,424.51685987688734,99
2024-09-20 10:28:34.679000,424.5280771424676,1001
2024-09-20 10:28:34.694000,424.4971826661196,104
2024-09-20 10:28:34.712000,424.4525163593729,102
2024-09-20 10:28:34.745000,424.5386745505847,8
2024-09-20 10:28:34.767000,424.5408012106304,6
2024-09-20 10:28:34.772000,424.5184743774346,1005
2024-09-20 10:28:34.795000,424.4545552128112,1001
2024-09-20 10:28:34.902000,424.4885452396536,995
2024-09-20 10:28:34.970000,424.5271474722572,10
2024-09-20 10:28:34.993000,424.4549704143925,10
2024-09-20 10:28:34.996000,424.43423707082,995
2024-09-20 10:28:35.051000,424.416554491872,103
2024-09-20 10:28:35.136000,424.4392484595311,1000
2024-09-20 10:28:35.176000,424.4755899074012,98
2024-09-20 10:28:35.209000,424.4450567952226,998
2024-09-20 10:28:35.465000,424.4431764113535,1004
2024-09-20 10:28:35.530000,424.4722027325324,101
2024-09-20 10:28:35.559000,424.4341725180638,9
2024-09-20 10:28:35.607000,424.42995189779697,100
2024-09-20 10:28:35.617000,424.42618905598994,996
2024-09-20 10:28:35.637000,424.442332104091,13
2024-09-20 10:28:35.680000,424.4517048766921,13
2024-09-20 10:28:35.789000,424.43993995304544,105
2024-09-20 10:28:35.847000,424.4704167302018,96
2024-09-20 10:28:35.914000,424.4312123374584,1002
2024-09-20 10:28:36.088000,424.4308484634804,11
2024-09-20 10:28:36.201000,424.4252224759706,99
2024-09-20 10:28:36.393000,424.4365205484143,996
2024-09-20 10:28:36.654000,424.4122560877974,1004
2024-09-20 10:28:36.935000,424.434783603732,98
2024-09-20 10:28:37.089000,424.46486517270745,103
2024-09-20 10:28:37.120000,424.43295624813385,12
2024-09-20 10:28:37.146000,424.4322813904079,1001
2024-09-20 10:28:37.191000,424.5026040487009,1003
2024-09-20 10:28:37.222000,424.5136688720918,14
2024-09-20 10:28:37.224000,424.5079165774058,997
2024-09-20 10:28:37.225000,424.4872692149348,1003
2024-09-20 10:28:37.236000,424.40971404926574,1004
2024-09-20 10:28:37.239000,424.4991684528612,1002
2024-09-20 10:28:37.242000,424.5047194799998,97
2024-09-20 10:28:37.259000,424.4823397726355,103
2024-09-20 10:28:37.261000,424.5014812859776,12
2024-09-20 10:28:37.280000,424.5359061036069,104
2024-09-20 10:28:37.408000,424.48049366430496,5
2024-09-20 10:28:37.451000,424.4676144111565,9
2024-09-20 10:28:37.492000,424.4925175455512,5
2024-09-20 10:28:37.557000,424.4111899156632,1000
2024-09-20 10:28:37.580000,424.3943941770286,1003
2024-09-20 10:28:37.584000,424.5014103593191,1004
2024-09-20 10:28:37.603000,424.4147612299281,102
2024-09-20 10:28:37.628000,424.5027909006812,1001
2024-09-20 10:28:37.717000,424.4866769651203,103
2024-09-20 10:28:37.731000,424.40629204733233,101
2024-09-20 10:28:37.782000,424.4040564077249,103
2024-09-20 10:28:37.798000,424.3961078944875,1001
2024-09-20 10:28:37.862000,424.413653092011,8
2024-09-20 10:28:37.917000,424.4317850945497,14
2024-09-20 10:28:38.103000,424.4669970448404,101
2024-09-20 10:28:38.231000,424.4788498224737,996
2024-09-20 10:28:38.324000,424.4689765287449,104
2024-09-20 10:28:38.335000,424.4782362034076,1005
2024-09-20 10:28:38.507000,424.4891422928556,101
2024-09-20 10:28:38.735000,424.4951067431493,105
2024-09-20 10:28:38.894000,424.4719226023316,1001
2024-09-20 10:28:39.147000,424.4853840852285,102
2024-09-20 10:28:39.158000,424.4910630177611,6
2024-09-20 10:28:39.240000,424.4534227917218,9
2024-09-20 10:28:39.400000,424.4868986657729,13
2024-09-20 10:28:39.413000,424.5023025743816,5
2024-09-20 10:28:39.449000,424.4777776339471,9
2024-09-20 10:28:39.463000,424.45515893723126,998
2024-09-20 10:28:39.566000,424.46452998703535,13
2024-09-20 10:28:39.575000,424.4901360145225,1004
2024-09-20 10:28:39.768000,424.4844525565953,999
2024-09-20 10:28:39.793000,424.4927182734727,996
2024-09-20 10:28:40.013000,424.46890653137393,105
2024-09-20 10:28:40.057000,424.45780223820697,1000
2024-09-20 10:28:40.093000,424.4788502636817,12
2024-09-20 10:28:40.151000,424.45764682360857,14
2024-09-20 10:28:40.163000,424.4531265545932,1001
2024-09-20 10:28:40.193000,424.4674786861341,15
2024-09-20 10:28:40.209000,424.44286287906624,1004
2024-09-20 10:28:40.252000,424.4440165219532,102
2024-09-20 10:28:40.308000,424.4511849227637,96
2024-09-20 10:28:40.320000,424.44369798220873,104
2024-09-20 10:28:40.335000,424.42667899762057,997
2024-09-20 10:28:40.355000,424.4682867413758,95
2024-09-20 10:28:40.356000,424.4258947480631,8
2024-09-20 10:28:40.357000,424.4360768941257,1003
2024-09-20 10:28:40.383000,424.4366660582361,7
2024-09-20 10:28:40.475000,424.46137701623087,999
2024-09-20 10:28:40.511000,424.4355397886502,13
2024-09-20 10:28:40.651000,424.4201402584751,9
2024-09-20 10:28:40.665000,424.4664283720652,1004
2024-09-20 10:28:40.691000,424.4384943924375,11
2024-09-20 10:28:40.822000,424.4155080062421,97
2024-09-20 10:28:40.876000,424.446423145879,1002
2024-09-20 10:28:40.884000,424.45198235693374,999
2024-09-20 10:28:40.904000,424.45446783991696,99
2024-09-20 10:28:40.993000,424.4379871933981,6
2024-09-20 10:28:41.006000,424.4045855064445,101
2024-09-20 10:28:41.168000,424.3930802522741,7
2024-09-20 10:28:41.181000,424.387190394348,998
2024-09-20 10:28:41.211000,424.413244715492,10
2024-09-20 10:28:41.280000,424.3918003104591,9
2024-09-20 10:28:41.308000,424.381267100836,998
2024-09-20 10:28:41.359000,424.3989590728714,99
2024-09-20 10:28:41.379000,424.3867881424681,7
2024-09-20 10:28:41.491000,424.3988998834608,999
2024-09-20 10:28:41.536000,424.39512042671686,98
2024-09-20 10:28:41.558000,424.377350873186,101
2024-09-20 10:28:41.608000,424.4074561288804,1004
2024-09-20 10:28:41.622000,424.37657231178144,5
2024-09-20 10:28:41.676000,424.3839933459927,14
2024-09-20 10:28:41.707000,424.4290149670205,101
2024-09-20 10:28:41.717000,424.4011774112881,10
2024-09-20 10:28:41.798000,424.4037146134646,995
2024-09-20 10:28:41.833000,424.39956462417456,12
2024-09-20 10:28:41.840000,424.3831144225495,1002
2024-09-20 10:28:41.866000,424.4160716248391,998
2024-09-20 10:28:41.867000,424.401743798222,97
2024-09-20 10:28:42.118000,424.3931433182342,1002
2024-09-20 10:28:42.119000,424.3987956492542,97
2024-09-20 10:28:42.204000,424.39376397650295,7
2024-09-20 10:28:42.391000,424.4026344822544,99
2024-09-20 10:28:42.394000,424.3839870712491,101
2024-09-20 10:28:42.596000,424.384085012369,1002
2024-09-20 10:28:42.739000,424.398016513394,1003
2024-09-20 10:28:43.089000,424.3923585920959,1001
2024-09-20 10:28:43.098000,424.407950523544,9
2024-09-20 10:28:43.378000,424.392711840778,9
2024-09-20 10:28:43.427000,424.4042706887461,13
2024-09-20 10:28:43.495000,424.3953738918048,103
2024-09-20 10:28:43.792000,424.4075086319531,6
2024-09-20 10:28:43.866000,424.3871381114355,10
2024-09-20 10:28:44.045000,424.43577079840514,1005
2024-09-20 10:28:44.231000,424.4056801341014,105
2024-09-20 10:28:44.279000,424.4031651974983,8
2024-09-20 10:28:44.360000,424.3930547761684,9
2024-09-20 10:28:44.369000,424.4248498674342,1004
2024-09-20 10:28:44.712000,424.4022942686751,8
2024-09-20 10:28:45.316000,424.41569008067,996
2024-09-20 10:28:45.676000,424.421112765634,14
2024-09-20 10:28:45.901000,424.4082308134593,96
2024-09-20 10:28:45.926000,424.4058987437986,97
2024-09-20 10:28:46.017000,424.4455626819666,1005
2024-09-20 10:28:46.019000,424.50873165010654,995
2024-09-20 10:28:46.031000,424.48989246979966,5
2024-09-20 10:28:46.070000,424.418053726665,100
2024-09-20 10:28:46.147000,424.486684055808,101
2024-09-20 10:28:46.264000,424.5000027755594,1000
2024-09-20 10:28:46.299000,424.4588160229948,101
2024-09-20 10:28:46.340000,424.4243586554309,97
2024-09-20 10:28:46.390000,424.45565618891897,99
2024-09-20 10:28:46.491000,424.496470002827,6
2024-09-20 10:28:46.558000,424.4771817525192,100
2024-09-20 10:28:46.589000,424.4545824872898,1001
2024-09-20 10:28:46.639000,424.457901173474,103
2024-09-20 10:28:46.722000,424.4749645212903,100
2024-09-20 10:28:46.799000,424.42669327165055,997
2024-09-20 10:28:46.947000,424.49282097535314,95
2024-09-20 10:28:46.956000,424.4471304539014,10
2024-09-20 10:28:46.969000,424.41988030930287,998
2024-09-20 10:28:46.987000,424.4906545089063,1001
2024-09-20 10:28:48.111000,424.45252215956526,101
2024-09-20 10:28:48.204000,424.4579219082308,5
2024-09-20 10:28:48.238000,424.4587621568522,14
2024-09-20 10:28:48.373000,424.4235504635714,10
2024-09-20 10:28:48.399000,424.4593738701007,6
2024-09-20 10:28:48.484000,424.4149454847166,8
2024-09-20 10:28:48.557000,424.4490742782457,98
2024-09-20 10:28:48.585000,424.42261334917015,98
2024-09-20 10:28:48.599000,424.4742418924389,102
2024-09-20 10:28:48.639000,424.465379287185,13
2024-09-20 10:28:48.964000,424.4681464923998,99
2024-09-20 10:28:49.018000,424.4012935766164,97
2024-09-20 10:28:49.037000,424.3408908654576,1001
2024-09-20 10:28:49.118000,424.4021960531787,997
2024-09-20 10:28:49.121000,424.3019918886581,999
2024-09-20 10:28:49.363000,424.3910381287623,13
2024-09-20 10:28:49.374000,424.3983135107629,98
2024-09-20 10:28:49.387000,424.3945780889904,7
2024-09-20 10:28:49.391000,424.3798977335265,104
2024-09-20 10:28:49.472000,424.386288653099,104
2024-09-20 10:28:49.509000,424.4031446377353,105
2024-09-20 10:28:49.596000,424.39816960620647,100
2024-09-20 10:28:49.608000,424.3132766246996,1003
2024-09-20 10:28:49.626000,424.3718239555325,1000
2024-09-20 10:28:49.639000,424.3370501996648,997
2024-09-20 10:28:49.685000,424.4041441502952,11
2024-09-20 10:28:49.737000,424.38946670857706,996
2024-09-20 10:28:49.739000,424.3624225423088,103
2024-09-20 10:28:49.739000,424.3949489961517,1001
2024-09-20 10:28:49.760000,424.32067531840175,1000
2024-09-20 10:28:49.823000,424.395104071742,99
2024-09-20 10:28:49.976000,424.4052029123988,96
2024-09-20 10:28:50.078000,424.35782157749736,999
2024-09-20 10:28:50.081000,424.3549699988651,1001
2024-09-20 10:28:50.152000,424.3386697494589,9
2024-09-20 10:28:50.712000,424.3461953535422,996
2024-09-20 10:28:50.719000,424.348816781698,1000
2024-09-20 10:28:50.852000,424.3310149173493,10
2024-09-20 10:28:50.902000,424.3353870735219,102
2024-09-20 10:28:51.129000,424.3812138426807,103
2024-09-20 10:28:51.150000,424.3531251248138,103
2024-09-20 10:28:51.170000,424.34661167770537,1003
2024-09-20 10:28:51.264000,424.393418399978,5
2024-09-20 10:28:51.286000,424.3735921375799,9
2024-09-20 10:28:51.374000,424.3766046802402,105
2024-09-20 10:28:51.498000,424.3886984595865,103
2024-09-20 10:28:51.499000,424.38876633845376,11
2024-09-20 10:28:51.527000,424.3810826738938,96
2024-09-20 10:28:51.620000,424.3664762859764,103
2024-09-20 10:28:52.013000,424.2345992140872,6
2024-09-20 10:28:52.047000,424.335497458998,1003
2024-09-20 10:28:52.088000,424.349776204651,6
2024-09-20 10:28:52.100000,424.365334805542,1000
2024-09-20 10:28:52.103000,424.322175604764,99
2024-09-20 10:28:52.114000,424.3549357692635,1001
2024-09-20 10:28:52.171000,424.3492949964453,14
2024-09-20 10:28:52.233000,424.3126107415566,103
2024-09-20 10:28:52.249000,424.3387968954832,100
2024-09-20 10:28:52.262000,424.3490673522484,996
2024-09-20 10:28:52.329000,424.3131555931429,1004
2024-09-20 10:28:52.367000,424.324967932284,995
2024-09-20 10:28:52.368000,424.2837026235703,100
2024-09-20 10:28:52.393000,424.38625592131285,104
2024-09-20 10:28:52.417000,424.4036867356522,97
2024-09-20 10:28:52.433000,424.339740136546,995
2024-09-20 10:28:52.453000,424.2462385483609,999
2024-09-20 10:28:52.543000,424.33898583513553,1003
2024-09-20 10:28:52.575000,424.3067159890567,99
2024-09-20 10:28:52.613000,424.3525465023285,8
2024-09-20 10:28:52.622000,424.39186712980495,997
2024-09-20 10:28:52.657000,424.3903908376874,15
2024-09-20 10:28:52.661000,424.33706105199326,1000
2024-09-20 10:28:52.685000,424.33405255166906,1005
2024-09-20 10:28:52.733000,424.3387684508114,995
2024-09-20 10:28:52.788000,424.3386713793169,98
2024-09-20 10:28:52.929000,424.30493949353297,13
2024-09-20 10:28:52.939000,424.34231440468153,96
2024-09-20 10:28:53.045000,424.126748124617,995
2024-09-20 10:28:53.049000,424.1959520047019,7
2024-09-20 10:28:53.099000,424.13034863608266,8
2024-09-20 10:28:53.293000,424.1181686670808,1000
2024-09-20 10:28:53.312000,424.1441321868856,997
2024-09-20 10:28:53.499000,424.172328107212,11
2024-09-20 10:28:53.529000,424.19125757073056,6
2024-09-20 10:28:53.557000,424.17359308354,101
2024-09-20 10:28:53.582000,424.1433312548416,995
2024-09-20 10:28:53.584000,424.1365154235217,100
2024-09-20 10:28:53.591000,424.2000333361054,97
2024-09-20 10:28:53.595000,424.15856033229056,996
2024-09-20 10:28:53.686000,424.1766370226694,9
2024-09-20 10:28:53.756000,424.15983272406646,105
2024-09-20 10:28:53.761000,424.1334565298196,95
2024-09-20 10:28:53.781000,424.1530661002741,6
2024-09-20 10:28:53.822000,424.1552417200174,13
2024-09-20 10:28:53.907000,424.14941536522497,1001
2024-09-20 10:28:53.987000,424.1313984810624,15
2024-09-20 10:28:54.075000,424.2045315994585,103
2024-09-20 10:28:54.148000,424.19922725665526,103
2024-09-20 10:28:54.283000,424.19316103516536,9
2024-09-20 10:28:54.579000,424.1941248831637,998
2024-09-20 10:28:54.649000,424.1938554937292,1001
2024-09-20 10:28:54.923000,424.19289991894,105
2024-09-20 10:28:55.015000,424.2099757870642,1000
2024-09-20 10:28:55.062000,424.2481534437789,996
2024-09-20 10:28:55.112000,424.2284260802988,996
2024-09-20 10:28:55.195000,424.28455349140535,14
2024-09-20 10:28:55.265000,424.1725763787289,7
2024-09-20 10:28:55.534000,424.1926306447321,1001
2024-09-20 10:28:55.541000,424.1972327436287,1003
2024-09-20 10:28:55.545000,424.2005600831347,5
2024-09-20 10:28:55.584000,424.2293696186958,10
2024-09-20 10:28:55.613000,424.22326945364887,99
2024-09-20 10:28:55.627000,424.2261972520992,97
2024-09-20 10:28:55.662000,424.299061150208,8
2024-09-20 10:28:55.717000,424.19839685722894,7
2024-09-20 10:28:55.751000,424.2336355509383,95
2024-09-20 10:28:55.763000,424.26506951186246,11
2024-09-20 10:28:55.945000,424.23909594748136,14
2024-09-20 10:28:55.981000,424.2057230401685,13
2024-09-20 10:28:56.063000,424.2085423497543,996
2024-09-20 10:28:56.068000,424.2499691210317,99
2024-09-20 10:28:56.227000,424.2224495914595,105
2024-09-20 10:28:56.227000,424.26287699573487,11
2024-09-20 10:28:56.236000,424.2551800376434,13
2024-09-20 10:28:56.245000,424.20934755769713,104
2024-09-20 10:28:56.304000,424.31352136483525,1004
2024-09-20 10:28:56.330000,424.2729563535552,10
2024-09-20 10:28:56.419000,424.2628461486068,7
2024-09-20 10:28:56.438000,424.2007181339032,104
2024-09-20 10:28:56.543000,424.2962937897561,103
2024-09-20 10:28:56.555000,424.1890369565846,105
2024-09-20 10:28:56.565000,424.1909952184742,999
2024-09-20 10:28:56.627000,424.28017018765854,13
2024-09-20 10:28:56.657000,424.2427010101496,100
2024-09-20 10:28:56.712000,424.1962684107309,995
2024-09-20 10:28:56.743000,424.2046881072024,8
2024-09-20 10:28:56.746000,424.2418462549134,1003
2024-09-20 10:28:56.751000,424.2911711257553,1005
2024-09-20 10:28:56.759000,424.2131036704368,15
2024-09-20 10:28:56.807000,424.2561826194095,15
2024-09-20 10:28:56.837000,424.27519351884433,12
2024-09-20 10:28:56.893000,424.29410399093047,97
2024-09-20 10:28:56.903000,424.18163012970257,1001
2024-09-20 10:28:56.918000,424.2558714481558,1002
2024-09-20 10:28:56.946000,424.2788224935933,10
2024-09-20 10:28:56.972000,424.2854091956894,6
2024-09-20 10:28:57.016000,424.2113148216953,7
2024-09-20 10:28:57.096000,424.2080002326293,99
2024-09-20 10:28:57.096000,424.1947870578717,100
2024-09-20 10:28:57.100000,424.2088737315623,101
2024-09-20 10:28:57.131000,424.2135538023962,998
2024-09-20 10:28:57.210000,424.2029392133769,14
2024-09-20 10:28:57.260000,424.1938292582221,999
2024-09-20 10:28:57.272000,424.21661495381466,104
2024-09-20 10:28:57.331000,424.2187533832901,999
2024-09-20 10:28:57.336000,424.1904860658764,999
2024-09-20 10:28:57.433000,424.2093761645443,1000
2024-09-20 10:28:57.461000,424.2157894413597,101
2024-09-20 10:28:57.484000,424.2110951656942,104
2024-09-20 10:28:57.505000,424.1817915405322,98
2024-09-20 10:28:57.554000,424.2106066399096,10
2024-09-20 10:28:57.559000,424.2221555442488,95
2024-09-20 10:28:57.613000,424.2338127216825,97
2024-09-20 10:28:57.614000,424.1963682711865,998
2024-09-20 10:28:57.697000,424.2336559127811,996
2024-09-20 10:28:57.723000,424.2087754853004,95
2024-09-20 10:28:57.789000,424.1914797417423,96
2024-09-20 10:28:57.804000,424.1998913485288,101
2024-09-20 10:28:57.830000,424.21190372507823,7
2024-09-20 10:28:57.846000,424.1912476805938,1005
2024-09-20 10:28:57.870000,424.2035332624415,6
2024-09-20 10:28:57.872000,424.2009502542805,6
2024-09-20 10:28:57.872000,424.20486455512656,101
2024-09-20 10:28:57.894000,424.1808763350968,998
2024-09-20 10:28:57.987000,424.18368433097766,98
2024-09-20 10:28:58.020000,424.2290076227234,97
2024-09-20 10:28:58.064000,424.24141262104337,998
2024-09-20 10:28:58.072000,424.22647441501823,1005
2024-09-20 10:28:58.074000,424.243089652762,6
2024-09-20 10:28:58.089000,424.2457993328959,999
2024-09-20 10:28:58.124000,424.1998244020426,997
2024-09-20 10:28:58.138000,424.2039060752431,1000
2024-09-20 10:28:58.141000,424.2067455376562,9
2024-09-20 10:28:58.192000,424.20448183872975,7
2024-09-20 10:28:58.218000,424.2717753345241,105
2024-09-20 10:28:58.247000,424.2553947749802,11
2024-09-20 10:28:58.288000,424.2288284379678,1004
2024-09-20 10:28:58.292000,424.21594992367096,7
2024-09-20 10:28:58.718000,424.231675277812,100
2024-09-20 10:28:58.719000,424.2425263045674,1001
2024-09-20 10:28:58.753000,424.2260829507069,996
2024-09-20 10:28:58.808000,424.2186572482226,1001
2024-09-20 10:28:58.818000,424.2775582326466,7
2024-09-20 10:28:58.828000,424.227152736195,97
2024-09-20 10:28:59.424000,424.2189345865705,996
2024-09-20 10:28:59.461000,424.2420078264221,9
2024-09-20 10:28:59.544000,424.23854978653617,96
2024-09-20 10:28:59.569000,424.2319168784724,995
2024-09-20 10:28:59.830000,424.21072153144536,1004
