Timestamp,Price,Size
2024-09-18 13:57:00.032000,414.78819562307626,7
2024-09-18 13:57:00.039000,414.75516328836,103
2024-09-18 13:57:00.075000,414.7725665921324,6
2024-09-18 13:57:00.108000,414.762214491389,6
2024-09-18 13:57:00.143000,414.75384608328943,101
2024-09-18 13:57:00.177000,414.75656631238,1002
2024-09-18 13:57:00.238000,414.7922042571668,102
2024-09-18 13:57:00.279000,414.803749524898,13
2024-09-18 13:57:00.358000,414.7755660970223,101
2024-09-18 13:57:00.381000,414.764240152464,15
2024-09-18 13:57:00.483000,414.7958633037224,13
2024-09-18 13:57:00.519000,414.7445579440266,101
2024-09-18 13:57:00.599000,414.790822705932,95
2024-09-18 13:57:00.656000,414.7849565444754,999
2024-09-18 13:57:00.664000,414.7837058413359,1002
2024-09-18 13:57:00.668000,414.7595677958234,103
2024-09-18 13:57:00.736000,414.7654290477912,999
2024-09-18 13:57:00.802000,414.7681720706871,1004
2024-09-18 13:57:00.806000,414.7867822304288,99
2024-09-18 13:57:00.847000,414.7993185515068,103
2024-09-18 13:57:00.857000,414.7839728593436,9
2024-09-18 13:57:00.859000,414.7587241794952,103
2024-09-18 13:57:00.884000,414.7673583719873,8
2024-09-18 13:57:00.955000,414.8184429828567,1005
2024-09-18 13:57:00.986000,414.795915990212,15
2024-09-18 13:57:01.004000,414.7768586774988,1002
2024-09-18 13:57:01.171000,414.7449771248492,999
2024-09-18 13:57:01.188000,414.7466943518701,996
2024-09-18 13:57:01.208000,414.7416384179475,103
2024-09-18 13:57:01.372000,414.771502297044,101
2024-09-18 13:57:01.559000,414.7922067187959,1005
2024-09-18 13:57:01.592000,414.7430862622003,997
2024-09-18 13:57:01.596000,414.75667031561744,100
2024-09-18 13:57:01.651000,414.7895383479431,13
2024-09-18 13:57:01.652000,414.7407906515217,8
2024-09-18 13:57:01.687000,414.7350745433328,15
2024-09-18 13:57:01.771000,414.7566946659776,1003
2024-09-18 13:57:01.892000,414.7390472933674,995
2024-09-18 13:57:01.935000,414.763569635928,1005
2024-09-18 13:57:01.999000,414.7965039504252,1000
2024-09-18 13:57:02.029000,414.6819528046029,99
2024-09-18 13:57:02.099000,414.7049782382063,13
2024-09-18 13:57:02.214000,414.6852375340243,9
2024-09-18 13:57:02.338000,414.6991813234229,999
2024-09-18 13:57:02.345000,414.7039188375968,1000
2024-09-18 13:57:02.357000,414.7275095730598,9
2024-09-18 13:57:02.395000,414.71392765685965,9
2024-09-18 13:57:02.535000,414.735267732005,1002
2024-09-18 13:57:02.715000,414.71402272708144,7
2024-09-18 13:57:02.727000,414.683733933574,105
2024-09-18 13:57:02.793000,414.7156283231668,103
2024-09-18 13:57:02.814000,414.6988777350275,102
2024-09-18 13:57:02.816000,414.6951279930304,105
2024-09-18 13:57:02.826000,414.7083586282896,98
2024-09-18 13:57:02.832000,414.6943086819375,13
2024-09-18 13:57:02.844000,414.6948167068072,998
2024-09-18 13:57:02.880000,414.7089252503832,8
2024-09-18 13:57:02.969000,414.70611620280056,5
2024-09-18 13:57:02.974000,414.6931665669941,104
2024-09-18 13:57:03.133000,414.6860653923154,104
2024-09-18 13:57:03.171000,414.6859633516736,95
2024-09-18 13:57:03.171000,414.6846900293642,6
2024-09-18 13:57:03.357000,414.6917974270467,100
2024-09-18 13:57:03.369000,414.6505777198215,13
2024-09-18 13:57:03.389000,414.6771163633607,96
2024-09-18 13:57:03.415000,414.6891907853902,997
2024-09-18 13:57:03.603000,414.69930010229234,101
2024-09-18 13:57:03.648000,414.6634588865601,1000
2024-09-18 13:57:03.771000,414.7064205480273,1005
2024-09-18 13:57:03.793000,414.68017225161344,99
2024-09-18 13:57:03.919000,414.6493423655498,15
2024-09-18 13:57:03.983000,414.6800721323735,12
2024-09-18 13:57:04.053000,414.6625977577215,14
2024-09-18 13:57:04.076000,414.6634788320768,15
2024-09-18 13:57:04.123000,414.6707802857195,13
2024-09-18 13:57:04.167000,414.6594947335189,1004
2024-09-18 13:57:04.269000,414.69992196686496,1001
2024-09-18 13:57:04.419000,414.6753570028268,103
2024-09-18 13:57:04.476000,414.6510940313085,105
2024-09-18 13:57:04.524000,414.6773338448605,105
2024-09-18 13:57:04.581000,414.6365753152437,10
2024-09-18 13:57:04.596000,414.6513149995823,1002
2024-09-18 13:57:04.651000,414.6629069838855,9
2024-09-18 13:57:04.713000,414.67305462225954,1005
2024-09-18 13:57:04.741000,414.6727979460688,101
2024-09-18 13:57:04.953000,414.69050226894046,7
2024-09-18 13:57:05.048000,414.6595074917715,6
2024-09-18 13:57:05.156000,414.6409847482829,998
2024-09-18 13:57:05.201000,414.6444646094249,99
2024-09-18 13:57:05.454000,414.6525211463658,1005
2024-09-18 13:57:05.681000,414.6311907353759,6
2024-09-18 13:57:05.762000,414.630316638317,996
2024-09-18 13:57:05.839000,414.6446498857878,8
2024-09-18 13:57:06.020000,414.6742431929589,97
2024-09-18 13:57:06.115000,414.7252995019057,10
2024-09-18 13:57:06.129000,414.65644329109966,105
2024-09-18 13:57:06.182000,414.6717965199154,5
2024-09-18 13:57:06.199000,414.6832652252738,1000
2024-09-18 13:57:06.330000,414.6375158965933,14
2024-09-18 13:57:06.386000,414.6392513696158,99
2024-09-18 13:57:06.389000,414.6715130332563,12
2024-09-18 13:57:06.613000,414.7295250248418,11
2024-09-18 13:57:06.675000,414.7617172372403,105
2024-09-18 13:57:06.721000,414.6802205626442,102
2024-09-18 13:57:06.765000,414.758189189372,101
2024-09-18 13:57:06.779000,414.7103344552731,105
2024-09-18 13:57:06.805000,414.6840231879147,11
2024-09-18 13:57:06.925000,414.7346596510447,95
2024-09-18 13:57:06.958000,414.6433700102035,1000
2024-09-18 13:57:07.018000,414.73483475230097,11
2024-09-18 13:57:07.208000,414.7872232273057,999
2024-09-18 13:57:07.215000,414.7179132377023,998
2024-09-18 13:57:07.273000,414.739857358819,995
2024-09-18 13:57:07.306000,414.7339055067848,101
2024-09-18 13:57:07.331000,414.8045805682564,998
2024-09-18 13:57:07.398000,414.7293148007016,96
2024-09-18 13:57:07.427000,414.79906530479775,7
2024-09-18 13:57:07.459000,414.7463793853877,996
2024-09-18 13:57:07.484000,414.7716972795874,102
2024-09-18 13:57:07.487000,414.7891001005023,101
2024-09-18 13:57:07.495000,414.7900809358701,13
2024-09-18 13:57:07.532000,414.7985264712338,996
2024-09-18 13:57:07.682000,414.7608253505696,98
2024-09-18 13:57:07.707000,414.7938264425639,102
2024-09-18 13:57:07.741000,414.74160731621816,100
2024-09-18 13:57:07.789000,414.75548463610704,15
2024-09-18 13:57:07.790000,414.7323693412791,5
2024-09-18 13:57:07.792000,414.7228036061456,7
2024-09-18 13:57:07.795000,414.7957409452963,10
2024-09-18 13:57:07.800000,414.72810380787575,13
2024-09-18 13:57:07.809000,414.7707434772388,1004
2024-09-18 13:57:07.908000,414.753355099383,8
2024-09-18 13:57:07.911000,414.7411697343226,104
2024-09-18 13:57:07.942000,414.7661829517059,5
2024-09-18 13:57:07.966000,414.7734206520564,100
2024-09-18 13:57:07.996000,414.7262933356462,997
2024-09-18 13:57:08.171000,414.7965657295331,6
2024-09-18 13:57:08.180000,414.8138871601062,7
2024-09-18 13:57:08.232000,414.8082827100493,8
2024-09-18 13:57:08.240000,414.8049938866103,1002
2024-09-18 13:57:08.278000,414.766898342033,103
2024-09-18 13:57:08.329000,414.78455362476734,1003
2024-09-18 13:57:08.373000,414.8025360919213,10
2024-09-18 13:57:08.547000,414.7807623946297,10
2024-09-18 13:57:08.577000,414.7909532101469,99
2024-09-18 13:57:08.580000,414.8031268593127,96
2024-09-18 13:57:08.594000,414.7791543931787,12
2024-09-18 13:57:08.602000,414.7982304828426,14
2024-09-18 13:57:08.701000,414.7820104952928,1003
2024-09-18 13:57:08.775000,414.8041869855894,103
2024-09-18 13:57:08.867000,414.7837885199187,1004
2024-09-18 13:57:08.881000,414.78709710342895,12
2024-09-18 13:57:08.884000,414.7693121070128,1001
2024-09-18 13:57:10.026000,414.766783332981,99
2024-09-18 13:57:10.044000,414.77777746119256,98
2024-09-18 13:57:10.051000,414.75983046853815,100
2024-09-18 13:57:10.163000,414.7711731600059,12
2024-09-18 13:57:10.320000,414.7668956662361,97
2024-09-18 13:57:10.375000,414.7877175469323,97
2024-09-18 13:57:10.448000,414.7772258516205,995
2024-09-18 13:57:10.489000,414.7657494744066,1004
2024-09-18 13:57:10.613000,414.74896902850446,1004
2024-09-18 13:57:10.711000,414.7782678382842,1005
2024-09-18 13:57:10.718000,414.7655092482106,99
2024-09-18 13:57:10.819000,414.7440579870062,9
2024-09-18 13:57:11.001000,414.7479308782485,6
2024-09-18 13:57:11.009000,414.748454447532,999
2024-09-18 13:57:11.228000,414.7415660787814,15
2024-09-18 13:57:11.760000,414.7645231252224,996
2024-09-18 13:57:12.408000,414.7826838333886,995
2024-09-18 13:57:12.548000,414.7356759952242,96
2024-09-18 13:57:12.631000,414.7716862110826,998
2024-09-18 13:57:12.744000,414.7431061902652,98
2024-09-18 13:57:12.768000,414.7701367567293,14
2024-09-18 13:57:12.825000,414.7889626570844,12
2024-09-18 13:57:12.874000,414.74019314139576,12
2024-09-18 13:57:12.881000,414.7829930160463,999
2024-09-18 13:57:12.947000,414.7763530437695,102
2024-09-18 13:57:14.078000,414.81440718571326,6
2024-09-18 13:57:14.138000,414.77988196283314,10
2024-09-18 13:57:14.167000,414.7967599885917,997
2024-09-18 13:57:14.181000,414.7543620036931,997
2024-09-18 13:57:14.207000,414.7491980463395,999
2024-09-18 13:57:14.255000,414.7933665925197,8
2024-09-18 13:57:14.255000,414.7652569356822,102
2024-09-18 13:57:14.275000,414.7863196357826,996
2024-09-18 13:57:14.300000,414.740964425545,999
2024-09-18 13:57:14.302000,414.7825517009638,97
2024-09-18 13:57:14.308000,414.7534078806053,1003
2024-09-18 13:57:14.337000,414.7825503109105,11
2024-09-18 13:57:14.520000,414.7769776587498,100
2024-09-18 13:57:14.522000,414.7310711266499,996
2024-09-18 13:57:14.550000,414.7754775746196,1002
2024-09-18 13:57:14.567000,414.7957763547272,98
2024-09-18 13:57:14.676000,414.79454272389216,998
2024-09-18 13:57:14.721000,414.7649946658131,1003
2024-09-18 13:57:14.754000,414.7449580654776,8
2024-09-18 13:57:14.793000,414.7304891090708,14
2024-09-18 13:57:14.806000,414.7730154150889,8
2024-09-18 13:57:14.807000,414.76064436447047,5
2024-09-18 13:57:14.842000,414.76385932504695,97
2024-09-18 13:57:14.892000,414.7818076486609,1001
2024-09-18 13:57:14.992000,414.7717096594995,97
2024-09-18 13:57:15.062000,414.72654036318687,9
2024-09-18 13:57:15.115000,414.7417350257781,95
2024-09-18 13:57:15.180000,414.74845477538247,995
2024-09-18 13:57:15.321000,414.7262250090419,1003
2024-09-18 13:57:15.387000,414.755583567794,5
2024-09-18 13:57:15.453000,414.7324493480419,97
2024-09-18 13:57:15.554000,414.7379065458394,97
2024-09-18 13:57:15.695000,414.7387517688625,996
2024-09-18 13:57:15.867000,414.7544204860429,15
2024-09-18 13:57:15.921000,414.73156549365166,10
2024-09-18 13:57:15.979000,414.7465631736475,12
2024-09-18 13:57:16.052000,414.741320961912,996
2024-09-18 13:57:16.120000,414.7594235065433,105
2024-09-18 13:57:16.146000,414.76361058001015,15
2024-09-18 13:57:16.158000,414.75737127471984,12
2024-09-18 13:57:16.203000,414.7712024223352,9
2024-09-18 13:57:16.218000,414.76595222373527,1004
2024-09-18 13:57:16.268000,414.7715354954335,995
2024-09-18 13:57:16.506000,414.7544811350143,100
2024-09-18 13:57:16.536000,414.7522756356252,10
2024-09-18 13:57:16.538000,414.76462103100886,13
2024-09-18 13:57:16.630000,414.7666552142659,10
2024-09-18 13:57:16.647000,414.7794932920201,15
2024-09-18 13:57:16.677000,414.7638360452216,1004
2024-09-18 13:57:16.726000,414.7521251652433,8
2024-09-18 13:57:16.825000,414.7505704911457,5
2024-09-18 13:57:16.933000,414.7385830727714,1005
2024-09-18 13:57:16.956000,414.7579959795745,1003
2024-09-18 13:57:16.973000,414.7579359854407,96
2024-09-18 13:57:17.367000,414.7851647095968,997
2024-09-18 13:57:17.371000,414.77510033346914,98
2024-09-18 13:57:17.419000,414.7510460084352,103
2024-09-18 13:57:17.468000,414.7555554618862,996
2024-09-18 13:57:17.492000,414.7408504014191,97
2024-09-18 13:57:17.557000,414.7767410873428,996
2024-09-18 13:57:17.622000,414.7635041558192,997
2024-09-18 13:57:17.645000,414.7802137799622,102
2024-09-18 13:57:17.742000,414.7537322332535,1003
2024-09-18 13:57:17.783000,414.746173245884,103
2024-09-18 13:57:17.783000,414.7717143206981,8
2024-09-18 13:57:17.827000,414.7643559719814,99
2024-09-18 13:57:17.886000,414.7522539595952,96
2024-09-18 13:57:17.977000,414.7642595462005,11
2024-09-18 13:57:18.031000,414.7459768123989,15
2024-09-18 13:57:18.078000,414.7600643084296,14
2024-09-18 13:57:18.079000,414.74660327734193,96
2024-09-18 13:57:18.088000,414.7804355134841,100
2024-09-18 13:57:18.102000,414.7586595137108,10
2024-09-18 13:57:18.130000,414.7852355081677,997
2024-09-18 13:57:18.223000,414.7630572651996,12
2024-09-18 13:57:18.307000,414.7514725350149,8
2024-09-18 13:57:18.309000,414.7488083892066,9
2024-09-18 13:57:18.387000,414.756547797833,100
2024-09-18 13:57:18.485000,414.768871161104,1004
2024-09-18 13:57:18.543000,414.75484081935593,95
2024-09-18 13:57:18.629000,414.7333190455331,98
2024-09-18 13:57:18.700000,414.7803620277392,11
2024-09-18 13:57:18.770000,414.7718997487438,998
2024-09-18 13:57:18.783000,414.7678941840576,101
2024-09-18 13:57:18.852000,414.7600529180815,997
2024-09-18 13:57:18.904000,414.7614404860181,11
2024-09-18 13:57:18.971000,414.766512759887,100
2024-09-18 13:57:18.985000,414.7920978550245,995
2024-09-18 13:57:19.151000,414.7615586804585,998
2024-09-18 13:57:19.233000,414.7601286518883,998
2024-09-18 13:57:19.523000,414.7616957393061,97
2024-09-18 13:57:19.865000,414.7816462580048,1001
2024-09-18 13:57:20.122000,414.7506552426223,103
2024-09-18 13:57:21.139000,414.7939445875822,999
2024-09-18 13:57:21.170000,414.78471132758017,99
2024-09-18 13:57:21.245000,414.7827120858079,13
2024-09-18 13:57:21.269000,414.7644392504386,102
2024-09-18 13:57:21.415000,414.7799191717856,10
2024-09-18 13:57:21.511000,414.77299539477593,999
2024-09-18 13:57:21.524000,414.75491343418565,10
2024-09-18 13:57:21.612000,414.7889823406617,1004
2024-09-18 13:57:21.668000,414.784704125273,999
2024-09-18 13:57:21.707000,414.74621543693127,96
2024-09-18 13:57:21.747000,414.7636880167752,99
2024-09-18 13:57:21.801000,414.7613522139157,7
2024-09-18 13:57:21.809000,414.7893924098093,99
2024-09-18 13:57:21.858000,414.792035994799,10
2024-09-18 13:57:21.901000,414.7774613819415,12
2024-09-18 13:57:21.937000,414.7713031358055,1004
2024-09-18 13:57:21.953000,414.76833200012544,5
2024-09-18 13:57:22.004000,414.7850335460383,103
2024-09-18 13:57:22.024000,414.7958189786816,1005
2024-09-18 13:57:22.039000,414.7953757440592,96
2024-09-18 13:57:22.198000,414.79793181763057,1003
2024-09-18 13:57:22.322000,414.7882116927027,12
2024-09-18 13:57:22.433000,414.76639962867154,999
2024-09-18 13:57:22.437000,414.7857218173053,995
2024-09-18 13:57:22.551000,414.80543334450624,96
2024-09-18 13:57:22.671000,414.7868292042704,7
2024-09-18 13:57:22.675000,414.7967831209137,1001
2024-09-18 13:57:22.694000,414.78039910274873,98
2024-09-18 13:57:22.851000,414.8164467500864,14
2024-09-18 13:57:22.932000,414.7870451824875,5
2024-09-18 13:57:23.039000,414.8407010128263,997
2024-09-18 13:57:23.091000,414.83731958712127,105
2024-09-18 13:57:23.237000,414.8458391572651,13
2024-09-18 13:57:23.238000,414.8211522992801,1001
2024-09-18 13:57:23.303000,414.87798144482247,995
2024-09-18 13:57:23.404000,414.824696938779,1002
2024-09-18 13:57:23.423000,414.87249515001895,101
2024-09-18 13:57:23.428000,414.8071121376655,1003
2024-09-18 13:57:23.515000,414.78472006189816,105
2024-09-18 13:57:23.573000,414.83961025408536,995
2024-09-18 13:57:23.593000,414.7986495247631,1000
2024-09-18 13:57:23.595000,414.8648474204667,5
2024-09-18 13:57:23.614000,414.84618353116986,95
2024-09-18 13:57:23.619000,414.8198767382573,995
2024-09-18 13:57:23.680000,414.8496987870678,6
2024-09-18 13:57:23.681000,414.8477261230825,12
2024-09-18 13:57:23.686000,414.8311862562397,101
2024-09-18 13:57:23.687000,414.809803524165,101
2024-09-18 13:57:23.725000,414.8053345889968,997
2024-09-18 13:57:23.748000,414.82893237312993,996
2024-09-18 13:57:23.751000,414.86551884662873,13
2024-09-18 13:57:23.752000,414.834528456793,1004
2024-09-18 13:57:23.760000,414.80794110784126,103
2024-09-18 13:57:23.766000,414.8622104940352,101
2024-09-18 13:57:23.772000,414.836408634446,996
2024-09-18 13:57:23.803000,414.836647937344,7
2024-09-18 13:57:23.900000,414.7948585767684,1003
2024-09-18 13:57:23.939000,414.8283397260722,104
2024-09-18 13:57:24.091000,414.7869500811095,105
2024-09-18 13:57:24.204000,414.78964952156304,6
2024-09-18 13:57:24.409000,414.7773991016955,105
2024-09-18 13:57:24.499000,414.7979367893032,95
2024-09-18 13:57:24.582000,414.79090270982135,100
2024-09-18 13:57:24.764000,414.8114694556005,7
2024-09-18 13:57:24.843000,414.7885875267546,102
2024-09-18 13:57:25.047000,414.80046265363126,103
2024-09-18 13:57:25.132000,414.8171610941832,101
2024-09-18 13:57:25.191000,414.8290904275117,14
2024-09-18 13:57:25.197000,414.8317148375791,9
2024-09-18 13:57:25.197000,414.8063401479021,12
2024-09-18 13:57:25.271000,414.830953917626,997
2024-09-18 13:57:25.289000,414.8436522274852,100
2024-09-18 13:57:25.303000,414.8624404676709,13
2024-09-18 13:57:25.328000,414.8539602318491,5
2024-09-18 13:57:25.341000,414.8121346063433,14
2024-09-18 13:57:25.423000,414.80529594946216,101
2024-09-18 13:57:25.448000,414.8516429913015,103
2024-09-18 13:57:25.467000,414.8071756897374,102
2024-09-18 13:57:25.472000,414.81752774795297,97
2024-09-18 13:57:25.474000,414.8484115890191,999
2024-09-18 13:57:25.503000,414.8077817035265,96
2024-09-18 13:57:25.540000,414.8019257046033,13
2024-09-18 13:57:25.604000,414.82615658724615,15
2024-09-18 13:57:25.715000,414.8358668873436,96
2024-09-18 13:57:25.755000,414.8316530834785,1002
2024-09-18 13:57:25.774000,414.82433722074376,995
2024-09-18 13:57:25.799000,414.84136289666833,996
2024-09-18 13:57:25.810000,414.8027743729685,1005
2024-09-18 13:57:25.846000,414.81767008288,9
2024-09-18 13:57:25.906000,414.8274111192432,7
2024-09-18 13:57:25.936000,414.84668079362285,11
2024-09-18 13:57:25.942000,414.8611734118815,999
2024-09-18 13:57:27.152000,414.71235307059584,1002
2024-09-18 13:57:27.176000,414.72524050508616,105
2024-09-18 13:57:27.310000,414.7574836972084,8
2024-09-18 13:57:27.442000,414.7204213668174,1001
2024-09-18 13:57:27.541000,414.7419271225811,6
2024-09-18 13:57:27.554000,414.8059904292148,11
2024-09-18 13:57:27.557000,414.733932899296,9
2024-09-18 13:57:27.636000,414.7338344703968,8
2024-09-18 13:57:27.638000,414.759631513005,14
2024-09-18 13:57:27.696000,414.7824524438487,1002
2024-09-18 13:57:27.696000,414.7883690844918,95
2024-09-18 13:57:27.820000,414.8127306835119,96
2024-09-18 13:57:28.055000,414.7443943141939,12
2024-09-18 13:57:28.076000,414.7317630991645,997
2024-09-18 13:57:28.283000,414.736263140008,997
2024-09-18 13:57:28.349000,414.74665742040906,1003
2024-09-18 13:57:28.457000,414.734970127128,14
2024-09-18 13:57:28.572000,414.7339216703373,15
2024-09-18 13:57:28.592000,414.747980718202,99
2024-09-18 13:57:28.613000,414.7433305654241,10
2024-09-18 13:57:28.637000,414.74412313749633,11
2024-09-18 13:57:28.721000,414.7386361426713,7
2024-09-18 13:57:28.795000,414.7609475956037,96
2024-09-18 13:57:28.795000,414.7384171614936,8
2024-09-18 13:57:28.809000,414.7372698108964,999
2024-09-18 13:57:28.908000,414.74624662984127,104
2024-09-18 13:57:28.930000,414.7467234349493,105
2024-09-18 13:57:28.971000,414.75227416703865,15
2024-09-18 13:57:29.073000,414.6855428371568,104
2024-09-18 13:57:29.084000,414.7293128193219,6
2024-09-18 13:57:29.110000,414.7047693141528,1000
2024-09-18 13:57:29.115000,414.6928746498416,101
2024-09-18 13:57:29.186000,414.737258998376,98
2024-09-18 13:57:29.196000,414.6929032232017,100
2024-09-18 13:57:29.204000,414.6992466507207,98
2024-09-18 13:57:29.248000,414.71017580896176,8
2024-09-18 13:57:29.267000,414.72025584294727,1003
2024-09-18 13:57:29.291000,414.69132341028455,6
2024-09-18 13:57:29.294000,414.7170921973402,99
2024-09-18 13:57:29.418000,414.73492126222703,1000
2024-09-18 13:57:29.424000,414.67279637706224,1002
2024-09-18 13:57:29.427000,414.7085107773876,1000
2024-09-18 13:57:29.446000,414.7105402303891,104
2024-09-18 13:57:29.586000,414.6876474828685,8
2024-09-18 13:57:29.588000,414.70726193137625,104
2024-09-18 13:57:29.617000,414.7118751372989,103
2024-09-18 13:57:29.717000,414.7011801922849,1002
2024-09-18 13:57:29.757000,414.69009218671385,1002
2024-09-18 13:57:29.809000,414.7044468211894,1003
2024-09-18 13:57:29.842000,414.7032029833232,102
2024-09-18 13:57:29.907000,414.70996273473065,1000
2024-09-18 13:57:29.925000,414.6993653593408,5
2024-09-18 13:57:29.975000,414.7367042214268,996
2024-09-18 13:57:29.978000,414.7271333831381,96
2024-09-18 13:57:30.375000,414.6870571601061,105
2024-09-18 13:57:31.080000,414.6991423159139,7
2024-09-18 13:57:31.168000,414.6694561980404,5
2024-09-18 13:57:31.181000,414.675908425516,10
2024-09-18 13:57:31.190000,414.6900092064598,1004
2024-09-18 13:57:31.205000,414.6847978736312,13
2024-09-18 13:57:31.271000,414.67493964782255,96
2024-09-18 13:57:31.325000,414.67389885892624,7
2024-09-18 13:57:31.381000,414.6866073710964,1004
2024-09-18 13:57:31.412000,414.6931622711856,13
2024-09-18 13:57:31.445000,414.67356090195153,96
2024-09-18 13:57:31.455000,414.6897949355098,14
2024-09-18 13:57:31.464000,414.6751203393742,995
2024-09-18 13:57:31.541000,414.6798788233156,98
2024-09-18 13:57:31.585000,414.6637686759141,998
2024-09-18 13:57:31.626000,414.68271653475176,97
2024-09-18 13:57:31.700000,414.677716394052,103
2024-09-18 13:57:31.738000,414.6864711173623,9
2024-09-18 13:57:31.755000,414.66622562546337,11
2024-09-18 13:57:31.808000,414.70326256712,105
2024-09-18 13:57:31.958000,414.67667686500175,998
2024-09-18 13:57:31.960000,414.6692457259775,10
2024-09-18 13:57:31.988000,414.6688933864645,995
2024-09-18 13:57:32.059000,414.6238765827183,10
2024-09-18 13:57:32.106000,414.6024689147739,102
2024-09-18 13:57:32.118000,414.5805503972586,105
2024-09-18 13:57:32.205000,414.5707173669392,996
2024-09-18 13:57:32.253000,414.5799783950395,1002
2024-09-18 13:57:32.259000,414.66568667544544,996
2024-09-18 13:57:32.301000,414.595933416894,996
2024-09-18 13:57:32.344000,414.5760138249856,998
2024-09-18 13:57:32.379000,414.59944958972335,104
2024-09-18 13:57:32.383000,414.6053359394141,12
2024-09-18 13:57:32.386000,414.6691583038355,1004
2024-09-18 13:57:32.446000,414.6712618020256,1001
2024-09-18 13:57:32.492000,414.629231748251,105
2024-09-18 13:57:32.556000,414.63526787685856,1005
2024-09-18 13:57:32.605000,414.6011623079931,999
2024-09-18 13:57:32.616000,414.6147999454384,7
2024-09-18 13:57:32.682000,414.5741764660582,5
2024-09-18 13:57:32.824000,414.64302436912175,101
2024-09-18 13:57:32.831000,414.6618329933256,10
2024-09-18 13:57:32.833000,414.66970305960587,100
2024-09-18 13:57:32.899000,414.5819471659358,999
2024-09-18 13:57:33.012000,414.6233965639048,100
2024-09-18 13:57:33.050000,414.6242000028696,105
2024-09-18 13:57:33.050000,414.58885093311983,14
2024-09-18 13:57:33.155000,414.6079040288333,14
2024-09-18 13:57:33.176000,414.602615316242,95
2024-09-18 13:57:33.299000,414.6252480316213,10
2024-09-18 13:57:33.508000,414.6058233147469,6
2024-09-18 13:57:33.521000,414.6224934043043,5
2024-09-18 13:57:33.551000,414.61157991329054,96
2024-09-18 13:57:33.685000,414.6172914478491,1005
2024-09-18 13:57:33.847000,414.5924918115177,95
2024-09-18 13:57:33.865000,414.6138301971026,105
2024-09-18 13:57:33.924000,414.61164972537057,1003
2024-09-18 13:57:34.069000,414.59498948130965,998
2024-09-18 13:57:34.149000,414.59321766352537,96
2024-09-18 13:57:34.251000,414.5363781468381,1001
2024-09-18 13:57:34.300000,414.54835223899033,996
2024-09-18 13:57:34.323000,414.5643331625658,997
2024-09-18 13:57:34.327000,414.566301640954,97
2024-09-18 13:57:34.349000,414.58259005271503,998
2024-09-18 13:57:34.416000,414.5979483936853,95
2024-09-18 13:57:34.553000,414.5586794023814,97
2024-09-18 13:57:34.599000,414.5537042487013,9
2024-09-18 13:57:34.681000,414.60240317932846,8
2024-09-18 13:57:34.708000,414.56195978241135,9
2024-09-18 13:57:34.798000,414.55957317512616,7
2024-09-18 13:57:34.838000,414.5479159298378,1003
2024-09-18 13:57:34.934000,414.5626640583851,98
2024-09-18 13:57:34.994000,414.5797283460844,10
2024-09-18 13:57:35.006000,414.63065877655856,998
2024-09-18 13:57:35.043000,414.650546780883,99
2024-09-18 13:57:35.081000,414.7047318705195,1003
2024-09-18 13:57:35.100000,414.7490480124289,7
2024-09-18 13:57:35.133000,414.6497992176065,12
2024-09-18 13:57:35.324000,414.6753589013757,10
2024-09-18 13:57:35.392000,414.63189304077457,1005
2024-09-18 13:57:35.429000,414.6360970261964,102
2024-09-18 13:57:35.466000,414.7378607245077,95
2024-09-18 13:57:35.512000,414.72241436158606,101
2024-09-18 13:57:35.538000,414.7089273000592,1005
2024-09-18 13:57:35.560000,414.740340871124,8
2024-09-18 13:57:35.561000,414.7183648691399,1003
2024-09-18 13:57:35.570000,414.6877402842154,6
2024-09-18 13:57:35.575000,414.7558536998494,998
2024-09-18 13:57:35.644000,414.7501245975984,9
2024-09-18 13:57:35.664000,414.735514200779,12
2024-09-18 13:57:35.683000,414.6493278731554,8
2024-09-18 13:57:35.823000,414.6964159908725,100
2024-09-18 13:57:35.907000,414.6244270075864,1004
2024-09-18 13:57:35.909000,414.6140968434288,1005
2024-09-18 13:57:35.980000,414.6429924647901,12
2024-09-18 13:57:36.153000,414.7513956759205,997
2024-09-18 13:57:36.769000,414.75961137925225,996
2024-09-18 13:57:36.776000,414.7631681122384,10
2024-09-18 13:57:36.910000,414.762373721878,5
2024-09-18 13:57:36.994000,414.7421406032721,11
2024-09-18 13:57:37.039000,414.7300079699252,103
2024-09-18 13:57:37.057000,414.7416672909838,95
2024-09-18 13:57:37.073000,414.7205750015114,1001
2024-09-18 13:57:37.105000,414.69685144688975,6
2024-09-18 13:57:37.155000,414.6814876771713,995
2024-09-18 13:57:37.326000,414.74782122012,1000
2024-09-18 13:57:37.441000,414.7088420401846,11
2024-09-18 13:57:37.462000,414.73113972151936,5
2024-09-18 13:57:37.511000,414.7389052721946,9
2024-09-18 13:57:37.542000,414.73559989750055,13
2024-09-18 13:57:37.571000,414.71845624817,1005
2024-09-18 13:57:37.658000,414.7286442534274,998
2024-09-18 13:57:37.692000,414.6938248792631,1002
2024-09-18 13:57:37.724000,414.686808582652,101
2024-09-18 13:57:37.743000,414.73930278221775,95
2024-09-18 13:57:37.780000,414.7405230117303,1003
2024-09-18 13:57:37.788000,414.74421467056135,14
2024-09-18 13:57:37.790000,414.73863249027016,1004
2024-09-18 13:57:37.872000,414.7580644128856,7
2024-09-18 13:57:37.873000,414.68624960721183,999
2024-09-18 13:57:37.951000,414.723263734321,102
2024-09-18 13:57:37.963000,414.6947177042294,1005
2024-09-18 13:57:37.972000,414.7175187340874,1005
2024-09-18 13:57:37.985000,414.7505827619272,995
2024-09-18 13:57:38.191000,414.6964702254368,101
2024-09-18 13:57:38.388000,414.6916321238849,11
2024-09-18 13:57:38.466000,414.7061359156149,105
2024-09-18 13:57:38.689000,414.704875510765,10
2024-09-18 13:57:38.897000,414.6993849613783,5
2024-09-18 13:57:39.017000,414.7106142153567,1000
2024-09-18 13:57:39.026000,414.6926789548442,14
2024-09-18 13:57:39.031000,414.678236064615,98
2024-09-18 13:57:39.206000,414.6668937101008,105
2024-09-18 13:57:39.220000,414.6752619210741,97
2024-09-18 13:57:39.297000,414.6693905343873,99
2024-09-18 13:57:39.399000,414.67380256713454,95
2024-09-18 13:57:39.494000,414.679977761502,999
2024-09-18 13:57:39.573000,414.6986059482065,1001
2024-09-18 13:57:39.585000,414.68172076894245,999
2024-09-18 13:57:39.767000,414.6948871079189,15
2024-09-18 13:57:39.775000,414.6910668288119,11
2024-09-18 13:57:39.852000,414.6901033741258,995
2024-09-18 13:57:39.893000,414.66592480351466,1005
2024-09-18 13:57:39.918000,414.66994506572127,1005
2024-09-18 13:57:39.993000,414.6993292354073,11
2024-09-18 13:57:40.007000,414.66496618193895,103
2024-09-18 13:57:40.026000,414.6622530756637,102
2024-09-18 13:57:40.101000,414.6676902165058,1004
2024-09-18 13:57:40.115000,414.6750543693688,5
2024-09-18 13:57:40.155000,414.6040781504362,104
2024-09-18 13:57:40.393000,414.6435228647898,105
2024-09-18 13:57:40.470000,414.62748066812895,995
2024-09-18 13:57:40.530000,414.63020719038434,1005
2024-09-18 13:57:40.546000,414.65517007439695,105
2024-09-18 13:57:40.574000,414.6634992463351,100
2024-09-18 13:57:40.673000,414.61681122032826,1003
2024-09-18 13:57:40.776000,414.662762272468,12
2024-09-18 13:57:40.784000,414.6586748485603,104
2024-09-18 13:57:40.843000,414.6429227493417,5
2024-09-18 13:57:40.864000,414.6681737954692,97
2024-09-18 13:57:40.911000,414.640331197952,5
2024-09-18 13:57:40.918000,414.6676309643624,102
2024-09-18 13:57:40.950000,414.62075835788266,8
2024-09-18 13:57:41.026000,414.6196903380426,10
2024-09-18 13:57:41.143000,414.62028965503737,104
2024-09-18 13:57:41.147000,414.6162792552136,1002
2024-09-18 13:57:41.179000,414.6404607119871,8
2024-09-18 13:57:41.526000,414.6295782615149,6
2024-09-18 13:57:41.536000,414.61351695642537,102
2024-09-18 13:57:41.560000,414.6171353479496,5
2024-09-18 13:57:41.962000,414.63824010605697,1005
2024-09-18 13:57:42.008000,414.58374718635736,997
2024-09-18 13:57:42.193000,414.5457294627647,998
2024-09-18 13:57:42.219000,414.5577352498453,14
2024-09-18 13:57:42.261000,414.5626146662233,104
2024-09-18 13:57:42.484000,414.58032650015247,1000
2024-09-18 13:57:42.584000,414.5400123897306,105
2024-09-18 13:57:42.622000,414.5500113246909,999
2024-09-18 13:57:42.626000,414.5544668860232,97
2024-09-18 13:57:42.672000,414.5698039802192,1005
2024-09-18 13:57:42.722000,414.5437996979695,103
2024-09-18 13:57:42.837000,414.5422680319909,11
2024-09-18 13:57:42.866000,414.555310049557,1004
2024-09-18 13:57:42.972000,414.60067612692336,1003
2024-09-18 13:57:42.976000,414.5458922016025,5
2024-09-18 13:57:43.010000,414.530093201155,996
2024-09-18 13:57:43.016000,414.4965129596926,998
2024-09-18 13:57:43.036000,414.5169243626306,11
2024-09-18 13:57:43.088000,414.5210676577461,9
2024-09-18 13:57:43.096000,414.514056796277,1003
2024-09-18 13:57:43.151000,414.5364810758271,995
2024-09-18 13:57:43.178000,414.5599007587608,998
2024-09-18 13:57:43.193000,414.5539143414956,995
2024-09-18 13:57:43.242000,414.55301814373183,1005
2024-09-18 13:57:43.277000,414.51879298143865,103
2024-09-18 13:57:43.293000,414.5434834392189,1001
2024-09-18 13:57:43.361000,414.53537416807416,14
2024-09-18 13:57:43.428000,414.5680632919579,998
2024-09-18 13:57:43.471000,414.5168110601058,103
2024-09-18 13:57:43.472000,414.5399724925114,102
2024-09-18 13:57:43.492000,414.504074064603,95
2024-09-18 13:57:43.508000,414.5091950227718,101
2024-09-18 13:57:43.618000,414.51711730288895,99
2024-09-18 13:57:43.647000,414.5149655098392,14
2024-09-18 13:57:43.647000,414.5090351519632,12
2024-09-18 13:57:43.677000,414.5442031983128,10
2024-09-18 13:57:43.678000,414.55599231182345,996
2024-09-18 13:57:43.684000,414.544290945002,12
2024-09-18 13:57:43.716000,414.5404999672167,98
2024-09-18 13:57:43.755000,414.52047267060937,12
2024-09-18 13:57:43.757000,414.5204720357794,105
2024-09-18 13:57:43.897000,414.5107825921563,1000
2024-09-18 13:57:43.901000,414.5197500608509,95
2024-09-18 13:57:43.919000,414.5357774021791,97
2024-09-18 13:57:43.966000,414.5265019056536,10
2024-09-18 13:57:44.038000,414.5392354684876,101
2024-09-18 13:57:44.128000,414.53468845594455,6
2024-09-18 13:57:44.142000,414.542897533035,102
2024-09-18 13:57:44.575000,414.5415195268392,997
2024-09-18 13:57:44.686000,414.5343550824728,95
2024-09-18 13:57:44.840000,414.5387330291267,1003
2024-09-18 13:57:45.111000,414.51990645895614,7
2024-09-18 13:57:45.192000,414.5095779990239,99
2024-09-18 13:57:45.507000,414.5373296607064,95
2024-09-18 13:57:45.593000,414.53557445973513,1003
2024-09-18 13:57:45.676000,414.5124721931184,99
2024-09-18 13:57:46.025000,414.5457329343008,105
2024-09-18 13:57:46.041000,414.5425123643604,1003
2024-09-18 13:57:46.041000,414.53026748441073,6
2024-09-18 13:57:46.097000,414.5459714860445,1003
2024-09-18 13:57:46.141000,414.55266111756976,1003
2024-09-18 13:57:46.141000,414.51825372190433,102
2024-09-18 13:57:46.156000,414.4953291520727,100
2024-09-18 13:57:46.186000,414.5445036934257,13
2024-09-18 13:57:46.216000,414.5539197738004,11
2024-09-18 13:57:46.221000,414.5398142442279,997
2024-09-18 13:57:46.294000,414.5320899197592,6
2024-09-18 13:57:46.334000,414.50241443215344,13
2024-09-18 13:57:46.455000,414.5145735340567,997
2024-09-18 13:57:46.455000,414.531641998651,997
2024-09-18 13:57:46.456000,414.4975808676028,6
2024-09-18 13:57:46.477000,414.50513372409125,1004
2024-09-18 13:57:46.480000,414.5424798127671,997
2024-09-18 13:57:46.529000,414.56378717078377,101
2024-09-18 13:57:46.533000,414.55106871242384,6
2024-09-18 13:57:46.535000,414.557546860628,1003
2024-09-18 13:57:46.553000,414.4992593061816,103
2024-09-18 13:57:46.583000,414.4892925668477,100
2024-09-18 13:57:46.684000,414.5242872744549,1002
2024-09-18 13:57:46.772000,414.5428863229898,99
2024-09-18 13:57:46.791000,414.5208705527474,996
2024-09-18 13:57:46.796000,414.5603948744154,12
2024-09-18 13:57:46.827000,414.4914811099774,15
2024-09-18 13:57:46.942000,414.5188512559103,997
2024-09-18 13:57:47.016000,414.5750845739018,999
2024-09-18 13:57:47.437000,414.5692308028334,103
2024-09-18 13:57:47.662000,414.5503348545859,100
2024-09-18 13:57:47.950000,414.5775667163138,11
2024-09-18 13:57:48.104000,414.47643646842033,996
2024-09-18 13:57:48.108000,414.4878805572649,1003
2024-09-18 13:57:48.108000,414.5376120278968,7
2024-09-18 13:57:48.150000,414.4818575684651,1004
2024-09-18 13:57:48.188000,414.4643602732876,1003
2024-09-18 13:57:48.265000,414.4900098387172,7
2024-09-18 13:57:48.346000,414.4777699216716,1000
2024-09-18 13:57:48.402000,414.4773701072687,96
2024-09-18 13:57:48.435000,414.5119538428804,7
2024-09-18 13:57:48.505000,414.4762502622882,997
2024-09-18 13:57:48.553000,414.49183805227193,13
2024-09-18 13:57:48.577000,414.475586636348,998
2024-09-18 13:57:48.638000,414.4845445735559,996
2024-09-18 13:57:48.660000,414.4897920444199,11
2024-09-18 13:57:48.665000,414.4936088169097,999
2024-09-18 13:57:48.885000,414.47307497875096,998
2024-09-18 13:57:48.914000,414.46214273060446,105
2024-09-18 13:57:48.956000,414.5308742540485,6
2024-09-18 13:57:49.027000,414.5365175650631,13
2024-09-18 13:57:49.246000,414.51311508261017,1003
2024-09-18 13:57:49.283000,414.53224491119306,12
2024-09-18 13:57:49.352000,414.4966616145486,101
2024-09-18 13:57:49.355000,414.5352671240708,999
2024-09-18 13:57:49.404000,414.53485198051936,1000
2024-09-18 13:57:49.474000,414.4994547701744,98
2024-09-18 13:57:49.543000,414.49384868861983,999
2024-09-18 13:57:49.570000,414.51944634586135,103
2024-09-18 13:57:49.600000,414.5210989590696,99
2024-09-18 13:57:49.709000,414.5313685491672,96
2024-09-18 13:57:49.743000,414.5320457825108,997
2024-09-18 13:57:49.843000,414.5286244424765,6
2024-09-18 13:57:49.856000,414.5288408920103,104
2024-09-18 13:57:49.882000,414.543277894541,98
2024-09-18 13:57:49.988000,414.53332583329103,1002
2024-09-18 13:57:49.998000,414.5178626236226,996
2024-09-18 13:57:51.098000,414.6224543236088,1001
2024-09-18 13:57:51.217000,414.6626961350802,1005
2024-09-18 13:57:51.286000,414.6098999817203,996
2024-09-18 13:57:51.357000,414.5828268562606,998
2024-09-18 13:57:51.427000,414.6611826098741,13
2024-09-18 13:57:51.611000,414.6159984894415,1005
2024-09-18 13:57:51.631000,414.6082613296032,104
2024-09-18 13:57:51.707000,414.5691223637047,99
2024-09-18 13:57:51.744000,414.6469847430717,1005
2024-09-18 13:57:51.751000,414.660013531824,999
2024-09-18 13:57:51.783000,414.63297368761096,101
2024-09-18 13:57:51.791000,414.56516166660407,6
2024-09-18 13:57:51.811000,414.6252636677121,5
2024-09-18 13:57:51.831000,414.6523394158826,102
2024-09-18 13:57:51.831000,414.5428277542441,5
2024-09-18 13:57:51.837000,414.5804913824132,14
2024-09-18 13:57:51.857000,414.5414805316999,998
2024-09-18 13:57:51.924000,414.5498425461341,15
2024-09-18 13:57:51.977000,414.6422492705841,1005
2024-09-18 13:57:51.993000,414.6519213796679,6
2024-09-18 13:57:52.073000,414.6564866245061,1000
2024-09-18 13:57:52.339000,414.6282718093124,998
2024-09-18 13:57:52.744000,414.639373498971,99
2024-09-18 13:57:52.771000,414.6410245443609,7
2024-09-18 13:57:52.826000,414.6438189807039,1005
2024-09-18 13:57:52.945000,414.6188700694422,1004
2024-09-18 13:57:53.001000,414.6005502398159,14
2024-09-18 13:57:53.057000,414.5795095633607,13
2024-09-18 13:57:53.144000,414.6065308416063,1005
2024-09-18 13:57:53.180000,414.5534265492957,99
2024-09-18 13:57:53.294000,414.5824899409549,102
2024-09-18 13:57:53.306000,414.5846381733324,103
2024-09-18 13:57:53.330000,414.5566036276117,96
2024-09-18 13:57:53.418000,414.5508189946669,99
2024-09-18 13:57:53.436000,414.5811930665256,99
2024-09-18 13:57:53.466000,414.6034762881766,102
2024-09-18 13:57:53.515000,414.592149431224,96
2024-09-18 13:57:53.617000,414.5756564578173,996
2024-09-18 13:57:53.659000,414.5831926408798,12
2024-09-18 13:57:53.749000,414.6019408228457,104
2024-09-18 13:57:53.807000,414.5990190168433,7
2024-09-18 13:57:53.899000,414.5358016665833,9
2024-09-18 13:57:53.964000,414.5322096431452,8
2024-09-18 13:57:54.090000,414.5032459423591,99
2024-09-18 13:57:54.096000,414.4850506577296,12
2024-09-18 13:57:54.147000,414.4803975172199,1002
2024-09-18 13:57:54.182000,414.4583443580513,99
2024-09-18 13:57:54.243000,414.50827087900495,5
2024-09-18 13:57:54.245000,414.5224914579911,15
2024-09-18 13:57:54.284000,414.54633675766826,103
2024-09-18 13:57:54.308000,414.4783000188584,1003
2024-09-18 13:57:54.321000,414.5240947666847,104
2024-09-18 13:57:54.363000,414.4762608978237,15
2024-09-18 13:57:54.365000,414.4637825559593,9
2024-09-18 13:57:54.423000,414.49264209586966,7
2024-09-18 13:57:54.431000,414.5385496406354,97
2024-09-18 13:57:54.482000,414.51798670785183,13
2024-09-18 13:57:54.526000,414.5247079226416,9
2024-09-18 13:57:54.536000,414.4560497816194,1003
2024-09-18 13:57:54.586000,414.4713217096888,998
2024-09-18 13:57:54.707000,414.5331213969856,104
2024-09-18 13:57:54.720000,414.4891595460328,7
2024-09-18 13:57:54.825000,414.48866963785576,12
2024-09-18 13:57:54.944000,414.5228579102071,100
2024-09-18 13:57:54.945000,414.51304864158186,102
2024-09-18 13:57:54.952000,414.5283597638612,105
2024-09-18 13:57:54.987000,414.51773714419176,97
2024-09-18 13:57:55.016000,414.5708619133832,100
2024-09-18 13:57:55.052000,414.5644502042349,10
2024-09-18 13:57:55.077000,414.5769397778278,102
2024-09-18 13:57:55.149000,414.573168949055,103
2024-09-18 13:57:55.151000,414.5909245847852,104
2024-09-18 13:57:55.160000,414.5716836493799,995
2024-09-18 13:57:55.211000,414.5840873101313,101
2024-09-18 13:57:55.230000,414.5556935282372,7
2024-09-18 13:57:55.237000,414.5583222565837,15
2024-09-18 13:57:55.251000,414.5749201694866,100
2024-09-18 13:57:55.269000,414.5688847494062,1001
2024-09-18 13:57:55.300000,414.5523816240906,9
2024-09-18 13:57:55.390000,414.5590023264336,15
2024-09-18 13:57:55.394000,414.5517904593243,102
2024-09-18 13:57:55.436000,414.5171716562416,996
2024-09-18 13:57:55.465000,414.6014885224513,100
2024-09-18 13:57:55.479000,414.5772881633323,97
2024-09-18 13:57:55.503000,414.5216304886916,996
2024-09-18 13:57:55.556000,414.5686199850195,1003
2024-09-18 13:57:55.566000,414.5662675549554,13
2024-09-18 13:57:55.569000,414.59069391787153,99
2024-09-18 13:57:55.608000,414.5143562042142,6
2024-09-18 13:57:55.649000,414.5530268621108,1004
2024-09-18 13:57:55.662000,414.5293794011103,100
2024-09-18 13:57:55.930000,414.5720020100161,5
2024-09-18 13:57:55.946000,414.4956053636855,999
2024-09-18 13:57:55.971000,414.5749491419781,996
2024-09-18 13:57:56.103000,414.5743614833964,10
2024-09-18 13:57:56.133000,414.5947921660214,10
2024-09-18 13:57:56.144000,414.6050295845825,104
2024-09-18 13:57:56.245000,414.5915405457513,997
2024-09-18 13:57:56.785000,414.5562740678232,999
2024-09-18 13:57:56.822000,414.6071485060025,99
2024-09-18 13:57:56.945000,414.5525621129469,6
2024-09-18 13:57:57.019000,414.5405601562634,12
2024-09-18 13:57:57.048000,414.5006188436208,1004
2024-09-18 13:57:57.098000,414.5226455506944,98
2024-09-18 13:57:57.151000,414.5563211388568,96
2024-09-18 13:57:57.172000,414.5524312519775,1000
2024-09-18 13:57:57.189000,414.55443016431735,12
2024-09-18 13:57:57.247000,414.5371921093291,6
2024-09-18 13:57:57.296000,414.5173446646787,103
2024-09-18 13:57:57.325000,414.5013065028475,997
2024-09-18 13:57:57.375000,414.53761552011525,10
2024-09-18 13:57:57.378000,414.50347549044136,10
2024-09-18 13:57:57.488000,414.52054959298624,103
2024-09-18 13:57:57.526000,414.5117492978372,12
2024-09-18 13:57:57.542000,414.5336721507926,102
2024-09-18 13:57:57.563000,414.5310460816315,1003
2024-09-18 13:57:57.623000,414.4974070462368,105
2024-09-18 13:57:57.630000,414.5138109693813,96
2024-09-18 13:57:57.666000,414.5413619507255,103
2024-09-18 13:57:57.668000,414.5117176994453,6
2024-09-18 13:57:57.792000,414.54147201448313,997
2024-09-18 13:57:57.793000,414.54780960902656,103
2024-09-18 13:57:57.805000,414.5172634394157,999
2024-09-18 13:57:57.893000,414.5370592504458,100
2024-09-18 13:57:57.904000,414.5420351463311,12
2024-09-18 13:57:57.911000,414.5252788319815,105
2024-09-18 13:57:57.920000,414.5283282704153,98
2024-09-18 13:57:57.957000,414.5273269667762,95
2024-09-18 13:57:57.961000,414.52189343969474,100
2024-09-18 13:57:57.966000,414.5247702994536,14
2024-09-18 13:57:58.015000,414.5367182984255,999
2024-09-18 13:57:58.063000,414.5246019608687,97
2024-09-18 13:57:58.231000,414.54971353640366,97
2024-09-18 13:57:58.316000,414.5473068827883,7
2024-09-18 13:57:58.453000,414.5169391664711,997
2024-09-18 13:57:58.458000,414.5675242887375,95
2024-09-18 13:57:58.845000,414.5177770928012,9
2024-09-18 13:57:58.869000,414.547319232994,98
2024-09-18 13:57:58.899000,414.570661746715,14
2024-09-18 13:57:58.934000,414.53614754060135,97
2024-09-18 13:57:58.991000,414.5614552982293,999
2024-09-18 13:57:59.133000,414.5727650449882,97
2024-09-18 13:57:59.151000,414.5813843585782,8
2024-09-18 13:57:59.155000,414.6063441390977,1002
2024-09-18 13:57:59.414000,414.577304102349,7
2024-09-18 13:57:59.460000,414.58490429237776,105
2024-09-18 13:57:59.524000,414.6077537037049,104
2024-09-18 13:57:59.594000,414.5781092387086,101
2024-09-18 13:57:59.871000,414.59646425335535,14
