Timestamp,Price,Size
2024-09-17 13:23:00.121000,402.9405398348927,96
2024-09-17 13:23:00.462000,402.94289845360765,1003
2024-09-17 13:23:00.573000,402.928708084568,8
2024-09-17 13:23:00.733000,402.9391317369136,1005
2024-09-17 13:23:01.041000,402.9224952307064,13
2024-09-17 13:23:01.119000,402.928363919394,1000
2024-09-17 13:23:01.124000,402.91526345802447,104
2024-09-17 13:23:01.219000,402.9007033723441,1000
2024-09-17 13:23:01.228000,402.9320622057194,9
2024-09-17 13:23:01.268000,402.8682890758841,8
2024-09-17 13:23:01.352000,402.8801932517668,7
2024-09-17 13:23:01.416000,402.8779414018047,11
2024-09-17 13:23:01.441000,402.9097315245903,8
2024-09-17 13:23:01.472000,402.8861322010264,14
2024-09-17 13:23:01.490000,402.9130081268817,1002
2024-09-17 13:23:01.502000,402.9130683833789,1005
2024-09-17 13:23:01.525000,402.9000195951318,98
2024-09-17 13:23:01.542000,402.8832195659782,95
2024-09-17 13:23:01.586000,402.91717799521547,100
2024-09-17 13:23:01.618000,402.9272699047321,996
2024-09-17 13:23:01.624000,402.919436554949,13
2024-09-17 13:23:01.652000,402.9175672244847,1003
2024-09-17 13:23:01.666000,402.9060019063277,15
2024-09-17 13:23:01.678000,402.92863070211246,996
2024-09-17 13:23:01.700000,402.88710728187726,12
2024-09-17 13:23:01.712000,402.90031342478505,996
2024-09-17 13:23:01.732000,402.874582964144,96
2024-09-17 13:23:01.738000,402.8979825616222,100
2024-09-17 13:23:01.859000,402.9183976317118,8
2024-09-17 13:23:01.886000,402.930571511668,96
2024-09-17 13:23:01.962000,402.9249603135024,102
2024-09-17 13:23:01.971000,402.9150070780458,99
2024-09-17 13:23:01.981000,402.916658938195,996
2024-09-17 13:23:01.987000,402.92742581520105,1005
2024-09-17 13:23:02.091000,402.9119864096911,98
2024-09-17 13:23:02.103000,402.882166774377,1000
2024-09-17 13:23:02.116000,402.901158957212,98
2024-09-17 13:23:02.142000,402.8858377081258,8
2024-09-17 13:23:02.260000,402.9625264575855,998
2024-09-17 13:23:02.304000,402.98005701900297,98
2024-09-17 13:23:02.349000,402.9824970408048,103
2024-09-17 13:23:02.384000,402.9489209414177,998
2024-09-17 13:23:02.432000,402.9419847422666,100
2024-09-17 13:23:02.445000,402.9492862721133,999
2024-09-17 13:23:02.643000,402.9529984110165,11
2024-09-17 13:23:02.779000,402.9495218320384,995
2024-09-17 13:23:02.786000,402.9174068711812,14
2024-09-17 13:23:02.787000,402.9621148542148,6
2024-09-17 13:23:02.834000,402.9729142868359,104
2024-09-17 13:23:02.862000,402.88782159695023,14
2024-09-17 13:23:02.896000,402.93903460219656,97
2024-09-17 13:23:02.910000,402.8939688176503,15
2024-09-17 13:23:02.958000,402.95450062985566,15
2024-09-17 13:23:02.973000,402.9212120957321,1000
2024-09-17 13:23:03.018000,402.90845485157166,100
2024-09-17 13:23:03.067000,402.9015844949841,1001
2024-09-17 13:23:03.131000,402.8861012883056,9
2024-09-17 13:23:03.190000,402.9196785139493,10
2024-09-17 13:23:03.236000,402.9000665622455,6
2024-09-17 13:23:03.447000,402.8954508964148,6
2024-09-17 13:23:03.468000,402.9082319170468,15
2024-09-17 13:23:03.501000,402.9341227605221,998
2024-09-17 13:23:03.505000,402.9449691877578,7
2024-09-17 13:23:03.562000,402.91732464394914,11
2024-09-17 13:23:03.654000,402.90795248680985,12
2024-09-17 13:23:03.656000,402.9299522009538,997
2024-09-17 13:23:03.671000,402.9009802780097,97
2024-09-17 13:23:03.776000,402.9245730582591,11
2024-09-17 13:23:03.918000,402.901058715634,96
2024-09-17 13:23:03.975000,402.898523766519,1000
2024-09-17 13:23:04.019000,402.9163535163173,100
2024-09-17 13:23:04.095000,402.8770296107055,99
2024-09-17 13:23:04.193000,402.8933628872008,7
2024-09-17 13:23:04.281000,402.92520345230577,15
2024-09-17 13:23:04.287000,402.9046785905223,1001
2024-09-17 13:23:04.333000,402.9248870425967,999
2024-09-17 13:23:04.333000,402.92121628453503,96
2024-09-17 13:23:04.366000,402.86426048300814,11
2024-09-17 13:23:04.447000,402.90543228576274,99
2024-09-17 13:23:04.460000,402.9003137203802,97
2024-09-17 13:23:04.509000,402.89794926778217,1002
2024-09-17 13:23:04.645000,402.8946532678578,1004
2024-09-17 13:23:04.649000,402.91168049427046,105
2024-09-17 13:23:04.773000,402.90915692106216,6
2024-09-17 13:23:05.270000,402.9016342192708,100
2024-09-17 13:23:06.025000,402.9517850783952,103
2024-09-17 13:23:06.047000,402.9632221182228,1003
2024-09-17 13:23:06.116000,402.9658518800848,1001
2024-09-17 13:23:06.123000,402.9583067790588,13
2024-09-17 13:23:06.167000,402.9040556028068,98
2024-09-17 13:23:06.189000,402.9184099044514,1000
2024-09-17 13:23:06.236000,402.9052263278462,998
2024-09-17 13:23:06.279000,402.98861816709126,9
2024-09-17 13:23:06.327000,402.9062875473464,103
2024-09-17 13:23:06.333000,402.9557095026655,10
2024-09-17 13:23:06.384000,402.9911924529032,105
2024-09-17 13:23:06.397000,402.95156901636153,5
2024-09-17 13:23:06.399000,402.9771119293351,6
2024-09-17 13:23:06.519000,402.9028774119462,104
2024-09-17 13:23:06.533000,402.8921055937924,97
2024-09-17 13:23:06.537000,402.9184526481072,15
2024-09-17 13:23:06.605000,402.9749974806896,15
2024-09-17 13:23:06.635000,402.9024580390493,10
2024-09-17 13:23:06.646000,402.9409458501205,104
2024-09-17 13:23:06.744000,402.8942297837276,1003
2024-09-17 13:23:06.826000,402.9937931623365,8
2024-09-17 13:23:06.862000,402.969215885681,1002
2024-09-17 13:23:06.880000,402.9182802935521,10
2024-09-17 13:23:06.906000,402.9708497265664,15
2024-09-17 13:23:06.955000,402.9590839901256,98
2024-09-17 13:23:06.981000,402.9224878318435,101
2024-09-17 13:23:07.005000,403.0404278213167,103
2024-09-17 13:23:07.022000,402.9944598481518,13
2024-09-17 13:23:07.049000,402.9644218761603,101
2024-09-17 13:23:07.096000,403.0580060855003,100
2024-09-17 13:23:07.104000,402.9641625224004,105
2024-09-17 13:23:07.114000,403.0786491433274,97
2024-09-17 13:23:07.151000,403.004286142666,102
2024-09-17 13:23:07.206000,403.0262731234354,995
2024-09-17 13:23:07.245000,402.9988625974949,996
2024-09-17 13:23:07.270000,403.03758636124206,15
2024-09-17 13:23:07.279000,403.08099521468256,995
2024-09-17 13:23:07.285000,403.0278817554988,97
2024-09-17 13:23:07.305000,403.0367106950868,5
2024-09-17 13:23:07.342000,402.969942198464,95
2024-09-17 13:23:07.421000,403.0307310465054,995
2024-09-17 13:23:07.437000,403.0538397187655,12
2024-09-17 13:23:07.492000,403.02342119393217,13
2024-09-17 13:23:07.520000,403.0138682297491,102
2024-09-17 13:23:07.588000,402.9743688082302,9
2024-09-17 13:23:07.593000,402.96988501616056,8
2024-09-17 13:23:07.653000,403.0749653735243,995
2024-09-17 13:23:07.747000,402.99105206417687,8
2024-09-17 13:23:07.751000,402.9909409164662,1001
2024-09-17 13:23:07.923000,402.9709798436356,103
2024-09-17 13:23:08.018000,403.0043146490291,1000
2024-09-17 13:23:08.182000,403.0177968844744,102
2024-09-17 13:23:08.186000,403.02102649965485,996
2024-09-17 13:23:08.354000,403.0088378614225,104
2024-09-17 13:23:08.444000,403.023380513805,1000
2024-09-17 13:23:08.494000,402.97774319133777,100
2024-09-17 13:23:08.611000,402.9857937258758,1003
2024-09-17 13:23:08.749000,403.0081432644311,996
2024-09-17 13:23:08.755000,403.001001299144,999
2024-09-17 13:23:08.934000,403.01771541586766,96
2024-09-17 13:23:09.412000,403.0044880207864,6
2024-09-17 13:23:09.492000,403.022252266272,98
2024-09-17 13:23:09.731000,402.9870991800194,997
2024-09-17 13:23:10.185000,403.0174482653076,12
2024-09-17 13:23:10.554000,403.0020998750567,7
2024-09-17 13:23:10.931000,403.0197266635668,95
2024-09-17 13:23:10.934000,403.0239813802308,101
2024-09-17 13:23:10.980000,403.02457784149857,6
2024-09-17 13:23:11.004000,403.0435360220802,995
2024-09-17 13:23:11.023000,403.05493741273415,9
2024-09-17 13:23:11.051000,403.050560658118,95
2024-09-17 13:23:11.092000,403.0315454536967,9
2024-09-17 13:23:11.119000,403.05517131645104,11
2024-09-17 13:23:11.169000,403.0398734819905,995
2024-09-17 13:23:11.247000,403.0528282490011,97
2024-09-17 13:23:11.303000,403.0586772021889,1000
2024-09-17 13:23:11.309000,403.0430584541827,995
2024-09-17 13:23:11.363000,403.0436156312382,998
2024-09-17 13:23:11.400000,403.0554126256462,12
2024-09-17 13:23:11.456000,403.0429855120348,13
2024-09-17 13:23:11.481000,403.0448238129917,105
2024-09-17 13:23:11.504000,403.03515095609583,6
2024-09-17 13:23:11.547000,403.0388698665264,9
2024-09-17 13:23:11.565000,403.0394552470464,14
2024-09-17 13:23:11.572000,403.0636396644549,6
2024-09-17 13:23:11.658000,403.0288839507865,10
2024-09-17 13:23:11.743000,403.0299298588162,8
2024-09-17 13:23:11.814000,403.06316020667305,1001
2024-09-17 13:23:11.848000,403.0661405256241,995
2024-09-17 13:23:11.865000,403.0353494871819,101
2024-09-17 13:23:11.907000,403.06438227122845,6
2024-09-17 13:23:11.927000,403.05363722829713,1002
2024-09-17 13:23:11.939000,403.0469190162268,101
2024-09-17 13:23:12.037000,403.060391056708,995
2024-09-17 13:23:12.147000,403.0635287667945,105
2024-09-17 13:23:12.150000,403.0365770160808,7
2024-09-17 13:23:12.165000,403.0657716040739,999
2024-09-17 13:23:12.886000,403.0288491631703,1005
2024-09-17 13:23:12.919000,403.05166213644384,5
2024-09-17 13:23:13.082000,403.0385547330186,1002
2024-09-17 13:23:13.191000,403.0141632526068,5
2024-09-17 13:23:13.199000,403.0105259634952,1004
2024-09-17 13:23:13.261000,403.0391398927776,104
2024-09-17 13:23:13.347000,403.04340888390885,96
2024-09-17 13:23:13.351000,403.009829729588,15
2024-09-17 13:23:13.445000,403.00691868189136,104
2024-09-17 13:23:13.530000,403.01654327396807,97
2024-09-17 13:23:13.590000,403.0350849166312,14
2024-09-17 13:23:13.604000,402.9994716326842,95
2024-09-17 13:23:13.815000,403.02819420253417,102
2024-09-17 13:23:13.833000,403.00069082167073,8
2024-09-17 13:23:13.899000,403.02117694792514,10
2024-09-17 13:23:13.965000,402.9915251511041,103
2024-09-17 13:23:13.974000,403.0207963135629,1005
2024-09-17 13:23:14.116000,403.1064539188401,1004
2024-09-17 13:23:14.282000,403.1081341881088,999
2024-09-17 13:23:14.476000,403.0540901579777,7
2024-09-17 13:23:14.478000,403.09194280685097,1005
2024-09-17 13:23:14.522000,403.07623721631086,10
2024-09-17 13:23:14.659000,403.0620613350495,105
2024-09-17 13:23:14.900000,403.0819783418911,999
2024-09-17 13:23:15.072000,403.0967257874833,104
2024-09-17 13:23:15.143000,403.07204147800735,9
2024-09-17 13:23:15.210000,403.0866826988654,996
2024-09-17 13:23:15.244000,402.9918454075674,100
2024-09-17 13:23:15.283000,403.11024835386144,995
2024-09-17 13:23:15.319000,403.00127039448006,1002
2024-09-17 13:23:15.323000,402.9842647781124,104
2024-09-17 13:23:15.331000,402.99488076228783,999
2024-09-17 13:23:15.331000,403.07311703439,8
2024-09-17 13:23:15.373000,403.05863088027695,105
2024-09-17 13:23:15.390000,403.0888298647009,98
2024-09-17 13:23:15.413000,403.0760404694439,96
2024-09-17 13:23:15.453000,403.0130636642234,1001
2024-09-17 13:23:15.457000,403.0619562302865,96
2024-09-17 13:23:15.600000,403.0929842518752,1002
2024-09-17 13:23:15.648000,403.0698066829123,1004
2024-09-17 13:23:15.683000,403.0873305717657,1001
2024-09-17 13:23:15.718000,403.0555309791643,10
2024-09-17 13:23:15.734000,403.1188337572208,100
2024-09-17 13:23:15.759000,403.07868093193457,1002
2024-09-17 13:23:15.833000,403.0373082686623,996
2024-09-17 13:23:15.835000,403.09023971162,5
2024-09-17 13:23:15.930000,403.11258733983385,1005
2024-09-17 13:23:15.933000,402.96948488704464,12
2024-09-17 13:23:15.934000,403.0606011019409,102
2024-09-17 13:23:15.935000,403.08080958861336,100
2024-09-17 13:23:15.957000,403.0055752114995,96
2024-09-17 13:23:17.004000,402.98426360827295,102
2024-09-17 13:23:17.057000,403.05552855259697,98
2024-09-17 13:23:17.072000,402.95701445609234,8
2024-09-17 13:23:17.087000,402.97772209374176,102
2024-09-17 13:23:17.097000,403.0291477832256,105
2024-09-17 13:23:17.140000,403.0315455973735,8
2024-09-17 13:23:17.198000,403.0579418538208,105
2024-09-17 13:23:17.200000,402.96082107758167,1004
2024-09-17 13:23:17.206000,402.9669590851523,102
2024-09-17 13:23:17.245000,402.9995030388032,7
2024-09-17 13:23:17.267000,403.0379548447633,999
2024-09-17 13:23:17.321000,403.0005881393616,103
2024-09-17 13:23:17.363000,403.0148952860528,102
2024-09-17 13:23:17.489000,403.0370678561104,999
2024-09-17 13:23:17.535000,402.9946164408489,6
2024-09-17 13:23:17.547000,403.0056163635935,99
2024-09-17 13:23:17.637000,403.0600084954312,1002
2024-09-17 13:23:17.732000,403.0456468749403,104
2024-09-17 13:23:17.756000,403.0577860578294,104
2024-09-17 13:23:17.869000,402.9954659497594,997
2024-09-17 13:23:17.878000,402.964293547482,13
2024-09-17 13:23:17.926000,403.036650466455,97
2024-09-17 13:23:17.946000,402.96180699414384,102
2024-09-17 13:23:17.961000,403.0011808716195,98
2024-09-17 13:23:18.052000,402.9323622134235,10
2024-09-17 13:23:18.100000,402.9184564483107,1001
2024-09-17 13:23:18.107000,402.9176909097295,8
2024-09-17 13:23:18.170000,402.9293243234934,1000
2024-09-17 13:23:18.201000,402.9846740780236,997
2024-09-17 13:23:18.429000,402.9796173197444,105
2024-09-17 13:23:18.608000,402.95402873795047,95
2024-09-17 13:23:18.709000,402.9236159501018,1001
2024-09-17 13:23:18.757000,402.913085128134,15
2024-09-17 13:23:18.828000,402.9863430046752,1001
2024-09-17 13:23:18.875000,402.9468337546834,11
2024-09-17 13:23:18.970000,402.9375689663892,95
2024-09-17 13:23:19.050000,402.944217317947,995
2024-09-17 13:23:19.161000,402.9320243183685,1001
2024-09-17 13:23:19.196000,402.9196216118215,998
2024-09-17 13:23:19.381000,402.9462041258543,1001
2024-09-17 13:23:19.429000,402.9308300619805,997
2024-09-17 13:23:19.489000,402.9415896148267,1002
2024-09-17 13:23:19.563000,402.9457540147964,104
2024-09-17 13:23:19.576000,402.9608772971189,9
2024-09-17 13:23:19.605000,402.9389082591388,1005
2024-09-17 13:23:19.654000,402.9479936492722,97
2024-09-17 13:23:19.711000,402.9536422752796,12
2024-09-17 13:23:19.741000,402.9162279174576,995
2024-09-17 13:23:19.825000,402.9540269503633,103
2024-09-17 13:23:19.907000,402.96568689822726,100
2024-09-17 13:23:19.934000,402.9377098047908,10
2024-09-17 13:23:19.962000,402.9562657941444,8
2024-09-17 13:23:19.966000,402.95695244715375,100
2024-09-17 13:23:19.990000,402.960329832391,999
2024-09-17 13:23:20.014000,402.9181952558463,12
2024-09-17 13:23:20.188000,402.9112379502512,103
2024-09-17 13:23:20.252000,402.93439404634233,5
2024-09-17 13:23:20.287000,402.93595353821,15
2024-09-17 13:23:20.379000,402.9165156132728,8
2024-09-17 13:23:20.445000,402.918312499736,1003
2024-09-17 13:23:20.515000,402.9319895515253,10
2024-09-17 13:23:20.549000,402.9186614268687,95
2024-09-17 13:23:20.659000,402.9205704602846,14
2024-09-17 13:23:20.804000,402.9055233279141,1003
2024-09-17 13:23:21.014000,402.8578042791461,1004
2024-09-17 13:23:21.163000,402.8643145441326,14
2024-09-17 13:23:21.168000,402.9369617440124,97
2024-09-17 13:23:21.190000,402.9208534948672,997
2024-09-17 13:23:21.201000,402.8347408705704,13
2024-09-17 13:23:21.315000,402.852014500792,103
2024-09-17 13:23:21.466000,402.93451356989937,12
2024-09-17 13:23:21.509000,402.8800364548228,104
2024-09-17 13:23:21.554000,402.9171553163615,1005
2024-09-17 13:23:21.572000,402.92587112882194,996
2024-09-17 13:23:21.577000,402.9382991812347,11
2024-09-17 13:23:21.600000,402.9136729882852,9
2024-09-17 13:23:21.731000,402.8687253468734,1004
2024-09-17 13:23:21.809000,402.9298427488102,1000
2024-09-17 13:23:22.032000,402.8108512727157,13
2024-09-17 13:23:22.126000,402.79726813942,15
2024-09-17 13:23:22.126000,402.7509384411634,7
2024-09-17 13:23:22.156000,402.8518301643492,100
2024-09-17 13:23:22.203000,402.8185368575613,1002
2024-09-17 13:23:22.303000,402.8320335147681,1003
2024-09-17 13:23:22.368000,402.8265206553921,98
2024-09-17 13:23:22.376000,402.8429344757447,997
2024-09-17 13:23:22.466000,402.8314953525866,6
2024-09-17 13:23:22.473000,402.74852594908464,6
2024-09-17 13:23:22.489000,402.76266872250113,1003
2024-09-17 13:23:22.499000,402.76902970136473,995
2024-09-17 13:23:22.507000,402.8090485089755,1003
2024-09-17 13:23:22.619000,402.8576334509856,11
2024-09-17 13:23:22.705000,402.8319230422825,98
2024-09-17 13:23:22.708000,402.75196881799366,13
2024-09-17 13:23:22.765000,402.82369428562896,96
2024-09-17 13:23:22.834000,402.833165659397,96
2024-09-17 13:23:22.868000,402.7407138813518,6
2024-09-17 13:23:22.902000,402.8364953254575,6
2024-09-17 13:23:22.977000,402.74082077186034,102
2024-09-17 13:23:22.986000,402.7474123294621,1005
2024-09-17 13:23:23.017000,402.71924461666015,10
2024-09-17 13:23:23.041000,402.7336398079586,1000
2024-09-17 13:23:23.076000,402.7305257385476,99
2024-09-17 13:23:23.101000,402.7655457618685,6
2024-09-17 13:23:23.102000,402.79548783438526,13
2024-09-17 13:23:23.278000,402.72878956532674,1004
2024-09-17 13:23:23.370000,402.7768158483533,1001
2024-09-17 13:23:23.372000,402.7441315552428,12
2024-09-17 13:23:23.374000,402.76008483144136,995
2024-09-17 13:23:23.386000,402.7403945940561,995
2024-09-17 13:23:23.394000,402.7619809507031,999
2024-09-17 13:23:23.401000,402.7082625941965,9
2024-09-17 13:23:23.454000,402.7581285611807,99
2024-09-17 13:23:23.497000,402.79233598008994,8
2024-09-17 13:23:23.546000,402.74822786652845,14
2024-09-17 13:23:23.607000,402.7489649922253,95
2024-09-17 13:23:23.681000,402.7721253390304,97
2024-09-17 13:23:23.683000,402.7408679846251,998
2024-09-17 13:23:23.695000,402.7618551321772,1002
2024-09-17 13:23:23.714000,402.72601773854,997
2024-09-17 13:23:23.728000,402.7412428401239,10
2024-09-17 13:23:23.734000,402.7139586655053,1001
2024-09-17 13:23:23.752000,402.7501183819586,10
2024-09-17 13:23:23.817000,402.7203066838526,9
2024-09-17 13:23:23.970000,402.71695396882177,6
2024-09-17 13:23:23.991000,402.7246327358105,100
2024-09-17 13:23:24.005000,402.7818211452935,100
2024-09-17 13:23:24.025000,402.786226588528,10
2024-09-17 13:23:24.112000,402.7809881873044,100
2024-09-17 13:23:24.139000,402.7910628838357,1002
2024-09-17 13:23:24.149000,402.7871470824842,98
2024-09-17 13:23:24.173000,402.7672904402552,102
2024-09-17 13:23:24.176000,402.7585600440322,997
2024-09-17 13:23:24.226000,402.7918279434112,1001
2024-09-17 13:23:24.314000,402.78236301101583,999
2024-09-17 13:23:24.393000,402.7872953467919,14
2024-09-17 13:23:24.440000,402.7931272149748,9
2024-09-17 13:23:24.604000,402.789301566808,1001
2024-09-17 13:23:24.648000,402.7813740207526,97
2024-09-17 13:23:24.660000,402.76819254994695,996
2024-09-17 13:23:24.684000,402.7827321162713,998
2024-09-17 13:23:24.690000,402.7994438550476,10
2024-09-17 13:23:24.721000,402.7935479308874,9
2024-09-17 13:23:24.739000,402.77520167296,105
2024-09-17 13:23:24.774000,402.7669491906029,99
2024-09-17 13:23:24.816000,402.771495935983,998
2024-09-17 13:23:24.821000,402.7742970127436,6
2024-09-17 13:23:24.864000,402.7836849098175,95
2024-09-17 13:23:24.869000,402.78598917731887,96
2024-09-17 13:23:24.889000,402.74352648660863,103
2024-09-17 13:23:24.913000,402.7852901459578,9
2024-09-17 13:23:24.914000,402.7881052501568,5
2024-09-17 13:23:24.916000,402.7589357415124,99
2024-09-17 13:23:24.922000,402.7785794745721,14
2024-09-17 13:23:25.081000,402.80428490290194,14
2024-09-17 13:23:25.095000,402.82487142455307,6
2024-09-17 13:23:25.149000,402.8064223574517,1002
2024-09-17 13:23:25.206000,402.7568936888659,102
2024-09-17 13:23:25.236000,402.81591177231456,15
2024-09-17 13:23:25.299000,402.8158365653056,105
2024-09-17 13:23:25.372000,402.7369033984332,998
2024-09-17 13:23:25.418000,402.77550740746193,998
2024-09-17 13:23:25.490000,402.8082899008498,1001
2024-09-17 13:23:25.558000,402.7491895804442,1001
2024-09-17 13:23:25.585000,402.8003369376648,101
2024-09-17 13:23:25.620000,402.7366615937004,97
2024-09-17 13:23:25.629000,402.8074783997242,103
2024-09-17 13:23:25.645000,402.7244111213259,7
2024-09-17 13:23:25.657000,402.8003745475798,104
2024-09-17 13:23:25.757000,402.8173291049044,999
2024-09-17 13:23:25.794000,402.8180809538025,997
2024-09-17 13:23:25.812000,402.7361110862767,998
2024-09-17 13:23:25.870000,402.8112707310644,997
2024-09-17 13:23:25.924000,402.81943139639714,7
2024-09-17 13:23:25.970000,402.7989419265653,10
2024-09-17 13:23:26.047000,402.6898622247808,1001
2024-09-17 13:23:26.076000,402.7027164767166,1003
2024-09-17 13:23:26.089000,402.70991623145966,13
2024-09-17 13:23:26.104000,402.6799709149346,104
2024-09-17 13:23:26.153000,402.71786760863074,100
2024-09-17 13:23:26.217000,402.7008723745371,5
2024-09-17 13:23:26.270000,402.7069830813284,14
2024-09-17 13:23:26.312000,402.66554189215736,105
2024-09-17 13:23:26.335000,402.6958452893957,13
2024-09-17 13:23:26.398000,402.6866358155101,10
2024-09-17 13:23:26.568000,402.6955703586659,1004
2024-09-17 13:23:26.625000,402.70893861903176,1001
2024-09-17 13:23:26.670000,402.6812308118946,98
2024-09-17 13:23:26.824000,402.7088823536063,998
2024-09-17 13:23:27.017000,402.71254200091255,103
2024-09-17 13:23:27.023000,402.7175266992822,6
2024-09-17 13:23:27.027000,402.7443119514856,1001
2024-09-17 13:23:27.179000,402.80050322989104,12
2024-09-17 13:23:27.216000,402.8480763429074,996
2024-09-17 13:23:27.237000,402.7503418518591,8
2024-09-17 13:23:27.312000,402.8459110478211,99
2024-09-17 13:23:27.387000,402.768523824348,12
2024-09-17 13:23:27.425000,402.8180149935536,104
2024-09-17 13:23:27.436000,402.7711969725124,104
2024-09-17 13:23:27.478000,402.7752194391066,98
2024-09-17 13:23:27.497000,402.7647699689494,1003
2024-09-17 13:23:27.542000,402.7307695537475,997
2024-09-17 13:23:27.598000,402.7638970141172,102
2024-09-17 13:23:27.601000,402.7555005661148,1003
2024-09-17 13:23:27.618000,402.8475570620606,995
2024-09-17 13:23:27.622000,402.7700140041592,995
2024-09-17 13:23:27.677000,402.7450275602161,96
2024-09-17 13:23:27.772000,402.7474155769753,14
2024-09-17 13:23:27.787000,402.7420298376682,103
2024-09-17 13:23:27.793000,402.7381908937932,12
2024-09-17 13:23:27.794000,402.7584376221998,8
2024-09-17 13:23:27.817000,402.7465751319224,98
2024-09-17 13:23:27.866000,402.7191465628456,105
2024-09-17 13:23:27.878000,402.771922834875,12
2024-09-17 13:23:27.887000,402.8224963189578,105
2024-09-17 13:23:27.914000,402.7721908999525,99
2024-09-17 13:23:27.930000,402.7303940872021,98
2024-09-17 13:23:28.015000,402.8751134412136,11
2024-09-17 13:23:28.312000,402.8766536922234,1003
2024-09-17 13:23:28.477000,402.8770155636594,1004
2024-09-17 13:23:28.479000,402.8974636144503,11
2024-09-17 13:23:28.508000,402.8769185054151,15
2024-09-17 13:23:28.677000,402.87967729700455,104
2024-09-17 13:23:28.694000,402.8599470880973,13
2024-09-17 13:23:28.756000,402.8965874596026,1003
2024-09-17 13:23:29.054000,402.8821869377269,998
2024-09-17 13:23:29.075000,402.8420803364664,105
2024-09-17 13:23:29.091000,402.89450049314974,99
2024-09-17 13:23:29.124000,402.8827993017552,13
2024-09-17 13:23:29.162000,402.8873496893669,1000
2024-09-17 13:23:29.191000,402.8729889958859,1002
2024-09-17 13:23:29.280000,402.8771944475998,13
2024-09-17 13:23:29.310000,402.8919238255611,14
2024-09-17 13:23:29.342000,402.8620435850353,1001
2024-09-17 13:23:29.397000,402.8686157105243,6
2024-09-17 13:23:29.530000,402.8757828235137,100
2024-09-17 13:23:29.567000,402.8924953099592,1001
2024-09-17 13:23:29.649000,402.8661521127725,1000
2024-09-17 13:23:29.839000,402.8716264981453,11
2024-09-17 13:23:29.972000,402.89991632316776,1002
2024-09-17 13:23:30,402.8924621122175,15
2024-09-17 13:23:30.013000,402.8857404218368,98
2024-09-17 13:23:30.032000,402.8986020967629,8
2024-09-17 13:23:30.040000,402.8906478448165,996
2024-09-17 13:23:30.088000,402.9077891345775,11
2024-09-17 13:23:30.094000,402.8818904628631,6
2024-09-17 13:23:30.107000,402.8994694922168,97
2024-09-17 13:23:30.117000,402.88623794409096,6
2024-09-17 13:23:30.207000,402.89579026913486,104
2024-09-17 13:23:30.222000,402.8901701235562,11
2024-09-17 13:23:30.280000,402.8829436020012,105
2024-09-17 13:23:30.326000,402.8774562023776,1001
2024-09-17 13:23:30.365000,402.8900581305916,104
2024-09-17 13:23:30.375000,402.87824299286456,6
2024-09-17 13:23:30.403000,402.89820864944966,8
2024-09-17 13:23:30.421000,402.9046099310172,96
2024-09-17 13:23:30.429000,402.89788271383895,99
2024-09-17 13:23:30.439000,402.8804933866826,6
2024-09-17 13:23:30.513000,402.8514759193166,13
2024-09-17 13:23:30.690000,402.8744993644816,99
2024-09-17 13:23:30.696000,402.8789872496486,105
2024-09-17 13:23:30.696000,402.8852011971388,102
2024-09-17 13:23:30.774000,402.8948739614177,97
2024-09-17 13:23:30.798000,402.85959184633685,105
2024-09-17 13:23:30.934000,402.8904268116435,10
2024-09-17 13:23:30.954000,402.86988268945663,10
2024-09-17 13:23:30.984000,402.8853119634407,95
2024-09-17 13:23:30.994000,402.9022985600837,1004
2024-09-17 13:23:31.074000,402.8669596727513,1000
2024-09-17 13:23:32.103000,402.8968948518343,995
2024-09-17 13:23:32.311000,402.8955746368161,1001
2024-09-17 13:23:32.343000,402.947354845069,1004
2024-09-17 13:23:32.547000,402.89494048852737,100
2024-09-17 13:23:32.657000,402.8914324591423,997
2024-09-17 13:23:32.701000,402.9092990315993,1001
2024-09-17 13:23:32.772000,402.8982428875819,96
2024-09-17 13:23:32.806000,402.912718986082,104
2024-09-17 13:23:32.900000,402.9494940329065,12
2024-09-17 13:23:32.910000,402.9106733754255,105
2024-09-17 13:23:32.918000,402.9022499764308,998
2024-09-17 13:23:32.962000,402.8897662049292,14
2024-09-17 13:23:32.963000,402.9490717261106,995
2024-09-17 13:23:33.121000,402.8769585945837,8
2024-09-17 13:23:33.125000,402.89359698994366,1002
2024-09-17 13:23:33.311000,402.9098115711673,104
2024-09-17 13:23:33.346000,402.866619427397,12
2024-09-17 13:23:33.381000,402.8699369558895,15
2024-09-17 13:23:33.400000,402.867782918684,5
2024-09-17 13:23:33.703000,402.866972523012,1000
2024-09-17 13:23:33.703000,402.8868510635685,97
2024-09-17 13:23:33.802000,402.8521467314925,96
2024-09-17 13:23:33.832000,402.8699801501161,11
2024-09-17 13:23:33.856000,402.8741733318804,99
2024-09-17 13:23:33.961000,402.9006639415069,104
2024-09-17 13:23:33.990000,402.8950046744279,7
2024-09-17 13:23:34.021000,402.8604215052823,1000
2024-09-17 13:23:34.184000,402.8784587415851,1002
2024-09-17 13:23:34.207000,402.851023962254,7
2024-09-17 13:23:34.209000,402.8528528124869,6
2024-09-17 13:23:34.261000,402.8906264225324,998
2024-09-17 13:23:34.354000,402.8488313633859,1003
2024-09-17 13:23:34.436000,402.8197418327089,998
2024-09-17 13:23:34.471000,402.8713820313491,7
2024-09-17 13:23:34.482000,402.8686351906686,9
2024-09-17 13:23:34.493000,402.85348681556144,15
2024-09-17 13:23:34.601000,402.8379382157005,98
2024-09-17 13:23:34.617000,402.81340716961125,10
2024-09-17 13:23:34.656000,402.83697528297216,97
2024-09-17 13:23:34.710000,402.84339854870814,100
2024-09-17 13:23:34.711000,402.8662438959698,5
2024-09-17 13:23:34.722000,402.8679060812597,105
2024-09-17 13:23:34.730000,402.8628922507063,6
2024-09-17 13:23:34.779000,402.8675311996344,1004
2024-09-17 13:23:34.792000,402.856935922432,9
2024-09-17 13:23:34.859000,402.84799987181214,1000
2024-09-17 13:23:34.884000,402.8634947038053,997
2024-09-17 13:23:34.903000,402.8543166354398,102
2024-09-17 13:23:34.918000,402.862871119678,1001
2024-09-17 13:23:34.921000,402.85654448729207,8
2024-09-17 13:23:34.960000,402.8842915576024,99
2024-09-17 13:23:34.988000,402.8265840998726,1003
2024-09-17 13:23:35.079000,402.87219611249714,1001
2024-09-17 13:23:35.092000,402.871159260044,1000
2024-09-17 13:23:35.185000,402.8980779606122,8
2024-09-17 13:23:35.186000,402.8889010111635,1004
2024-09-17 13:23:35.438000,402.8931622578504,998
2024-09-17 13:23:35.563000,402.8865762861815,14
2024-09-17 13:23:36.134000,402.87323343733135,97
2024-09-17 13:23:36.199000,402.9653412464445,10
2024-09-17 13:23:36.212000,402.90628121494825,97
2024-09-17 13:23:36.238000,402.9644866814835,1003
2024-09-17 13:23:36.254000,402.9558285919708,997
2024-09-17 13:23:36.297000,402.8978363019513,1003
2024-09-17 13:23:36.351000,402.9580893118374,99
2024-09-17 13:23:36.376000,402.9516136534713,13
2024-09-17 13:23:36.376000,402.9441221916182,995
2024-09-17 13:23:36.377000,402.9733836057904,14
2024-09-17 13:23:36.382000,402.8766639022738,1003
2024-09-17 13:23:36.400000,402.8935450596283,15
2024-09-17 13:23:36.496000,402.9517539262532,8
2024-09-17 13:23:36.566000,402.9697744886634,15
2024-09-17 13:23:36.656000,402.9408529490854,1004
2024-09-17 13:23:36.667000,402.9263663856814,1002
2024-09-17 13:23:36.754000,402.9646924428713,996
2024-09-17 13:23:36.769000,402.9478499582648,105
2024-09-17 13:23:36.790000,402.97077845059073,997
2024-09-17 13:23:36.809000,402.95425198535605,101
2024-09-17 13:23:36.965000,402.958501280681,104
2024-09-17 13:23:36.977000,402.8879774976658,1001
2024-09-17 13:23:36.984000,402.9290930307552,97
2024-09-17 13:23:36.994000,402.91312689812014,15
2024-09-17 13:23:37.010000,402.98178544859945,10
2024-09-17 13:23:37.040000,403.0192507803813,105
2024-09-17 13:23:37.106000,402.9911452478492,13
2024-09-17 13:23:37.112000,403.0447878750908,13
2024-09-17 13:23:37.138000,402.9922155032825,105
2024-09-17 13:23:37.163000,403.0052290870605,999
2024-09-17 13:23:37.169000,403.0232881758374,95
2024-09-17 13:23:37.210000,402.9916613922227,100
2024-09-17 13:23:37.227000,402.9923668996864,6
2024-09-17 13:23:37.269000,403.0211429200447,1003
2024-09-17 13:23:37.293000,402.95852371466094,104
2024-09-17 13:23:37.489000,402.9851067638769,105
2024-09-17 13:23:37.705000,402.9828551131966,95
2024-09-17 13:23:37.726000,402.9636196509836,1000
2024-09-17 13:23:37.858000,403.0352606951657,1002
2024-09-17 13:23:37.858000,402.964755369608,1001
2024-09-17 13:23:37.870000,403.0328050536028,8
2024-09-17 13:23:37.941000,403.02189801669033,100
2024-09-17 13:23:37.984000,403.0393857499925,11
2024-09-17 13:23:37.988000,402.996459543121,97
2024-09-17 13:23:38.025000,402.9985051622802,1004
2024-09-17 13:23:38.121000,403.0378799202742,101
2024-09-17 13:23:38.508000,403.0122038208848,1005
2024-09-17 13:23:38.520000,403.0081086692623,13
2024-09-17 13:23:38.584000,403.01744662711445,6
2024-09-17 13:23:38.590000,402.9708639246841,11
2024-09-17 13:23:38.620000,402.9869078185415,96
2024-09-17 13:23:38.713000,402.9889014011132,99
2024-09-17 13:23:38.809000,403.0005421696529,97
2024-09-17 13:23:38.824000,403.02606490538005,105
2024-09-17 13:23:38.863000,403.03278638940446,1005
2024-09-17 13:23:38.935000,402.9699318934055,995
2024-09-17 13:23:39.046000,403.0268395895931,101
2024-09-17 13:23:39.099000,403.0098788929511,998
2024-09-17 13:23:39.141000,403.0307298266342,1001
2024-09-17 13:23:39.141000,402.984952068984,101
2024-09-17 13:23:39.166000,402.9824717818824,1002
2024-09-17 13:23:39.299000,402.9905981522722,999
2024-09-17 13:23:39.307000,403.0104953174909,6
2024-09-17 13:23:39.324000,402.9922483885028,103
2024-09-17 13:23:39.376000,403.00162499301655,95
2024-09-17 13:23:39.379000,403.0355153027788,14
2024-09-17 13:23:39.380000,403.0070346396142,15
2024-09-17 13:23:39.403000,403.0166400676069,999
2024-09-17 13:23:39.603000,403.0087306948984,98
2024-09-17 13:23:39.618000,402.989590000372,996
2024-09-17 13:23:39.650000,402.9950791818892,1000
2024-09-17 13:23:39.658000,402.9786781199298,103
2024-09-17 13:23:39.673000,403.01283579259206,10
2024-09-17 13:23:39.729000,402.9911930520698,997
2024-09-17 13:23:39.747000,402.9893778786641,1005
2024-09-17 13:23:39.866000,402.9877635796876,97
2024-09-17 13:23:39.888000,403.0095599572746,101
2024-09-17 13:23:39.926000,402.9999059280309,96
2024-09-17 13:23:40.037000,402.9347566839909,101
2024-09-17 13:23:40.044000,402.9546653258289,5
2024-09-17 13:23:40.055000,402.9271535473208,95
2024-09-17 13:23:40.172000,402.9835351713722,998
2024-09-17 13:23:40.235000,402.9946179009735,1002
2024-09-17 13:23:40.287000,402.9468517838135,1001
2024-09-17 13:23:40.353000,402.9647939497035,101
2024-09-17 13:23:40.371000,402.9881343465213,9
2024-09-17 13:23:40.431000,402.971020848999,8
2024-09-17 13:23:40.432000,402.9725495186847,997
2024-09-17 13:23:40.504000,402.9525496733088,1001
2024-09-17 13:23:40.557000,402.9580907117358,101
2024-09-17 13:23:40.630000,402.95726724046585,100
2024-09-17 13:23:40.786000,402.93118210861337,96
2024-09-17 13:23:40.835000,402.9465464329668,101
2024-09-17 13:23:41.060000,402.9222308324841,999
2024-09-17 13:23:41.097000,402.9102625903812,99
2024-09-17 13:23:41.475000,402.9258647164291,101
2024-09-17 13:23:41.519000,402.9279312036091,1004
2024-09-17 13:23:41.594000,402.91243384342215,96
2024-09-17 13:23:41.775000,402.9472153072179,13
2024-09-17 13:23:41.784000,402.93154215518535,998
2024-09-17 13:23:41.827000,402.93638699116445,998
2024-09-17 13:23:41.968000,402.90972251419805,103
2024-09-17 13:23:42.027000,402.9410378115055,105
2024-09-17 13:23:42.061000,402.8815426094263,99
2024-09-17 13:23:42.131000,402.9318015698005,15
2024-09-17 13:23:42.183000,402.9217765351315,8
2024-09-17 13:23:42.187000,402.9275300358439,105
2024-09-17 13:23:42.337000,402.86100443031614,1003
2024-09-17 13:23:42.363000,402.89376712826703,98
2024-09-17 13:23:42.404000,402.86276704342185,10
2024-09-17 13:23:42.414000,402.8482456639222,999
2024-09-17 13:23:42.514000,402.9073995943463,7
2024-09-17 13:23:42.554000,402.9571131870125,104
2024-09-17 13:23:42.567000,402.85751313317655,105
2024-09-17 13:23:42.597000,402.8676688708569,103
2024-09-17 13:23:42.692000,402.8329674849044,6
2024-09-17 13:23:42.700000,402.8374184819235,8
2024-09-17 13:23:42.711000,402.8308863939131,102
2024-09-17 13:23:42.732000,402.93627104794734,105
2024-09-17 13:23:42.748000,402.8392995829038,102
2024-09-17 13:23:42.809000,402.8788434045511,104
2024-09-17 13:23:42.829000,402.8546494277119,996
2024-09-17 13:23:42.851000,402.8891566332357,97
2024-09-17 13:23:42.880000,402.8518699834287,103
2024-09-17 13:23:42.889000,402.8473110908445,998
2024-09-17 13:23:42.952000,402.9358907553362,105
2024-09-17 13:23:42.989000,402.8568607726464,13
2024-09-17 13:23:43.063000,402.88919717366406,1004
2024-09-17 13:23:43.139000,402.90399315235527,9
2024-09-17 13:23:43.191000,402.9034640984245,101
2024-09-17 13:23:43.332000,402.9144006400736,10
2024-09-17 13:23:43.372000,402.9184374469175,15
2024-09-17 13:23:43.437000,402.90539019902553,97
2024-09-17 13:23:43.577000,402.89580857335386,14
2024-09-17 13:23:43.856000,402.9170709267376,13
2024-09-17 13:23:44.086000,402.9514256322387,5
2024-09-17 13:23:44.094000,402.9118631507807,8
2024-09-17 13:23:44.138000,402.8996518756901,998
2024-09-17 13:23:44.203000,402.9439251863581,1001
2024-09-17 13:23:44.255000,402.9382934138313,12
2024-09-17 13:23:44.313000,402.9233627997712,1001
2024-09-17 13:23:44.341000,402.91833227657537,6
2024-09-17 13:23:44.345000,402.9182951515877,11
2024-09-17 13:23:44.357000,402.9044565275064,5
2024-09-17 13:23:44.430000,402.9303795387962,11
2024-09-17 13:23:44.504000,402.9147443138396,6
2024-09-17 13:23:44.508000,402.9793033254368,104
2024-09-17 13:23:44.539000,402.90663299899273,98
2024-09-17 13:23:44.578000,402.9283254106802,103
2024-09-17 13:23:44.591000,402.9292605541358,11
2024-09-17 13:23:44.632000,402.9027391645085,7
2024-09-17 13:23:44.653000,402.9252413670003,15
2024-09-17 13:23:44.740000,402.9730473372295,100
2024-09-17 13:23:44.753000,402.9185322271662,97
2024-09-17 13:23:44.789000,402.9340109191569,105
2024-09-17 13:23:44.841000,402.9181003609624,6
2024-09-17 13:23:44.937000,402.9164242571732,10
2024-09-17 13:23:44.945000,402.9196201053327,1004
2024-09-17 13:23:46.046000,403.0290994162654,13
2024-09-17 13:23:46.086000,402.9386129621968,1000
2024-09-17 13:23:46.218000,403.0071662957171,9
2024-09-17 13:23:46.436000,403.0124964563177,12
2024-09-17 13:23:46.563000,403.0077191045233,12
2024-09-17 13:23:46.566000,402.977478215906,12
2024-09-17 13:23:46.602000,403.0206577606559,14
2024-09-17 13:23:46.649000,403.0059014186832,15
2024-09-17 13:23:46.697000,402.9980764464664,999
2024-09-17 13:23:46.822000,402.9772800460184,15
2024-09-17 13:23:46.851000,402.9569424126054,1003
2024-09-17 13:23:46.955000,403.0087434958943,11
2024-09-17 13:23:47.099000,403.0199558929896,101
2024-09-17 13:23:47.473000,403.02995731872977,104
2024-09-17 13:23:47.492000,403.0056965118733,6
2024-09-17 13:23:47.735000,403.0112634737919,999
2024-09-17 13:23:48.048000,403.0812485062965,999
2024-09-17 13:23:48.221000,403.0299729863926,104
2024-09-17 13:23:48.236000,403.0454414602677,101
2024-09-17 13:23:48.239000,403.0756327530718,9
2024-09-17 13:23:48.240000,403.0405574849285,100
2024-09-17 13:23:48.244000,403.0226191544552,997
2024-09-17 13:23:48.255000,403.07992665383495,13
2024-09-17 13:23:48.262000,403.03344420360816,95
2024-09-17 13:23:48.292000,403.0586171172071,12
2024-09-17 13:23:48.295000,403.060110824533,999
2024-09-17 13:23:48.309000,403.06884101555096,10
2024-09-17 13:23:48.371000,403.0396172524101,96
2024-09-17 13:23:48.380000,403.07603379396073,104
2024-09-17 13:23:48.391000,403.07387206709234,102
2024-09-17 13:23:48.427000,403.0318675899906,98
2024-09-17 13:23:48.472000,403.0781827838066,14
2024-09-17 13:23:48.506000,403.085009882508,998
2024-09-17 13:23:48.576000,403.05080585542015,95
2024-09-17 13:23:48.607000,403.0666460415674,97
2024-09-17 13:23:48.631000,403.0722136727394,1004
2024-09-17 13:23:48.666000,403.0228278372903,8
2024-09-17 13:23:48.675000,403.0574436210647,1004
2024-09-17 13:23:48.733000,403.0649182415158,104
2024-09-17 13:23:48.815000,403.0222749861502,97
2024-09-17 13:23:48.897000,403.03238405762966,1005
2024-09-17 13:23:48.908000,403.0130596730056,1005
2024-09-17 13:23:48.988000,403.0801722322757,5
2024-09-17 13:23:49.104000,403.0591054545133,103
2024-09-17 13:23:49.114000,403.0813869138416,100
2024-09-17 13:23:49.217000,403.0633216671348,13
2024-09-17 13:23:49.305000,403.0858414088707,14
2024-09-17 13:23:49.498000,403.07141371058304,6
2024-09-17 13:23:49.779000,403.07120053505656,97
2024-09-17 13:23:49.965000,403.061637565466,999
2024-09-17 13:23:51.181000,403.0701813152393,96
2024-09-17 13:23:51.353000,403.0660196689579,5
2024-09-17 13:23:51.601000,403.0806928658294,11
2024-09-17 13:23:51.668000,403.0525230337952,14
2024-09-17 13:23:51.789000,403.075511709224,11
2024-09-17 13:23:51.982000,403.07598130695527,997
2024-09-17 13:23:52.969000,403.0415565414175,100
2024-09-17 13:23:53.003000,403.0213805165147,99
2024-09-17 13:23:53.091000,403.0336580347593,97
2024-09-17 13:23:53.207000,403.0386034120003,9
2024-09-17 13:23:53.412000,403.0281500112053,100
2024-09-17 13:23:53.897000,403.03314999161336,1005
2024-09-17 13:23:53.898000,403.0297110744701,998
2024-09-17 13:23:54.295000,403.017964101816,5
2024-09-17 13:23:54.360000,403.0433224535007,1004
2024-09-17 13:23:54.513000,403.0087850988409,1002
2024-09-17 13:23:54.688000,403.0429370106099,104
2024-09-17 13:23:54.857000,403.01832111920345,1001
2024-09-17 13:23:54.894000,403.02772283565486,5
2024-09-17 13:23:55.076000,403.06095698564167,99
2024-09-17 13:23:55.162000,403.0705894810127,996
2024-09-17 13:23:55.244000,403.0819227532701,6
2024-09-17 13:23:55.262000,403.0625371966516,1002
2024-09-17 13:23:55.293000,403.0328731561668,5
2024-09-17 13:23:55.480000,403.0101608950013,100
2024-09-17 13:23:55.969000,403.0403782663447,1005
2024-09-17 13:23:56.075000,402.9845110279592,11
2024-09-17 13:23:56.135000,403.0126263359199,101
2024-09-17 13:23:56.168000,403.0050221082198,998
2024-09-17 13:23:56.211000,402.980325780523,1003
2024-09-17 13:23:56.233000,403.0027604712218,15
2024-09-17 13:23:56.273000,403.0083088093685,14
2024-09-17 13:23:56.287000,402.99472297063545,999
2024-09-17 13:23:56.339000,402.9902248646355,1005
2024-09-17 13:23:56.447000,403.0496757556581,99
2024-09-17 13:23:56.495000,403.0098896414875,14
2024-09-17 13:23:56.567000,403.0105623633169,8
2024-09-17 13:23:56.571000,402.993358924752,13
2024-09-17 13:23:56.635000,402.9988538928669,99
2024-09-17 13:23:56.650000,402.97188944005336,6
2024-09-17 13:23:56.749000,403.0171061316256,1000
2024-09-17 13:23:56.757000,403.0228827168906,104
2024-09-17 13:23:56.759000,403.03278736680966,999
2024-09-17 13:23:56.799000,403.00002556011816,998
2024-09-17 13:23:56.832000,402.9866278795204,998
2024-09-17 13:23:56.837000,402.9902105085104,995
2024-09-17 13:23:57.606000,402.9837024343234,1003
2024-09-17 13:23:57.658000,402.9594044595049,995
2024-09-17 13:23:58.039000,403.04700798399847,95
2024-09-17 13:23:58.087000,403.0119912434859,96
2024-09-17 13:23:58.098000,402.9766100307925,14
2024-09-17 13:23:58.152000,403.0264624471373,8
2024-09-17 13:23:58.252000,403.0451871868758,5
2024-09-17 13:23:58.272000,402.96302915944136,1003
2024-09-17 13:23:58.348000,402.9850210184817,999
2024-09-17 13:23:58.376000,403.0400671092325,8
2024-09-17 13:23:58.423000,403.03451806750377,997
2024-09-17 13:23:58.435000,403.0557408956236,7
2024-09-17 13:23:58.577000,403.0580300839069,95
2024-09-17 13:23:58.578000,402.9838868927414,105
2024-09-17 13:23:58.695000,402.9644351084641,11
2024-09-17 13:23:58.707000,402.9935931087346,5
2024-09-17 13:23:58.711000,402.959720038724,6
2024-09-17 13:23:58.744000,402.99866671482096,102
2024-09-17 13:23:58.749000,402.9593050167269,997
2024-09-17 13:23:58.807000,403.0301485823695,1004
2024-09-17 13:23:58.908000,403.0392212123371,998
2024-09-17 13:23:58.971000,402.97128408403097,9
2024-09-17 13:23:58.994000,402.9589300520717,998
2024-09-17 13:23:58.999000,402.9821855091509,1005
2024-09-17 13:23:59.054000,403.0119038188513,101
2024-09-17 13:23:59.639000,403.0017687526729,15
2024-09-17 13:23:59.750000,402.9875232826375,104
2024-09-17 13:23:59.913000,402.9936469114703,103
2024-09-17 13:23:59.921000,403.0376931851125,1005
2024-09-17 13:23:59.974000,403.0164495858024,1003
