Timestamp,Price,Size
2024-09-20 13:34:00.013000,430.315008722605,96
2024-09-20 13:34:00.057000,430.320684613586,1002
2024-09-20 13:34:00.075000,430.2762271702315,98
2024-09-20 13:34:00.099000,430.31356879149257,105
2024-09-20 13:34:00.114000,430.2585007802579,998
2024-09-20 13:34:00.153000,430.2324101432687,102
2024-09-20 13:34:00.189000,430.31152473543295,12
2024-09-20 13:34:00.209000,430.29451791148,1002
2024-09-20 13:34:00.234000,430.2992396896353,5
2024-09-20 13:34:00.249000,430.2732186343418,98
2024-09-20 13:34:00.267000,430.30217837053954,996
2024-09-20 13:34:00.275000,430.2922617695227,104
2024-09-20 13:34:00.448000,430.2227397457408,105
2024-09-20 13:34:00.459000,430.3361801654085,1003
2024-09-20 13:34:00.480000,430.3178265887968,105
2024-09-20 13:34:00.526000,430.2346304104205,13
2024-09-20 13:34:00.558000,430.2618558159591,5
2024-09-20 13:34:00.595000,430.2924755980862,1001
2024-09-20 13:34:00.602000,430.2379578003321,5
2024-09-20 13:34:00.672000,430.3169340651008,997
2024-09-20 13:34:00.744000,430.3039294243256,98
2024-09-20 13:34:00.756000,430.32210523978455,8
2024-09-20 13:34:00.878000,430.3057506403054,1001
2024-09-20 13:34:00.903000,430.2460323881974,103
2024-09-20 13:34:00.909000,430.2272826796319,1002
2024-09-20 13:34:00.957000,430.2757801731983,1003
2024-09-20 13:34:01.231000,430.3195372445024,102
2024-09-20 13:34:01.292000,430.3253974965502,101
2024-09-20 13:34:01.410000,430.3122839340968,996
2024-09-20 13:34:01.444000,430.2990701567117,105
2024-09-20 13:34:01.451000,430.30696737539216,1005
2024-09-20 13:34:01.612000,430.3180334761859,7
2024-09-20 13:34:01.615000,430.3180780383245,7
2024-09-20 13:34:01.627000,430.3102531844132,96
2024-09-20 13:34:01.695000,430.3070795831128,13
2024-09-20 13:34:01.816000,430.3015044542378,102
2024-09-20 13:34:02.003000,430.3449333803347,98
2024-09-20 13:34:02.013000,430.3240802394417,995
2024-09-20 13:34:02.081000,430.3212758332406,996
2024-09-20 13:34:02.089000,430.334019036894,1001
2024-09-20 13:34:02.095000,430.3355473037867,1001
2024-09-20 13:34:02.109000,430.3461553590652,95
2024-09-20 13:34:02.111000,430.3360924926892,103
2024-09-20 13:34:02.144000,430.3723149553714,9
2024-09-20 13:34:02.174000,430.3518246285393,1003
2024-09-20 13:34:02.232000,430.344047417684,99
2024-09-20 13:34:02.286000,430.3368992838677,997
2024-09-20 13:34:02.305000,430.3421909980851,104
2024-09-20 13:34:02.407000,430.3823553145049,100
2024-09-20 13:34:02.499000,430.3352930041019,1004
2024-09-20 13:34:02.548000,430.3671398689613,15
2024-09-20 13:34:02.647000,430.3058135877072,101
2024-09-20 13:34:02.682000,430.35071144664647,1002
2024-09-20 13:34:02.721000,430.371346105804,100
2024-09-20 13:34:02.776000,430.3717654327405,14
2024-09-20 13:34:02.831000,430.3372981381012,997
2024-09-20 13:34:02.886000,430.3813538890788,998
2024-09-20 13:34:02.908000,430.3479162567265,99
2024-09-20 13:34:02.920000,430.3262238948963,11
2024-09-20 13:34:03.103000,430.3231597100784,999
2024-09-20 13:34:03.266000,430.337153968387,10
2024-09-20 13:34:03.339000,430.3631634301794,1000
2024-09-20 13:34:03.397000,430.3287717886922,97
2024-09-20 13:34:03.456000,430.35702803433736,997
2024-09-20 13:34:03.533000,430.3305303313638,100
2024-09-20 13:34:03.697000,430.3291849042705,1001
2024-09-20 13:34:03.785000,430.3538634020125,97
2024-09-20 13:34:04.040000,430.3469061404675,996
2024-09-20 13:34:04.127000,430.367679614001,999
2024-09-20 13:34:04.185000,430.38018390877113,1001
2024-09-20 13:34:04.474000,430.4005640349695,995
2024-09-20 13:34:04.655000,430.382962166294,10
2024-09-20 13:34:04.741000,430.3880616577325,997
2024-09-20 13:34:04.810000,430.3920923054957,1005
2024-09-20 13:34:05.041000,430.3582125699563,1003
2024-09-20 13:34:05.091000,430.3606219909971,99
2024-09-20 13:34:05.136000,430.3697860320415,1003
2024-09-20 13:34:05.221000,430.3748015937209,1003
2024-09-20 13:34:05.232000,430.3586831909693,1005
2024-09-20 13:34:05.262000,430.37149218351504,12
2024-09-20 13:34:05.288000,430.3723616426799,103
2024-09-20 13:34:05.306000,430.37947194845793,998
2024-09-20 13:34:05.390000,430.3530024903753,1003
2024-09-20 13:34:05.433000,430.354043252932,1001
2024-09-20 13:34:05.469000,430.3367257841528,1005
2024-09-20 13:34:05.516000,430.3551778678912,8
2024-09-20 13:34:05.593000,430.3461566428609,105
2024-09-20 13:34:05.604000,430.3557511567355,1005
2024-09-20 13:34:05.643000,430.3476816197712,6
2024-09-20 13:34:05.677000,430.3675994522266,995
2024-09-20 13:34:05.691000,430.33158321960025,1004
2024-09-20 13:34:05.725000,430.351543756255,103
2024-09-20 13:34:05.883000,430.3921409845681,11
2024-09-20 13:34:06.043000,430.2932250084386,1005
2024-09-20 13:34:06.162000,430.31928842225136,997
2024-09-20 13:34:06.172000,430.3291283598053,1000
2024-09-20 13:34:06.190000,430.3027524309389,995
2024-09-20 13:34:06.246000,430.2877966705319,105
2024-09-20 13:34:06.247000,430.2997693025547,10
2024-09-20 13:34:06.259000,430.2934766140024,104
2024-09-20 13:34:06.286000,430.2881582470026,6
2024-09-20 13:34:06.305000,430.2963753156093,101
2024-09-20 13:34:06.395000,430.3529099845742,6
2024-09-20 13:34:06.421000,430.303906063696,1003
2024-09-20 13:34:06.441000,430.3157716512101,1003
2024-09-20 13:34:06.483000,430.295451620868,95
2024-09-20 13:34:06.527000,430.28808245358175,100
2024-09-20 13:34:06.527000,430.3129473811073,10
2024-09-20 13:34:06.533000,430.2984892908468,100
2024-09-20 13:34:06.628000,430.2984782491088,1005
2024-09-20 13:34:06.659000,430.285165434784,96
2024-09-20 13:34:06.773000,430.3559733970085,5
2024-09-20 13:34:06.855000,430.2921873814283,1002
2024-09-20 13:34:06.896000,430.3270935936379,12
2024-09-20 13:34:06.914000,430.29485869904414,9
2024-09-20 13:34:07.076000,430.3626466755211,100
2024-09-20 13:34:07.089000,430.3423793570885,1002
2024-09-20 13:34:07.105000,430.353151026837,98
2024-09-20 13:34:07.178000,430.3733210792214,104
2024-09-20 13:34:07.230000,430.3845563070528,1000
2024-09-20 13:34:07.332000,430.33262031684455,1005
2024-09-20 13:34:07.436000,430.3501393233864,11
2024-09-20 13:34:07.444000,430.3585339355556,1005
2024-09-20 13:34:07.686000,430.36635187064127,998
2024-09-20 13:34:07.778000,430.38836575412927,1001
2024-09-20 13:34:07.857000,430.3411941572644,1005
2024-09-20 13:34:07.918000,430.3591882069777,5
2024-09-20 13:34:07.978000,430.3524915530626,97
2024-09-20 13:34:07.998000,430.3616931620162,1004
2024-09-20 13:34:08.093000,430.3968795567952,995
2024-09-20 13:34:08.143000,430.35975773255177,6
2024-09-20 13:34:08.180000,430.40488702863706,14
2024-09-20 13:34:08.238000,430.3858348031227,9
2024-09-20 13:34:08.310000,430.3570734703413,104
2024-09-20 13:34:08.334000,430.3868652374224,5
2024-09-20 13:34:08.336000,430.3802677946585,15
2024-09-20 13:34:08.343000,430.3960363452878,8
2024-09-20 13:34:08.372000,430.3474603934184,5
2024-09-20 13:34:08.418000,430.37508718135865,104
2024-09-20 13:34:08.430000,430.3520677486273,999
2024-09-20 13:34:08.543000,430.3799915459671,105
2024-09-20 13:34:08.633000,430.3939819813081,103
2024-09-20 13:34:08.698000,430.3882008934189,1005
2024-09-20 13:34:08.710000,430.39462512516974,13
2024-09-20 13:34:08.749000,430.40317451588544,8
2024-09-20 13:34:08.758000,430.3664732081057,6
2024-09-20 13:34:08.764000,430.3768191781108,1001
2024-09-20 13:34:08.768000,430.4008741131473,15
2024-09-20 13:34:08.786000,430.38497540120017,105
2024-09-20 13:34:08.902000,430.3579712405812,995
2024-09-20 13:34:08.970000,430.3529001073459,96
2024-09-20 13:34:09.038000,430.4837024301544,6
2024-09-20 13:34:09.105000,430.4560689492211,13
2024-09-20 13:34:09.118000,430.4058710218095,998
2024-09-20 13:34:09.118000,430.3948251738728,102
2024-09-20 13:34:09.130000,430.4298357349626,7
2024-09-20 13:34:09.138000,430.5004239553151,15
2024-09-20 13:34:09.138000,430.43159675030176,102
2024-09-20 13:34:09.214000,430.4109462149606,11
2024-09-20 13:34:09.314000,430.420499361506,995
2024-09-20 13:34:09.364000,430.3914434866745,8
2024-09-20 13:34:09.443000,430.3897418246687,98
2024-09-20 13:34:09.495000,430.45076425987793,1003
2024-09-20 13:34:09.828000,430.4470748687966,98
2024-09-20 13:34:09.833000,430.4870247036798,1000
2024-09-20 13:34:09.960000,430.411644110344,6
2024-09-20 13:34:09.965000,430.478595329992,7
2024-09-20 13:34:10.004000,430.4732058829828,1003
2024-09-20 13:34:10.071000,430.433612625273,15
2024-09-20 13:34:10.141000,430.4557725996417,999
2024-09-20 13:34:10.155000,430.4621708929985,97
2024-09-20 13:34:10.172000,430.4838857634312,7
2024-09-20 13:34:10.195000,430.4313512211276,13
2024-09-20 13:34:10.252000,430.46193306088696,104
2024-09-20 13:34:10.315000,430.45601401343566,1001
2024-09-20 13:34:10.362000,430.4669186598412,6
2024-09-20 13:34:10.362000,430.4585518761658,995
2024-09-20 13:34:10.403000,430.449470127235,96
2024-09-20 13:34:10.412000,430.4361327988168,97
2024-09-20 13:34:10.489000,430.4329066809018,11
2024-09-20 13:34:10.553000,430.4663783473741,997
2024-09-20 13:34:10.607000,430.4833790648239,104
2024-09-20 13:34:10.643000,430.4416220680875,14
2024-09-20 13:34:10.662000,430.4749486235245,1000
2024-09-20 13:34:10.677000,430.466091363913,95
2024-09-20 13:34:10.699000,430.482317537013,15
2024-09-20 13:34:10.776000,430.4353918035453,1003
2024-09-20 13:34:10.786000,430.4644078464016,999
2024-09-20 13:34:10.827000,430.4436846607159,8
2024-09-20 13:34:10.912000,430.4521727960754,1001
2024-09-20 13:34:10.942000,430.4644889481775,11
2024-09-20 13:34:10.975000,430.4328234309408,9
2024-09-20 13:34:11.193000,430.467213385336,101
2024-09-20 13:34:11.207000,430.4771772759282,1004
2024-09-20 13:34:11.288000,430.48480431865,13
2024-09-20 13:34:11.553000,430.4507131536407,1002
2024-09-20 13:34:11.600000,430.4573586745054,8
2024-09-20 13:34:11.642000,430.4670358702226,98
2024-09-20 13:34:11.681000,430.4539970361814,99
2024-09-20 13:34:11.685000,430.4580543552816,5
2024-09-20 13:34:11.711000,430.4474838075641,102
2024-09-20 13:34:11.726000,430.4612917510056,97
2024-09-20 13:34:11.839000,430.4752808064582,96
2024-09-20 13:34:11.995000,430.4590354992992,105
2024-09-20 13:34:12.143000,430.4707894284666,1004
2024-09-20 13:34:12.201000,430.4662583920371,102
2024-09-20 13:34:12.447000,430.4736482117265,102
2024-09-20 13:34:12.801000,430.45852187526265,1005
2024-09-20 13:34:13.011000,430.4784819442898,7
2024-09-20 13:34:13.068000,430.5513515030793,1001
2024-09-20 13:34:13.126000,430.4690939295691,13
2024-09-20 13:34:13.204000,430.48863182410986,12
2024-09-20 13:34:13.216000,430.46768122684847,95
2024-09-20 13:34:13.237000,430.4943471999656,97
2024-09-20 13:34:13.255000,430.4843196898406,1005
2024-09-20 13:34:13.335000,430.4870845711746,97
2024-09-20 13:34:13.340000,430.4854634363885,5
2024-09-20 13:34:13.344000,430.4884994767503,99
2024-09-20 13:34:13.346000,430.5110158248124,997
2024-09-20 13:34:13.357000,430.50624423062567,97
2024-09-20 13:34:13.393000,430.5431902713775,104
2024-09-20 13:34:13.399000,430.5128664560783,996
2024-09-20 13:34:13.445000,430.4901511345959,8
2024-09-20 13:34:13.477000,430.48762755493686,14
2024-09-20 13:34:13.542000,430.5519157866796,12
2024-09-20 13:34:13.613000,430.48968856883766,1000
2024-09-20 13:34:13.721000,430.5178857528633,103
2024-09-20 13:34:13.810000,430.5344921663659,1004
2024-09-20 13:34:13.831000,430.4859664705307,1004
2024-09-20 13:34:13.843000,430.51512492410006,8
2024-09-20 13:34:13.874000,430.5009907063711,1005
2024-09-20 13:34:13.878000,430.54195778527975,101
2024-09-20 13:34:13.885000,430.5355859108145,11
2024-09-20 13:34:13.919000,430.477642901818,101
2024-09-20 13:34:13.981000,430.5068800915256,1002
2024-09-20 13:34:13.993000,430.5068351976317,1001
2024-09-20 13:34:14.197000,430.4808796733534,995
2024-09-20 13:34:14.366000,430.4842921676408,996
2024-09-20 13:34:14.423000,430.4662206805305,9
2024-09-20 13:34:14.447000,430.48622744089465,1003
2024-09-20 13:34:14.587000,430.440226536898,1001
2024-09-20 13:34:14.600000,430.5020540337917,1005
2024-09-20 13:34:14.693000,430.4171873393049,12
2024-09-20 13:34:14.706000,430.43818182602297,10
2024-09-20 13:34:14.718000,430.4832063229956,1000
2024-09-20 13:34:14.770000,430.4405595219756,98
2024-09-20 13:34:14.782000,430.4872321891509,105
2024-09-20 13:34:14.883000,430.4808797343025,1001
2024-09-20 13:34:14.898000,430.4131076048854,1003
2024-09-20 13:34:14.944000,430.4923092324803,8
2024-09-20 13:34:15.022000,430.521882872776,95
2024-09-20 13:34:15.035000,430.5147649056199,5
2024-09-20 13:34:15.045000,430.521187822204,1004
2024-09-20 13:34:15.106000,430.4915100685153,13
2024-09-20 13:34:15.112000,430.4734726358124,995
2024-09-20 13:34:15.128000,430.464274359346,104
2024-09-20 13:34:15.141000,430.52997167797,96
2024-09-20 13:34:15.175000,430.4324523289516,5
2024-09-20 13:34:15.182000,430.5541438961749,15
2024-09-20 13:34:15.228000,430.54108537489947,998
2024-09-20 13:34:15.265000,430.49815620716697,8
2024-09-20 13:34:15.317000,430.5644060043438,1000
2024-09-20 13:34:15.342000,430.5320060622556,104
2024-09-20 13:34:15.375000,430.4963091723698,102
2024-09-20 13:34:15.391000,430.4336010156199,1004
2024-09-20 13:34:15.413000,430.5297249510795,97
2024-09-20 13:34:15.419000,430.48885148657376,997
2024-09-20 13:34:15.508000,430.58404292540223,6
2024-09-20 13:34:15.667000,430.509602940362,1003
2024-09-20 13:34:15.718000,430.48724583887935,102
2024-09-20 13:34:15.773000,430.55902838471945,104
2024-09-20 13:34:15.932000,430.4928062270333,15
2024-09-20 13:34:16.123000,430.5702229464789,101
2024-09-20 13:34:16.131000,430.4825522912354,996
2024-09-20 13:34:16.196000,430.5658102588847,14
2024-09-20 13:34:16.250000,430.53829353207897,14
2024-09-20 13:34:16.257000,430.5245952032871,7
2024-09-20 13:34:16.263000,430.51556841306376,8
2024-09-20 13:34:16.264000,430.5503155497127,15
2024-09-20 13:34:16.301000,430.53664481133495,9
2024-09-20 13:34:16.308000,430.5431561650888,95
2024-09-20 13:34:16.350000,430.50638115534537,9
2024-09-20 13:34:16.353000,430.5393875275163,12
2024-09-20 13:34:16.472000,430.55773760518895,8
2024-09-20 13:34:16.474000,430.5611085637469,98
2024-09-20 13:34:16.494000,430.5541596893349,8
2024-09-20 13:34:16.500000,430.56313527933855,95
2024-09-20 13:34:16.501000,430.518203276502,102
2024-09-20 13:34:16.534000,430.5435573876226,998
2024-09-20 13:34:16.556000,430.5802438064253,102
2024-09-20 13:34:16.573000,430.5484133616114,998
2024-09-20 13:34:16.611000,430.57462193835136,6
2024-09-20 13:34:16.644000,430.48759290733153,998
2024-09-20 13:34:16.740000,430.5328663331722,10
2024-09-20 13:34:16.785000,430.5451634972188,996
2024-09-20 13:34:16.833000,430.5357981021774,10
2024-09-20 13:34:16.881000,430.5339500348931,1002
2024-09-20 13:34:16.919000,430.5378303323686,1000
2024-09-20 13:34:16.952000,430.5755346381616,102
2024-09-20 13:34:17.129000,430.5882329782901,11
2024-09-20 13:34:17.132000,430.55369143365584,15
2024-09-20 13:34:17.132000,430.5506325606076,12
2024-09-20 13:34:17.187000,430.5440852920445,997
2024-09-20 13:34:17.252000,430.5781342834399,95
2024-09-20 13:34:17.272000,430.566132824784,104
2024-09-20 13:34:17.273000,430.5573653766117,997
2024-09-20 13:34:17.388000,430.5823533178631,100
2024-09-20 13:34:17.485000,430.5799109624595,97
2024-09-20 13:34:17.493000,430.5767815386677,1000
2024-09-20 13:34:17.498000,430.5558806375233,7
2024-09-20 13:34:17.534000,430.5479276202647,101
2024-09-20 13:34:17.550000,430.5814344424204,6
2024-09-20 13:34:17.593000,430.5639055701539,99
2024-09-20 13:34:17.594000,430.5474101211064,8
2024-09-20 13:34:17.602000,430.5869167334998,1001
2024-09-20 13:34:17.734000,430.57397801736965,14
2024-09-20 13:34:17.774000,430.5867966272989,100
2024-09-20 13:34:17.830000,430.57919248467016,95
2024-09-20 13:34:17.874000,430.5607751125056,96
2024-09-20 13:34:17.927000,430.581856876408,13
2024-09-20 13:34:17.964000,430.5773291477077,1003
2024-09-20 13:34:17.970000,430.572862050982,1001
2024-09-20 13:34:17.980000,430.5528498631866,995
2024-09-20 13:34:17.984000,430.57490721655273,7
2024-09-20 13:34:18.200000,430.580572150752,1001
2024-09-20 13:34:18.341000,430.5929398442723,5
2024-09-20 13:34:18.390000,430.5899935834316,100
2024-09-20 13:34:18.428000,430.58120928169103,14
2024-09-20 13:34:18.553000,430.5741046088659,1003
2024-09-20 13:34:18.786000,430.5607504286602,99
2024-09-20 13:34:18.792000,430.58447366954806,12
2024-09-20 13:34:19.048000,430.6628940977933,101
2024-09-20 13:34:19.202000,430.6417891722015,101
2024-09-20 13:34:19.278000,430.612764830556,1004
2024-09-20 13:34:19.305000,430.6535532615301,8
2024-09-20 13:34:19.503000,430.6074417432316,1003
2024-09-20 13:34:19.556000,430.64729049127374,100
2024-09-20 13:34:19.557000,430.654876685872,5
2024-09-20 13:34:19.589000,430.6761101587246,1002
2024-09-20 13:34:19.682000,430.6236359932297,998
2024-09-20 13:34:19.684000,430.595474640753,95
2024-09-20 13:34:19.731000,430.60625779511366,1001
2024-09-20 13:34:19.813000,430.59031963589615,5
2024-09-20 13:34:19.832000,430.648204213377,1005
2024-09-20 13:34:19.847000,430.6318260919465,1003
2024-09-20 13:34:19.871000,430.56621074508377,5
2024-09-20 13:34:19.955000,430.61095004917615,1002
2024-09-20 13:34:20.100000,430.69958229708897,96
2024-09-20 13:34:20.128000,430.6835901288404,6
2024-09-20 13:34:20.129000,430.6866835310654,1002
2024-09-20 13:34:20.282000,430.69327637665447,7
2024-09-20 13:34:20.299000,430.7025816170611,104
2024-09-20 13:34:20.386000,430.66703049806193,996
2024-09-20 13:34:20.396000,430.7022726973005,1000
2024-09-20 13:34:20.465000,430.6910870137452,102
2024-09-20 13:34:20.519000,430.66921153178487,100
2024-09-20 13:34:20.593000,430.70047528083205,102
2024-09-20 13:34:20.626000,430.6893192961551,104
2024-09-20 13:34:20.628000,430.6846209418054,98
2024-09-20 13:34:20.728000,430.67264492322784,5
2024-09-20 13:34:20.764000,430.7174696596947,5
2024-09-20 13:34:20.802000,430.6704154130803,1004
2024-09-20 13:34:20.829000,430.67634847699816,997
2024-09-20 13:34:20.841000,430.6863839050091,1003
2024-09-20 13:34:20.911000,430.710635434222,7
2024-09-20 13:34:20.969000,430.6631694599989,101
2024-09-20 13:34:21.058000,430.5988530085189,100
2024-09-20 13:34:21.269000,430.6599701139923,96
2024-09-20 13:34:21.289000,430.603879225594,998
2024-09-20 13:34:21.317000,430.70344797054383,13
2024-09-20 13:34:21.338000,430.6269101600361,11
2024-09-20 13:34:21.432000,430.65406026295216,7
2024-09-20 13:34:21.534000,430.6382064610812,13
2024-09-20 13:34:21.538000,430.6194312112008,999
2024-09-20 13:34:21.583000,430.6709762973684,13
2024-09-20 13:34:21.682000,430.6606743937992,7
2024-09-20 13:34:22.009000,430.5922412048103,1000
2024-09-20 13:34:22.039000,430.5832039521933,1004
2024-09-20 13:34:22.074000,430.6047918078993,7
2024-09-20 13:34:22.140000,430.5889563743863,98
2024-09-20 13:34:22.184000,430.5692916164916,104
2024-09-20 13:34:22.207000,430.59012797697255,9
2024-09-20 13:34:22.230000,430.6092456442977,5
2024-09-20 13:34:22.284000,430.5613002141735,100
2024-09-20 13:34:22.290000,430.5835951497924,1003
2024-09-20 13:34:22.360000,430.59646281797234,1000
2024-09-20 13:34:22.433000,430.5854583835072,995
2024-09-20 13:34:22.470000,430.601999644258,996
2024-09-20 13:34:22.571000,430.5593285069321,1001
2024-09-20 13:34:22.608000,430.5778574261141,1005
2024-09-20 13:34:22.655000,430.58127938298855,13
2024-09-20 13:34:22.756000,430.5675547620109,15
2024-09-20 13:34:22.773000,430.5872937896191,11
2024-09-20 13:34:22.780000,430.5844916489509,97
2024-09-20 13:34:22.807000,430.6086015310631,996
2024-09-20 13:34:22.869000,430.5744910055256,7
2024-09-20 13:34:22.951000,430.60362203551216,6
2024-09-20 13:34:23.013000,430.5559772370132,14
2024-09-20 13:34:23.015000,430.5425059615898,10
2024-09-20 13:34:23.056000,430.5402185393504,96
2024-09-20 13:34:23.073000,430.53261079923806,11
2024-09-20 13:34:23.161000,430.563842489353,6
2024-09-20 13:34:23.196000,430.55295533669744,103
2024-09-20 13:34:23.216000,430.56075237696143,103
2024-09-20 13:34:23.234000,430.5473292833972,1002
2024-09-20 13:34:23.363000,430.55723475322486,997
2024-09-20 13:34:23.423000,430.5451876597088,14
2024-09-20 13:34:23.452000,430.5511608378375,9
2024-09-20 13:34:23.654000,430.536611321284,1000
2024-09-20 13:34:23.688000,430.5461411024296,7
2024-09-20 13:34:23.802000,430.5507822845857,101
2024-09-20 13:34:23.812000,430.566036151712,1001
2024-09-20 13:34:23.939000,430.5469584313453,997
2024-09-20 13:34:24.047000,430.55494670924526,5
2024-09-20 13:34:24.060000,430.4747964927709,10
2024-09-20 13:34:24.144000,430.46244517570375,104
2024-09-20 13:34:24.181000,430.53832408133087,95
2024-09-20 13:34:24.200000,430.4938105100546,9
2024-09-20 13:34:24.219000,430.471865870472,102
2024-09-20 13:34:24.225000,430.470636309843,6
2024-09-20 13:34:24.232000,430.4500852763376,10
2024-09-20 13:34:24.274000,430.463005702312,96
2024-09-20 13:34:24.285000,430.50516785317217,100
2024-09-20 13:34:24.313000,430.5470574962308,10
2024-09-20 13:34:24.341000,430.4809026861799,8
2024-09-20 13:34:24.482000,430.47559939833206,95
2024-09-20 13:34:24.530000,430.5111946111605,15
2024-09-20 13:34:24.598000,430.56578571654666,995
2024-09-20 13:34:24.672000,430.46328674429645,99
2024-09-20 13:34:24.747000,430.4864379903284,6
2024-09-20 13:34:24.750000,430.5577860851487,1001
2024-09-20 13:34:24.765000,430.5541646043544,100
2024-09-20 13:34:24.774000,430.5586891994751,9
2024-09-20 13:34:24.790000,430.5053335324165,101
2024-09-20 13:34:24.817000,430.4815401787762,999
2024-09-20 13:34:24.834000,430.4576545133689,101
2024-09-20 13:34:24.910000,430.5383087014513,5
2024-09-20 13:34:24.942000,430.4617911100734,102
2024-09-20 13:34:25.663000,430.4644208153111,102
2024-09-20 13:34:27.014000,430.4306815548738,95
2024-09-20 13:34:27.049000,430.448825110706,996
2024-09-20 13:34:27.218000,430.4434332830461,101
2024-09-20 13:34:27.264000,430.4449275426009,10
2024-09-20 13:34:27.313000,430.4358957664812,11
2024-09-20 13:34:27.351000,430.4673505794312,1005
2024-09-20 13:34:27.370000,430.4184903674803,11
2024-09-20 13:34:27.386000,430.4151119864973,6
2024-09-20 13:34:27.415000,430.45217717315313,999
2024-09-20 13:34:27.472000,430.43994556404266,5
2024-09-20 13:34:27.582000,430.4309546568665,100
2024-09-20 13:34:27.586000,430.4223511091895,104
2024-09-20 13:34:27.675000,430.43618094061895,999
2024-09-20 13:34:27.699000,430.41031036029744,1002
2024-09-20 13:34:27.709000,430.45597655060135,12
2024-09-20 13:34:27.744000,430.4246327246987,103
2024-09-20 13:34:27.758000,430.4839567465033,8
2024-09-20 13:34:27.787000,430.46999270440944,999
2024-09-20 13:34:27.800000,430.45716591977504,999
2024-09-20 13:34:27.890000,430.4516859308599,996
2024-09-20 13:34:27.917000,430.4403499825436,1002
2024-09-20 13:34:28.182000,430.4924559145995,5
2024-09-20 13:34:28.241000,430.4861231210639,8
2024-09-20 13:34:28.347000,430.494940112849,9
2024-09-20 13:34:28.476000,430.4911196903032,998
2024-09-20 13:34:28.618000,430.49750427501976,1000
2024-09-20 13:34:28.686000,430.4821207579245,1002
2024-09-20 13:34:28.784000,430.4692579286577,10
2024-09-20 13:34:28.792000,430.4963601420168,999
2024-09-20 13:34:29.229000,430.46500810880514,101
2024-09-20 13:34:29.261000,430.4934968168096,1004
2024-09-20 13:34:29.340000,430.5043109993635,999
2024-09-20 13:34:29.388000,430.4906999134532,96
2024-09-20 13:34:29.621000,430.4888360116895,96
2024-09-20 13:34:29.691000,430.46632697422575,1004
2024-09-20 13:34:29.768000,430.4980913326328,12
2024-09-20 13:34:30.017000,430.4625773628814,102
2024-09-20 13:34:30.071000,430.45933615061233,95
2024-09-20 13:34:30.118000,430.47506297787214,995
2024-09-20 13:34:30.174000,430.4883709280455,7
2024-09-20 13:34:30.208000,430.4663334522871,10
2024-09-20 13:34:30.209000,430.4758758159644,1005
2024-09-20 13:34:30.263000,430.4953160579229,105
2024-09-20 13:34:30.311000,430.464011206784,101
2024-09-20 13:34:30.383000,430.4614852053673,105
2024-09-20 13:34:30.454000,430.46378661730193,1000
2024-09-20 13:34:30.515000,430.4564112960904,10
2024-09-20 13:34:30.544000,430.4905437054457,96
2024-09-20 13:34:30.545000,430.4943260322232,98
2024-09-20 13:34:30.546000,430.4573382524911,99
2024-09-20 13:34:30.559000,430.5033726791543,95
2024-09-20 13:34:30.602000,430.4441872335756,7
2024-09-20 13:34:30.729000,430.4872990348687,5
2024-09-20 13:34:30.776000,430.4735962015424,95
2024-09-20 13:34:30.781000,430.45566331909527,14
2024-09-20 13:34:30.916000,430.4513530972429,1002
2024-09-20 13:34:31.049000,430.5132725740646,999
2024-09-20 13:34:31.059000,430.543910830185,998
2024-09-20 13:34:31.107000,430.4631836382681,998
2024-09-20 13:34:31.160000,430.4938552764431,5
2024-09-20 13:34:31.183000,430.4916374803791,99
2024-09-20 13:34:31.293000,430.5373319207094,996
2024-09-20 13:34:31.364000,430.5517647545526,998
2024-09-20 13:34:31.377000,430.5254980835541,12
2024-09-20 13:34:31.399000,430.5716495992827,998
2024-09-20 13:34:31.413000,430.49575880567727,104
2024-09-20 13:34:31.434000,430.5265746217746,1004
2024-09-20 13:34:31.484000,430.5767535289817,5
2024-09-20 13:34:31.539000,430.5921562763418,999
2024-09-20 13:34:31.554000,430.5065946072484,10
2024-09-20 13:34:31.573000,430.5162650888553,104
2024-09-20 13:34:31.613000,430.5573681196989,99
2024-09-20 13:34:31.675000,430.5244549856363,1005
2024-09-20 13:34:31.681000,430.4956986421942,9
2024-09-20 13:34:31.693000,430.52238895237394,1005
2024-09-20 13:34:31.752000,430.5697443840881,998
2024-09-20 13:34:31.863000,430.5196352043356,103
2024-09-20 13:34:31.922000,430.5112828660792,1005
2024-09-20 13:34:31.942000,430.5340515186258,97
2024-09-20 13:34:32.677000,430.5361554106885,1002
2024-09-20 13:34:33.088000,430.51454151510086,100
2024-09-20 13:34:33.356000,430.5883270657477,996
2024-09-20 13:34:33.405000,430.5134523951248,1000
2024-09-20 13:34:33.410000,430.5703187301012,97
2024-09-20 13:34:33.481000,430.5679101824426,103
2024-09-20 13:34:33.503000,430.5129340246783,100
2024-09-20 13:34:33.533000,430.51787684386056,98
2024-09-20 13:34:33.677000,430.5203790133446,10
2024-09-20 13:34:33.967000,430.55644766582384,8
2024-09-20 13:34:34.009000,430.6518973918366,999
2024-09-20 13:34:34.011000,430.614504248775,105
2024-09-20 13:34:34.100000,430.64242018189,96
2024-09-20 13:34:34.124000,430.62721986302734,996
2024-09-20 13:34:34.150000,430.60792451471127,5
2024-09-20 13:34:34.180000,430.64411388064974,1003
2024-09-20 13:34:34.370000,430.62254782509495,15
2024-09-20 13:34:34.448000,430.6274429544756,12
2024-09-20 13:34:34.458000,430.6274779432182,1003
2024-09-20 13:34:34.467000,430.63265750535294,11
2024-09-20 13:34:34.541000,430.6038133235755,1000
2024-09-20 13:34:34.560000,430.61835314447126,5
2024-09-20 13:34:34.568000,430.6227513403045,8
2024-09-20 13:34:34.590000,430.6109248507488,8
2024-09-20 13:34:34.598000,430.6405232334712,996
2024-09-20 13:34:34.625000,430.6515287073247,105
2024-09-20 13:34:34.733000,430.608052940264,102
2024-09-20 13:34:34.757000,430.6097100219844,995
2024-09-20 13:34:34.773000,430.6786773543267,1002
2024-09-20 13:34:34.827000,430.6306173441816,100
2024-09-20 13:34:34.854000,430.6408702540511,12
2024-09-20 13:34:34.865000,430.62563529168,100
2024-09-20 13:34:34.872000,430.67440419165047,1005
2024-09-20 13:34:34.888000,430.6243648420577,1005
2024-09-20 13:34:34.915000,430.6200049815072,1002
2024-09-20 13:34:34.934000,430.6505160649772,15
2024-09-20 13:34:35.010000,430.6522160154783,998
2024-09-20 13:34:35.267000,430.6623832462681,98
2024-09-20 13:34:35.284000,430.66110873522985,12
2024-09-20 13:34:35.342000,430.6648744934872,999
2024-09-20 13:34:35.383000,430.6389747749114,105
2024-09-20 13:34:36.071000,430.6422039666063,95
2024-09-20 13:34:36.081000,430.5852048159233,999
2024-09-20 13:34:36.098000,430.6015947960975,97
2024-09-20 13:34:36.107000,430.65845751326776,105
2024-09-20 13:34:36.152000,430.6647432257138,6
2024-09-20 13:34:36.167000,430.6159707431781,1000
2024-09-20 13:34:36.219000,430.617323498768,999
2024-09-20 13:34:36.227000,430.61502116337215,14
2024-09-20 13:34:36.238000,430.6368721019463,10
2024-09-20 13:34:36.277000,430.6652075680869,13
2024-09-20 13:34:36.398000,430.6407765997286,5
2024-09-20 13:34:36.449000,430.67288478121975,1002
2024-09-20 13:34:36.483000,430.6339718646972,105
2024-09-20 13:34:36.486000,430.5938987350344,104
2024-09-20 13:34:36.489000,430.6561715378214,11
2024-09-20 13:34:36.514000,430.5934298974945,8
2024-09-20 13:34:36.561000,430.6754855329857,1000
2024-09-20 13:34:36.616000,430.6870823223423,101
2024-09-20 13:34:36.656000,430.6594897056156,11
2024-09-20 13:34:36.729000,430.5976615258165,5
2024-09-20 13:34:36.774000,430.68992778355727,8
2024-09-20 13:34:36.803000,430.60075757428086,11
2024-09-20 13:34:36.838000,430.6691570762442,9
2024-09-20 13:34:36.852000,430.5885048941061,11
2024-09-20 13:34:36.876000,430.6082570220853,98
2024-09-20 13:34:37.852000,430.6098444185454,101
2024-09-20 13:34:38.070000,430.6194515093208,1004
2024-09-20 13:34:38.096000,430.585899990626,995
2024-09-20 13:34:38.109000,430.575447456132,12
2024-09-20 13:34:38.150000,430.5615313217461,7
2024-09-20 13:34:38.174000,430.5839837378264,96
2024-09-20 13:34:38.266000,430.5905068491802,104
2024-09-20 13:34:38.340000,430.5894290132938,97
2024-09-20 13:34:38.363000,430.6057511865306,11
2024-09-20 13:34:38.367000,430.5490025905228,100
2024-09-20 13:34:38.377000,430.59946763841526,101
2024-09-20 13:34:38.379000,430.5846971651966,102
2024-09-20 13:34:38.388000,430.6274267747697,12
2024-09-20 13:34:38.429000,430.5932017414949,97
2024-09-20 13:34:38.491000,430.5706133673656,995
2024-09-20 13:34:38.492000,430.6350849602322,97
2024-09-20 13:34:38.537000,430.586693762014,15
2024-09-20 13:34:38.635000,430.57206259898567,1004
2024-09-20 13:34:38.677000,430.56597752051664,105
2024-09-20 13:34:38.792000,430.5802967572753,105
2024-09-20 13:34:38.801000,430.61945320987166,99
2024-09-20 13:34:38.832000,430.59869466115777,10
2024-09-20 13:34:38.866000,430.57852208918,1001
2024-09-20 13:34:38.922000,430.6312595116892,97
2024-09-20 13:34:39.060000,430.5805912849526,15
2024-09-20 13:34:39.075000,430.5777408584615,97
2024-09-20 13:34:39.169000,430.5625975300312,98
2024-09-20 13:34:39.239000,430.5656283752657,15
2024-09-20 13:34:39.397000,430.549859109878,1005
2024-09-20 13:34:39.566000,430.6126690938162,1005
2024-09-20 13:34:39.575000,430.5854572832615,99
2024-09-20 13:34:39.713000,430.60049236680936,1001
2024-09-20 13:34:39.750000,430.5941038159573,5
2024-09-20 13:34:39.933000,430.5873081135078,12
2024-09-20 13:34:40.078000,430.553138228296,996
2024-09-20 13:34:40.164000,430.59670397752967,15
2024-09-20 13:34:40.276000,430.57022072556094,1000
2024-09-20 13:34:40.284000,430.5696957524275,1002
2024-09-20 13:34:40.369000,430.59600645219393,95
2024-09-20 13:34:40.427000,430.5462581994019,100
2024-09-20 13:34:40.444000,430.56096877735934,97
2024-09-20 13:34:40.462000,430.5549332941313,999
2024-09-20 13:34:40.481000,430.5821293233397,10
2024-09-20 13:34:40.516000,430.5607509388957,9
2024-09-20 13:34:40.590000,430.5248080755905,9
2024-09-20 13:34:40.733000,430.5474712986364,1001
2024-09-20 13:34:40.838000,430.5547186922316,12
2024-09-20 13:34:40.879000,430.549047267187,98
2024-09-20 13:34:40.919000,430.5668802159453,102
2024-09-20 13:34:40.921000,430.5679704835371,9
2024-09-20 13:34:41.020000,430.6377314750757,7
2024-09-20 13:34:41.183000,430.6109401619501,7
2024-09-20 13:34:41.539000,430.6065640227112,6
2024-09-20 13:34:42.046000,430.59508801106335,8
2024-09-20 13:34:42.150000,430.6074174372459,14
2024-09-20 13:34:42.150000,430.5952665653121,103
2024-09-20 13:34:42.186000,430.608261854065,104
2024-09-20 13:34:42.263000,430.6048368626484,96
2024-09-20 13:34:42.462000,430.649771066202,12
2024-09-20 13:34:42.600000,430.6084801610598,105
2024-09-20 13:34:42.725000,430.6154150935064,97
2024-09-20 13:34:42.800000,430.59403117124464,1002
2024-09-20 13:34:42.822000,430.6063018629604,97
2024-09-20 13:34:42.975000,430.6332162368617,1000
2024-09-20 13:34:43.036000,430.6175797537135,1005
2024-09-20 13:34:43.048000,430.6343896222781,14
2024-09-20 13:34:43.051000,430.64038273342777,14
2024-09-20 13:34:43.052000,430.6643506150463,1001
2024-09-20 13:34:43.083000,430.6208069346579,1000
2024-09-20 13:34:43.137000,430.6384265858058,6
2024-09-20 13:34:43.145000,430.61815039444514,104
2024-09-20 13:34:43.170000,430.66024783226095,96
2024-09-20 13:34:43.189000,430.6046198821824,105
2024-09-20 13:34:43.209000,430.6438783752499,100
2024-09-20 13:34:43.291000,430.62279065722873,14
2024-09-20 13:34:43.342000,430.6260590662962,14
2024-09-20 13:34:43.394000,430.63531102531954,998
2024-09-20 13:34:43.394000,430.6427786346944,7
2024-09-20 13:34:43.405000,430.6232137346739,1005
2024-09-20 13:34:43.421000,430.65504405351214,11
2024-09-20 13:34:43.423000,430.63260957846046,998
2024-09-20 13:34:43.453000,430.6260565129358,13
2024-09-20 13:34:43.519000,430.6478050604015,13
2024-09-20 13:34:43.633000,430.6499490395811,998
2024-09-20 13:34:43.666000,430.6030775774424,5
2024-09-20 13:34:43.682000,430.6279800181375,96
2024-09-20 13:34:43.789000,430.6532932281222,11
2024-09-20 13:34:43.873000,430.6141522021495,98
2024-09-20 13:34:43.916000,430.6053718598986,1002
2024-09-20 13:34:43.985000,430.65622191734735,14
2024-09-20 13:34:44.006000,430.6352358166274,996
2024-09-20 13:34:44.088000,430.73387399214766,995
2024-09-20 13:34:44.092000,430.7360029184711,995
2024-09-20 13:34:44.180000,430.6616170050626,1001
2024-09-20 13:34:44.266000,430.7246504828653,5
2024-09-20 13:34:44.322000,430.6770632462927,100
2024-09-20 13:34:44.330000,430.66237133828537,1000
2024-09-20 13:34:44.461000,430.6671072403856,102
2024-09-20 13:34:44.559000,430.7127474152559,101
2024-09-20 13:34:44.559000,430.7227086836364,98
2024-09-20 13:34:44.570000,430.6335287345647,1005
2024-09-20 13:34:44.597000,430.6704966627164,1000
2024-09-20 13:34:44.614000,430.7748747152999,104
2024-09-20 13:34:44.616000,430.7316337722745,13
2024-09-20 13:34:44.619000,430.6538148357025,995
2024-09-20 13:34:44.637000,430.686821406188,12
2024-09-20 13:34:44.662000,430.6309375576604,104
2024-09-20 13:34:44.694000,430.7843849421649,1004
2024-09-20 13:34:44.704000,430.63828884632034,11
2024-09-20 13:34:44.792000,430.752594793859,97
2024-09-20 13:34:44.799000,430.6682627982682,99
2024-09-20 13:34:44.957000,430.78352573291886,98
2024-09-20 13:34:45.112000,430.8031345268954,996
2024-09-20 13:34:45.126000,430.7919706099953,15
2024-09-20 13:34:45.133000,430.8054009643921,1004
2024-09-20 13:34:45.230000,430.7535438146724,1005
2024-09-20 13:34:45.262000,430.7527039308067,101
2024-09-20 13:34:45.306000,430.7445629419273,96
2024-09-20 13:34:45.360000,430.81236601959273,13
2024-09-20 13:34:45.412000,430.7424002339413,6
2024-09-20 13:34:45.447000,430.75425795320217,103
2024-09-20 13:34:45.485000,430.7750783885706,96
2024-09-20 13:34:45.566000,430.81125742776914,102
2024-09-20 13:34:45.597000,430.7666420948822,96
2024-09-20 13:34:45.608000,430.73959534837655,13
2024-09-20 13:34:45.726000,430.7628573269687,98
2024-09-20 13:34:45.768000,430.7657151935677,999
2024-09-20 13:34:45.801000,430.78108037799655,999
2024-09-20 13:34:45.832000,430.7712360864168,9
2024-09-20 13:34:45.866000,430.74728942981454,1000
2024-09-20 13:34:45.874000,430.7949100269139,14
2024-09-20 13:34:45.919000,430.73013727604393,98
2024-09-20 13:34:45.960000,430.7937892637042,998
2024-09-20 13:34:45.995000,430.8192799343232,101
2024-09-20 13:34:46.180000,430.79215120485,1004
2024-09-20 13:34:46.284000,430.80551024152936,14
2024-09-20 13:34:46.751000,430.8077694916333,1004
2024-09-20 13:34:47.189000,430.7687216469408,100
2024-09-20 13:34:47.333000,430.76282812284495,97
2024-09-20 13:34:47.709000,430.7773695120065,998
2024-09-20 13:34:47.806000,430.7687916886959,101
2024-09-20 13:34:47.815000,430.7449460781642,95
2024-09-20 13:34:47.971000,430.759147080488,101
2024-09-20 13:34:48.051000,430.7307372512889,9
2024-09-20 13:34:48.078000,430.77818512080745,1003
2024-09-20 13:34:48.095000,430.7074505395068,1004
2024-09-20 13:34:48.122000,430.73824515982375,7
2024-09-20 13:34:48.132000,430.7429871889458,1001
2024-09-20 13:34:48.157000,430.7652345776075,6
2024-09-20 13:34:48.233000,430.76911668744526,1003
2024-09-20 13:34:48.243000,430.7790425229606,95
2024-09-20 13:34:48.245000,430.76305555256414,1000
2024-09-20 13:34:48.248000,430.7751232732834,95
2024-09-20 13:34:48.310000,430.7712942054572,997
2024-09-20 13:34:48.367000,430.71041488864944,1005
2024-09-20 13:34:48.384000,430.7523746933479,5
2024-09-20 13:34:48.450000,430.7204947669099,102
2024-09-20 13:34:48.481000,430.7363544008963,996
2024-09-20 13:34:48.505000,430.7028093141846,97
2024-09-20 13:34:48.557000,430.7287290215086,103
2024-09-20 13:34:48.656000,430.73109963188494,1001
2024-09-20 13:34:48.670000,430.7464231440126,14
2024-09-20 13:34:48.751000,430.7181059342196,15
2024-09-20 13:34:48.763000,430.8245207308546,104
2024-09-20 13:34:48.765000,430.7981329764055,6
2024-09-20 13:34:48.780000,430.74664442112805,998
2024-09-20 13:34:48.782000,430.7787989219944,997
2024-09-20 13:34:48.834000,430.70225362633386,1005
2024-09-20 13:34:48.862000,430.7531706745935,97
2024-09-20 13:34:48.872000,430.7804397672837,13
2024-09-20 13:34:48.879000,430.71063846713326,995
2024-09-20 13:34:49.033000,430.8022620801014,97
2024-09-20 13:34:49.044000,430.83318301801216,105
2024-09-20 13:34:49.096000,430.8155057345957,100
2024-09-20 13:34:49.145000,430.71956214556286,9
2024-09-20 13:34:49.165000,430.7241380867928,7
2024-09-20 13:34:49.173000,430.8196196284535,996
2024-09-20 13:34:49.179000,430.7135668310114,1005
2024-09-20 13:34:49.187000,430.7655341391133,1000
2024-09-20 13:34:49.239000,430.683042361298,999
2024-09-20 13:34:49.298000,430.8076837153496,8
2024-09-20 13:34:49.412000,430.70131254192967,95
2024-09-20 13:34:49.432000,430.72405458086695,1000
2024-09-20 13:34:49.450000,430.7277723945747,14
2024-09-20 13:34:49.460000,430.7270928043097,9
2024-09-20 13:34:49.559000,430.7258892881175,995
2024-09-20 13:34:49.572000,430.76886730070913,10
2024-09-20 13:34:49.630000,430.7104652086793,5
2024-09-20 13:34:49.668000,430.7826788510049,95
2024-09-20 13:34:49.688000,430.7994403239245,105
2024-09-20 13:34:49.803000,430.8292398817226,7
2024-09-20 13:34:49.809000,430.7168116578733,96
2024-09-20 13:34:49.904000,430.695314168885,99
2024-09-20 13:34:50.021000,430.6939730724148,1004
2024-09-20 13:34:50.074000,430.6855654335573,104
2024-09-20 13:34:50.108000,430.7092067179991,95
2024-09-20 13:34:50.144000,430.6954101821669,1001
2024-09-20 13:34:50.176000,430.6918410119694,96
2024-09-20 13:34:50.248000,430.7065267252018,999
2024-09-20 13:34:50.427000,430.6861407292129,96
2024-09-20 13:34:50.518000,430.7002090787934,1001
2024-09-20 13:34:50.807000,430.7111671726347,997
2024-09-20 13:34:51.047000,430.68928235497737,10
2024-09-20 13:34:51.051000,430.698711253643,5
2024-09-20 13:34:51.086000,430.7273560503241,13
2024-09-20 13:34:51.096000,430.72130230363774,10
2024-09-20 13:34:51.172000,430.6831403219852,1000
2024-09-20 13:34:51.221000,430.7150177070842,1005
2024-09-20 13:34:51.296000,430.6435240596058,1003
2024-09-20 13:34:51.328000,430.71276225124814,102
2024-09-20 13:34:51.330000,430.65949809648816,105
2024-09-20 13:34:51.402000,430.68773246702455,9
2024-09-20 13:34:51.411000,430.7028461631231,97
2024-09-20 13:34:51.414000,430.7231854722028,5
2024-09-20 13:34:51.416000,430.7134829909355,11
2024-09-20 13:34:51.485000,430.6778120437488,1002
2024-09-20 13:34:51.486000,430.6670274987775,104
2024-09-20 13:34:51.505000,430.6958989209548,1000
2024-09-20 13:34:51.578000,430.6658349180134,96
2024-09-20 13:34:51.730000,430.6948375503411,95
2024-09-20 13:34:51.936000,430.67182470776527,5
2024-09-20 13:34:52.155000,430.6442709907728,1001
2024-09-20 13:34:52.228000,430.6229526672385,102
2024-09-20 13:34:52.288000,430.61015489241737,995
2024-09-20 13:34:52.328000,430.6124281409826,99
2024-09-20 13:34:52.342000,430.6626992399754,1000
2024-09-20 13:34:52.369000,430.6487130552399,1003
2024-09-20 13:34:52.371000,430.60926734601264,99
2024-09-20 13:34:52.566000,430.6798298637442,999
2024-09-20 13:34:52.630000,430.6208998266347,96
2024-09-20 13:34:52.663000,430.6438562294332,103
2024-09-20 13:34:52.859000,430.6208158232496,103
2024-09-20 13:34:52.918000,430.6541442557501,12
2024-09-20 13:34:52.985000,430.6312671581469,13
2024-09-20 13:34:53.022000,430.5791235881312,9
2024-09-20 13:34:53.032000,430.5705624266933,999
2024-09-20 13:34:53.088000,430.5523761045831,9
2024-09-20 13:34:53.200000,430.5852408524472,6
2024-09-20 13:34:53.212000,430.5804030166593,7
2024-09-20 13:34:53.220000,430.5876446535715,995
2024-09-20 13:34:53.233000,430.5854840791575,7
2024-09-20 13:34:53.304000,430.5708166659151,999
2024-09-20 13:34:53.317000,430.5936198315724,1001
2024-09-20 13:34:53.515000,430.6026131062055,12
2024-09-20 13:34:53.538000,430.5888908200975,6
2024-09-20 13:34:53.572000,430.5844867785513,6
2024-09-20 13:34:53.593000,430.6043056158693,100
2024-09-20 13:34:53.680000,430.5870767603343,101
2024-09-20 13:34:53.710000,430.6044807136065,14
2024-09-20 13:34:53.772000,430.5689330443868,103
2024-09-20 13:34:53.776000,430.5905362878156,105
2024-09-20 13:34:53.797000,430.5816431703883,1003
2024-09-20 13:34:53.984000,430.5790991601213,104
2024-09-20 13:34:54.024000,430.572011862099,104
2024-09-20 13:34:54.066000,430.6345291794499,997
2024-09-20 13:34:54.073000,430.6932365170112,13
2024-09-20 13:34:54.115000,430.6850368983057,98
2024-09-20 13:34:54.141000,430.6627139653916,101
2024-09-20 13:34:54.192000,430.6048533780985,99
2024-09-20 13:34:54.268000,430.69510029420326,999
2024-09-20 13:34:54.291000,430.684067576034,995
2024-09-20 13:34:54.314000,430.6969616719928,12
2024-09-20 13:34:54.335000,430.65622223908827,11
2024-09-20 13:34:54.391000,430.6755207128596,15
2024-09-20 13:34:54.398000,430.63923001375935,6
2024-09-20 13:34:54.400000,430.6702150129988,5
2024-09-20 13:34:54.416000,430.5724632169869,1001
2024-09-20 13:34:54.508000,430.6976663933667,1004
2024-09-20 13:34:54.529000,430.5637906429085,97
2024-09-20 13:34:54.571000,430.6742234460512,11
2024-09-20 13:34:54.665000,430.6162777183753,5
2024-09-20 13:34:54.676000,430.6800873216559,12
2024-09-20 13:34:54.710000,430.5790269432114,9
2024-09-20 13:34:54.757000,430.6424459198749,7
2024-09-20 13:34:54.757000,430.6352813886008,100
2024-09-20 13:34:54.785000,430.7020011827309,8
2024-09-20 13:34:54.814000,430.7076359031554,105
2024-09-20 13:34:54.916000,430.7025892749404,1005
2024-09-20 13:34:54.926000,430.5642129308159,998
2024-09-20 13:34:54.942000,430.5792478192904,96
2024-09-20 13:34:54.951000,430.708629294348,95
2024-09-20 13:34:56.451000,430.7311440304687,12
2024-09-20 13:34:57.374000,430.73260282000905,1004
2024-09-20 13:34:57.744000,430.7473650833615,1003
2024-09-20 13:34:57.820000,430.7324998585072,7
2024-09-20 13:34:58.069000,430.6990966211614,7
2024-09-20 13:34:58.144000,430.6947128057383,100
2024-09-20 13:34:58.145000,430.709735609973,99
2024-09-20 13:34:58.208000,430.5996323925104,995
2024-09-20 13:34:58.257000,430.6835992019381,996
2024-09-20 13:34:58.355000,430.6686431746653,10
2024-09-20 13:34:58.421000,430.6700347349958,10
2024-09-20 13:34:58.427000,430.7239022087776,997
2024-09-20 13:34:58.451000,430.620435677452,96
2024-09-20 13:34:58.501000,430.6280411445151,995
2024-09-20 13:34:58.543000,430.70227010525065,15
2024-09-20 13:34:58.584000,430.7193935553496,97
2024-09-20 13:34:58.709000,430.675859455082,999
2024-09-20 13:34:58.723000,430.7175602373091,14
2024-09-20 13:34:58.833000,430.6077693522984,102
2024-09-20 13:34:58.839000,430.61032180563694,8
2024-09-20 13:34:58.841000,430.64735242583225,997
2024-09-20 13:34:58.915000,430.64309781704713,98
2024-09-20 13:34:58.933000,430.61357692950975,997
2024-09-20 13:34:58.938000,430.7179896037019,98
2024-09-20 13:34:58.943000,430.66479566365547,95
2024-09-20 13:34:58.983000,430.6753373670047,10
2024-09-20 13:34:59.024000,430.6712125799417,995
2024-09-20 13:34:59.138000,430.6619096911646,999
2024-09-20 13:34:59.210000,430.67413226660045,96
2024-09-20 13:34:59.248000,430.6597156421517,6
2024-09-20 13:34:59.294000,430.6684506783339,1003
2024-09-20 13:34:59.333000,430.6687932408921,99
2024-09-20 13:34:59.341000,430.65232121201655,5
2024-09-20 13:34:59.344000,430.6618505015181,1002
2024-09-20 13:34:59.469000,430.6689141327121,1003
2024-09-20 13:34:59.499000,430.6582718567517,11
