Timestamp,Price,Size
2024-09-18 15:32:00.103000,416.053503210184,997
2024-09-18 15:32:00.149000,416.0701349537052,999
2024-09-18 15:32:00.212000,416.0716793206608,98
2024-09-18 15:32:00.229000,416.0266900021383,100
2024-09-18 15:32:00.244000,416.0385372659056,7
2024-09-18 15:32:00.490000,416.0552672736812,1001
2024-09-18 15:32:00.497000,416.0433388004939,12
2024-09-18 15:32:00.513000,416.0345731579031,1005
2024-09-18 15:32:00.585000,416.0475310698545,1001
2024-09-18 15:32:00.684000,416.04794571432586,98
2024-09-18 15:32:00.733000,416.0504562146579,13
2024-09-18 15:32:00.797000,416.0504634305879,5
2024-09-18 15:32:00.999000,416.0670772221261,100
2024-09-18 15:32:01.004000,416.0437259176977,8
2024-09-18 15:32:01.109000,416.0429051919845,96
2024-09-18 15:32:01.121000,416.05134641243967,101
2024-09-18 15:32:01.151000,416.0671799158947,1004
2024-09-18 15:32:01.155000,416.0624606304984,9
2024-09-18 15:32:01.171000,416.0587557431518,95
2024-09-18 15:32:01.240000,416.0467171520016,7
2024-09-18 15:32:01.286000,416.03569446159855,1003
2024-09-18 15:32:01.292000,416.0654207288674,95
2024-09-18 15:32:01.392000,416.03148642970416,995
2024-09-18 15:32:01.430000,416.0465272193136,7
2024-09-18 15:32:01.562000,416.05238635638494,1002
2024-09-18 15:32:01.589000,416.04007928942633,5
2024-09-18 15:32:01.634000,416.03748586992725,102
2024-09-18 15:32:01.713000,416.03014715599903,102
2024-09-18 15:32:01.738000,416.0522220278628,997
2024-09-18 15:32:01.819000,416.0219737317341,1001
2024-09-18 15:32:01.826000,416.0303570705032,99
2024-09-18 15:32:01.916000,416.03968121794986,8
2024-09-18 15:32:01.929000,416.0257939055491,8
2024-09-18 15:32:01.956000,416.0423567751528,105
2024-09-18 15:32:01.999000,416.0513105418365,99
2024-09-18 15:32:02.090000,416.0601216976137,10
2024-09-18 15:32:02.229000,416.08169436246186,95
2024-09-18 15:32:02.242000,416.0384112763604,1002
2024-09-18 15:32:02.263000,416.04885169053983,12
2024-09-18 15:32:02.394000,416.0994473732244,13
2024-09-18 15:32:02.404000,410.5226706599308,98
2024-09-18 15:32:02.516000,416.0534722665418,104
2024-09-18 15:32:02.570000,416.06034571194726,102
2024-09-18 15:32:02.983000,416.0790672723184,5
2024-09-18 15:32:03.025000,416.1106337625384,1003
2024-09-18 15:32:03.124000,416.0971070627554,996
2024-09-18 15:32:03.332000,416.1002731231567,1002
2024-09-18 15:32:03.405000,416.044598842803,95
2024-09-18 15:32:03.426000,416.0480779682082,996
2024-09-18 15:32:03.461000,415.99977241855447,103
2024-09-18 15:32:03.487000,416.01677035394505,1002
2024-09-18 15:32:03.530000,416.0355586021754,1004
2024-09-18 15:32:03.648000,416.1027280553682,1003
2024-09-18 15:32:03.685000,416.0586992429961,5
2024-09-18 15:32:03.751000,416.0015895191104,105
2024-09-18 15:32:03.800000,416.0049405716752,1002
2024-09-18 15:32:03.819000,416.0815298424073,103
2024-09-18 15:32:03.837000,416.1231567918263,996
2024-09-18 15:32:04.027000,415.9720004175533,105
2024-09-18 15:32:04.075000,415.99017736912657,101
2024-09-18 15:32:04.122000,416.0331673369254,8
2024-09-18 15:32:04.126000,416.0624475997436,14
2024-09-18 15:32:04.206000,416.0312583433824,12
2024-09-18 15:32:04.249000,415.98404693789735,15
2024-09-18 15:32:04.269000,416.0077782538461,102
2024-09-18 15:32:04.346000,415.97221649150055,998
2024-09-18 15:32:04.390000,415.9886071090885,1003
2024-09-18 15:32:04.400000,416.006114127468,96
2024-09-18 15:32:04.448000,416.0468626674896,995
2024-09-18 15:32:04.471000,415.96589540531807,103
2024-09-18 15:32:04.479000,416.0031849188368,6
2024-09-18 15:32:04.531000,415.972535088168,1005
2024-09-18 15:32:04.553000,416.0494428133689,1000
2024-09-18 15:32:04.597000,416.01356099740417,99
2024-09-18 15:32:04.615000,416.0061094087652,8
2024-09-18 15:32:04.681000,416.01276169823706,995
2024-09-18 15:32:04.770000,416.00715592354624,8
2024-09-18 15:32:04.990000,415.9636239390292,998
2024-09-18 15:32:05.025000,416.076197323819,100
2024-09-18 15:32:05.072000,416.12551050229337,8
2024-09-18 15:32:05.149000,416.0658058199775,103
2024-09-18 15:32:05.175000,416.0609886138333,1005
2024-09-18 15:32:05.188000,416.0947662380586,6
2024-09-18 15:32:05.215000,416.079304325379,15
2024-09-18 15:32:05.256000,416.1144804489607,1005
2024-09-18 15:32:05.374000,416.0880637435461,997
2024-09-18 15:32:05.379000,416.1044696097638,996
2024-09-18 15:32:05.474000,416.073976339246,96
2024-09-18 15:32:05.553000,416.1311501661392,12
2024-09-18 15:32:05.576000,416.1292963286955,5
2024-09-18 15:32:05.586000,416.0949962677154,101
2024-09-18 15:32:05.685000,416.0884653654627,8
2024-09-18 15:32:05.689000,416.0870905579841,1002
2024-09-18 15:32:05.697000,416.1129394020076,14
2024-09-18 15:32:05.760000,416.10052768796703,14
2024-09-18 15:32:05.850000,416.09513467494,995
2024-09-18 15:32:05.899000,416.1290898667483,99
2024-09-18 15:32:05.914000,416.1214714046348,97
2024-09-18 15:32:05.940000,416.0902143059964,997
2024-09-18 15:32:05.952000,416.1116379136798,97
2024-09-18 15:32:05.983000,416.08247894960687,103
2024-09-18 15:32:06.234000,416.1344390602924,101
2024-09-18 15:32:06.853000,416.10621669999006,6
2024-09-18 15:32:07.062000,416.1295095827344,5
2024-09-18 15:32:07.479000,416.1345621950478,1004
2024-09-18 15:32:08.191000,416.1423207264488,997
2024-09-18 15:32:08.193000,416.1411463147197,1000
2024-09-18 15:32:08.218000,416.11512369512616,97
2024-09-18 15:32:08.242000,416.1266558383407,6
2024-09-18 15:32:08.286000,410.5398949841596,997
2024-09-18 15:32:08.302000,416.1424960537242,10
2024-09-18 15:32:08.310000,416.1580188372748,1003
2024-09-18 15:32:08.317000,416.13902376551056,99
2024-09-18 15:32:08.365000,416.1527385181216,14
2024-09-18 15:32:08.405000,416.14514142361065,998
2024-09-18 15:32:08.479000,416.1323915616629,12
2024-09-18 15:32:08.499000,416.12273950849095,105
2024-09-18 15:32:08.541000,416.1612387518924,996
2024-09-18 15:32:08.595000,416.135287655696,12
2024-09-18 15:32:08.598000,416.1415667200148,995
2024-09-18 15:32:08.602000,416.13881196767016,996
2024-09-18 15:32:08.633000,416.1228326115905,12
2024-09-18 15:32:08.780000,416.130809002112,998
2024-09-18 15:32:08.819000,416.1605117565322,6
2024-09-18 15:32:08.828000,416.1353343137157,96
2024-09-18 15:32:08.897000,416.13162476422485,5
2024-09-18 15:32:08.963000,416.1360222368687,97
2024-09-18 15:32:09.186000,416.13858188352873,6
2024-09-18 15:32:09.293000,416.112867123255,96
2024-09-18 15:32:09.415000,416.1375823608848,13
2024-09-18 15:32:09.504000,416.12407848959054,96
2024-09-18 15:32:09.509000,416.132701419366,1000
2024-09-18 15:32:09.626000,416.1406367493594,14
2024-09-18 15:32:09.692000,416.1418216555537,14
2024-09-18 15:32:09.749000,416.1359875724406,13
2024-09-18 15:32:09.891000,416.133957946674,103
2024-09-18 15:32:10.009000,416.22142750427975,995
2024-09-18 15:32:10.019000,416.19174508213183,9
2024-09-18 15:32:10.098000,416.1311288672261,995
2024-09-18 15:32:10.113000,416.1530407417303,995
2024-09-18 15:32:10.166000,416.18120293238337,7
2024-09-18 15:32:10.248000,416.2333737286274,1001
2024-09-18 15:32:10.260000,416.1717783225335,96
2024-09-18 15:32:10.266000,416.1756646567595,996
2024-09-18 15:32:10.302000,416.1734630915737,96
2024-09-18 15:32:10.323000,416.1938899624018,13
2024-09-18 15:32:10.404000,416.2249010502831,1002
2024-09-18 15:32:10.442000,416.20448530475335,97
2024-09-18 15:32:10.445000,416.1288314490101,1000
2024-09-18 15:32:10.459000,416.1499706738588,96
2024-09-18 15:32:10.493000,416.1779776574448,995
2024-09-18 15:32:10.497000,416.1719264191452,12
2024-09-18 15:32:10.503000,416.15149674708886,95
2024-09-18 15:32:10.561000,416.1543495006375,8
2024-09-18 15:32:10.578000,416.1723960429436,12
2024-09-18 15:32:10.650000,416.1330486838101,1005
2024-09-18 15:32:10.696000,416.2161005095306,1001
2024-09-18 15:32:10.784000,416.2025652625933,7
2024-09-18 15:32:10.839000,416.20715992719215,1002
2024-09-18 15:32:10.841000,416.1910128172245,1001
2024-09-18 15:32:10.897000,416.2488139871381,1001
2024-09-18 15:32:10.951000,416.2317410827413,96
2024-09-18 15:32:11,416.2323129366943,1000
2024-09-18 15:32:11.071000,416.2043366777649,96
2024-09-18 15:32:11.074000,416.2153846584343,1005
2024-09-18 15:32:11.079000,416.22618404492806,9
2024-09-18 15:32:11.098000,416.2347190890183,101
2024-09-18 15:32:11.147000,416.186706714764,105
2024-09-18 15:32:11.151000,416.21177955089865,1002
2024-09-18 15:32:11.217000,416.2148104729094,7
2024-09-18 15:32:11.296000,416.2312031444965,100
2024-09-18 15:32:11.345000,416.1982458409401,8
2024-09-18 15:32:11.393000,416.2066998154148,12
2024-09-18 15:32:11.430000,416.2145577486659,999
2024-09-18 15:32:11.430000,416.216269460236,998
2024-09-18 15:32:11.460000,416.2380459408765,5
2024-09-18 15:32:11.471000,416.2124936702221,8
2024-09-18 15:32:11.569000,416.20590642908905,999
2024-09-18 15:32:11.582000,416.2057997711332,1004
2024-09-18 15:32:11.720000,416.22080067835816,10
2024-09-18 15:32:11.824000,416.2369110329818,6
2024-09-18 15:32:11.897000,416.1879846025933,1002
2024-09-18 15:32:11.924000,416.21249482392153,997
2024-09-18 15:32:11.957000,416.2148199988778,15
2024-09-18 15:32:11.960000,410.4362617807762,98
2024-09-18 15:32:11.960000,416.2293843019438,13
2024-09-18 15:32:12.272000,416.2533010771888,100
2024-09-18 15:32:12.370000,416.2448910171669,97
2024-09-18 15:32:13.009000,416.28729103781177,10
2024-09-18 15:32:13.058000,416.3039799392431,998
2024-09-18 15:32:13.080000,416.18115101651625,998
2024-09-18 15:32:13.124000,416.2668981649146,102
2024-09-18 15:32:13.156000,416.304407751024,998
2024-09-18 15:32:13.231000,416.173759067641,103
2024-09-18 15:32:13.305000,416.2922965427524,1001
2024-09-18 15:32:13.350000,416.2073565035356,997
2024-09-18 15:32:13.355000,416.2537359477141,10
2024-09-18 15:32:13.376000,416.1936632442653,998
2024-09-18 15:32:13.406000,416.26593912758335,98
2024-09-18 15:32:13.430000,416.2002096274031,11
2024-09-18 15:32:13.598000,416.25710009927593,996
2024-09-18 15:32:13.613000,416.2525827983853,1005
2024-09-18 15:32:13.651000,416.2394617053355,999
2024-09-18 15:32:13.657000,416.2508704540316,102
2024-09-18 15:32:13.694000,416.26555780846974,96
2024-09-18 15:32:13.701000,416.25419264181807,15
2024-09-18 15:32:13.765000,416.2882824048333,103
2024-09-18 15:32:13.778000,416.1924590733736,1004
2024-09-18 15:32:13.851000,416.3003164765577,6
2024-09-18 15:32:13.855000,416.1934072164161,14
2024-09-18 15:32:13.856000,416.2452916364889,101
2024-09-18 15:32:13.884000,416.29292584232246,1001
2024-09-18 15:32:13.918000,416.2894145135655,7
2024-09-18 15:32:13.933000,416.2167828864981,1004
2024-09-18 15:32:13.937000,416.2839198026765,105
2024-09-18 15:32:13.982000,416.1678648745775,15
2024-09-18 15:32:13.985000,416.2172316855239,96
2024-09-18 15:32:14.050000,416.20405637883687,101
2024-09-18 15:32:14.184000,416.1740879107752,10
2024-09-18 15:32:14.214000,416.1902466937189,5
2024-09-18 15:32:14.405000,416.2173519274511,103
2024-09-18 15:32:14.410000,416.20187926002615,105
2024-09-18 15:32:14.418000,416.1669608321323,99
2024-09-18 15:32:14.491000,416.1644017887856,6
2024-09-18 15:32:14.585000,416.1994851221845,5
2024-09-18 15:32:14.596000,416.1799339367592,104
2024-09-18 15:32:14.654000,416.2079138916175,8
2024-09-18 15:32:14.725000,416.1873797651036,1002
2024-09-18 15:32:14.764000,416.1706333811831,97
2024-09-18 15:32:14.793000,416.2317372053509,104
2024-09-18 15:32:14.896000,416.2326196126748,7
2024-09-18 15:32:14.914000,416.2301322420344,14
2024-09-18 15:32:14.942000,416.232015199254,105
2024-09-18 15:32:14.971000,416.19508480085614,103
2024-09-18 15:32:15.005000,416.2802179758998,97
2024-09-18 15:32:15.092000,416.2615822040648,8
2024-09-18 15:32:15.131000,416.24726099897777,95
2024-09-18 15:32:15.280000,416.244483240054,14
2024-09-18 15:32:15.285000,416.268138902568,99
2024-09-18 15:32:15.413000,416.2462664259597,12
2024-09-18 15:32:15.656000,416.2562116733141,104
2024-09-18 15:32:15.685000,416.2631610659273,8
2024-09-18 15:32:15.861000,416.23924608985664,101
2024-09-18 15:32:15.916000,416.2609361288529,14
2024-09-18 15:32:16.017000,416.2848684329979,998
2024-09-18 15:32:16.171000,416.20496338335823,1002
2024-09-18 15:32:16.357000,416.2340775273265,998
2024-09-18 15:32:16.366000,416.21790769417504,104
2024-09-18 15:32:16.390000,416.2809003105524,96
2024-09-18 15:32:16.404000,416.2179235180972,105
2024-09-18 15:32:16.406000,416.2203734280032,6
2024-09-18 15:32:16.468000,416.2203453869296,15
2024-09-18 15:32:16.579000,416.28211197069226,10
2024-09-18 15:32:16.679000,416.2296399381873,11
2024-09-18 15:32:16.737000,416.2270717813437,101
2024-09-18 15:32:16.768000,416.2079028276544,97
2024-09-18 15:32:16.771000,416.216480960615,996
2024-09-18 15:32:16.787000,416.215333815892,1004
2024-09-18 15:32:16.810000,416.2134544910749,97
2024-09-18 15:32:16.824000,416.2529171992587,1002
2024-09-18 15:32:16.847000,416.23514079825,97
2024-09-18 15:32:16.958000,416.2549866252952,1003
2024-09-18 15:32:17.194000,416.336615190026,7
2024-09-18 15:32:17.308000,416.34534567972366,999
2024-09-18 15:32:17.330000,416.31662714864046,102
2024-09-18 15:32:17.366000,416.3249981662859,999
2024-09-18 15:32:17.395000,416.2860319463616,6
2024-09-18 15:32:17.403000,416.333800967749,5
2024-09-18 15:32:17.422000,416.3251837247281,996
2024-09-18 15:32:17.473000,416.3250804423598,98
2024-09-18 15:32:17.486000,416.3167359479573,1004
2024-09-18 15:32:17.516000,416.3291932261892,15
2024-09-18 15:32:17.646000,416.27391583273135,15
2024-09-18 15:32:17.715000,416.3408422185677,98
2024-09-18 15:32:17.792000,416.3081578466565,5
2024-09-18 15:32:17.897000,416.2876697376272,101
2024-09-18 15:32:17.912000,416.2871818457468,11
2024-09-18 15:32:17.959000,416.3196237176158,1001
2024-09-18 15:32:18.052000,416.33329388715583,12
2024-09-18 15:32:18.053000,416.3386141273282,997
2024-09-18 15:32:18.215000,416.33810542493694,97
2024-09-18 15:32:18.297000,416.40689334400855,97
2024-09-18 15:32:18.366000,416.4124131205505,1002
2024-09-18 15:32:18.537000,416.41074562403537,105
2024-09-18 15:32:18.623000,416.3693519995174,1003
2024-09-18 15:32:18.652000,416.40646089260616,95
2024-09-18 15:32:18.723000,416.3320405682314,105
2024-09-18 15:32:18.735000,416.3407982490303,998
2024-09-18 15:32:18.773000,416.37549263562585,7
2024-09-18 15:32:18.786000,416.3906511309856,1004
2024-09-18 15:32:18.793000,416.3871756149687,5
2024-09-18 15:32:18.929000,416.3492645831448,996
2024-09-18 15:32:18.969000,416.3412971066687,8
2024-09-18 15:32:18.985000,416.40330062147865,1002
2024-09-18 15:32:19.088000,416.38897495557103,98
2024-09-18 15:32:19.105000,416.4250802407903,6
2024-09-18 15:32:19.188000,416.3917540304447,98
2024-09-18 15:32:19.402000,416.4485638743933,99
2024-09-18 15:32:19.420000,416.4501761382332,5
2024-09-18 15:32:19.446000,416.393032655436,5
2024-09-18 15:32:19.447000,416.4150257250527,5
2024-09-18 15:32:19.683000,416.38867675704745,99
2024-09-18 15:32:19.700000,416.3956328332095,1000
2024-09-18 15:32:19.742000,416.415035685433,1003
2024-09-18 15:32:19.754000,416.4309331703879,6
2024-09-18 15:32:19.821000,416.3969776396219,15
2024-09-18 15:32:20.042000,416.5128493453242,98
2024-09-18 15:32:20.093000,416.4710113433823,103
2024-09-18 15:32:20.108000,416.4841146985212,1000
2024-09-18 15:32:20.183000,416.4848550430174,103
2024-09-18 15:32:20.198000,416.5019638263674,8
2024-09-18 15:32:20.217000,416.487774224192,11
2024-09-18 15:32:20.225000,416.5124188790256,1001
2024-09-18 15:32:20.283000,416.49842780449,1004
2024-09-18 15:32:20.350000,416.5099772458618,102
2024-09-18 15:32:20.361000,416.4480520839847,1005
2024-09-18 15:32:20.432000,416.4898910572763,1000
2024-09-18 15:32:20.451000,416.4524572657176,96
2024-09-18 15:32:20.531000,416.529714869781,5
2024-09-18 15:32:20.552000,416.483155432687,10
2024-09-18 15:32:20.576000,416.4948074780912,104
2024-09-18 15:32:20.576000,416.497822447492,996
2024-09-18 15:32:20.687000,416.4856139865203,103
2024-09-18 15:32:20.813000,416.5232337986161,96
2024-09-18 15:32:20.815000,416.4830309166372,104
2024-09-18 15:32:20.905000,416.4883279608752,98
2024-09-18 15:32:20.966000,416.4876398964855,6
2024-09-18 15:32:20.977000,416.4869897142128,1001
2024-09-18 15:32:21.537000,416.4945955235009,98
2024-09-18 15:32:21.814000,416.4859495934393,12
2024-09-18 15:32:21.873000,416.4850296549925,101
2024-09-18 15:32:22.068000,410.129186105946,998
2024-09-18 15:32:22.152000,416.47007024492353,6
2024-09-18 15:32:22.601000,416.4678691070465,1002
2024-09-18 15:32:23.001000,416.4787833774563,9
2024-09-18 15:32:23.158000,416.46682156230094,8
2024-09-18 15:32:23.185000,416.4895137549251,7
2024-09-18 15:32:23.205000,416.46993630983127,98
2024-09-18 15:32:23.205000,416.4780141668526,1003
2024-09-18 15:32:23.271000,416.4632575875997,7
2024-09-18 15:32:23.296000,416.4938020331955,99
2024-09-18 15:32:23.431000,416.4708026776935,104
2024-09-18 15:32:23.487000,410.1207484053162,95
2024-09-18 15:32:23.525000,416.4855060119722,13
2024-09-18 15:32:23.613000,416.4869036804246,10
2024-09-18 15:32:23.821000,416.48878189264775,998
2024-09-18 15:32:23.860000,416.4980157733371,102
2024-09-18 15:32:23.921000,416.4870426753794,995
2024-09-18 15:32:23.924000,416.4729460874424,997
2024-09-18 15:32:24.083000,416.5074509403213,998
2024-09-18 15:32:24.104000,416.5008186069821,101
2024-09-18 15:32:24.113000,416.5209027587766,11
2024-09-18 15:32:24.292000,416.49718016176257,99
2024-09-18 15:32:24.371000,416.5069217119312,1003
2024-09-18 15:32:24.394000,416.5000451887588,104
2024-09-18 15:32:24.558000,416.49376129209605,1005
2024-09-18 15:32:24.688000,416.48138878585,13
2024-09-18 15:32:24.786000,416.4869274392906,102
2024-09-18 15:32:24.786000,416.49560234005406,1001
2024-09-18 15:32:24.819000,416.50154261877697,100
2024-09-18 15:32:24.880000,416.5128843589475,9
2024-09-18 15:32:24.890000,416.4914314559374,1000
2024-09-18 15:32:25,416.5780341221226,98
2024-09-18 15:32:25.005000,416.5636158211784,97
2024-09-18 15:32:25.040000,416.5330169378267,96
2024-09-18 15:32:25.328000,416.5466861305064,103
2024-09-18 15:32:25.340000,416.5653981457766,997
2024-09-18 15:32:25.400000,416.5290586287809,5
2024-09-18 15:32:25.682000,416.5731775668745,103
2024-09-18 15:32:25.802000,416.56144398362665,1004
2024-09-18 15:32:25.880000,416.5719914635421,15
2024-09-18 15:32:26.366000,416.5141318137335,103
2024-09-18 15:32:26.389000,416.5517266326272,100
2024-09-18 15:32:26.453000,416.5504017996253,6
2024-09-18 15:32:26.925000,416.5273239211035,7
2024-09-18 15:32:26.958000,416.5033739903247,1001
2024-09-18 15:32:27.247000,416.508729883386,13
2024-09-18 15:32:27.452000,416.49353543915953,10
2024-09-18 15:32:27.456000,416.5255450788182,995
2024-09-18 15:32:27.734000,416.4945101314982,12
2024-09-18 15:32:27.901000,416.50883003837583,97
2024-09-18 15:32:27.924000,416.510003172356,999
2024-09-18 15:32:27.954000,416.5119364688322,97
2024-09-18 15:32:28.102000,416.3447823820962,12
2024-09-18 15:32:28.104000,416.3441638621091,12
2024-09-18 15:32:28.110000,416.3740365569489,998
2024-09-18 15:32:28.126000,416.49011510481887,102
2024-09-18 15:32:28.170000,416.4625330019426,101
2024-09-18 15:32:28.171000,416.3554416947567,13
2024-09-18 15:32:28.173000,416.4655904519572,998
2024-09-18 15:32:28.248000,416.336354392654,6
2024-09-18 15:32:28.254000,416.3528860080621,102
2024-09-18 15:32:28.257000,416.4767901644087,1001
2024-09-18 15:32:28.290000,416.37462123285263,7
2024-09-18 15:32:28.585000,416.37499460150593,1004
2024-09-18 15:32:28.596000,416.3487983179324,998
2024-09-18 15:32:28.625000,416.3378992150382,97
2024-09-18 15:32:28.742000,416.3502648922951,9
2024-09-18 15:32:28.749000,416.34601097482937,100
2024-09-18 15:32:28.795000,416.3985753793316,1000
2024-09-18 15:32:28.864000,416.385050582226,105
2024-09-18 15:32:28.867000,416.3566895729861,6
2024-09-18 15:32:28.875000,416.3290099740988,999
2024-09-18 15:32:28.892000,416.498720302477,95
2024-09-18 15:32:28.916000,416.4853450341709,102
2024-09-18 15:32:28.921000,416.3265040247667,999
2024-09-18 15:32:28.946000,416.4771552194972,12
2024-09-18 15:32:28.948000,416.5074096352723,103
2024-09-18 15:32:29.110000,416.4091920584553,103
2024-09-18 15:32:29.135000,416.39636814599567,1004
2024-09-18 15:32:29.229000,416.3512616954106,96
2024-09-18 15:32:29.243000,416.41273686394345,995
2024-09-18 15:32:29.277000,416.42215077969,11
2024-09-18 15:32:29.284000,416.36261456980566,103
2024-09-18 15:32:29.292000,416.39635904909073,6
2024-09-18 15:32:29.301000,416.38185968777873,9
2024-09-18 15:32:29.318000,416.3864195181906,1004
2024-09-18 15:32:29.320000,416.3672732211937,997
2024-09-18 15:32:29.332000,416.3850349283287,6
2024-09-18 15:32:29.385000,416.3851656208863,103
2024-09-18 15:32:29.413000,416.3886550767456,10
2024-09-18 15:32:29.514000,416.3847002404998,95
2024-09-18 15:32:29.564000,416.3719373815594,101
2024-09-18 15:32:29.579000,416.3945450594655,1004
2024-09-18 15:32:29.595000,416.3764419603366,97
2024-09-18 15:32:29.616000,416.3792991221408,8
2024-09-18 15:32:29.638000,416.3793134760515,10
2024-09-18 15:32:29.710000,416.3810819071822,101
2024-09-18 15:32:29.816000,416.38340067423263,1005
2024-09-18 15:32:29.990000,416.4091614437447,8
2024-09-18 15:32:30.149000,416.4241298223959,6
2024-09-18 15:32:30.185000,416.41109126616425,996
2024-09-18 15:32:30.319000,416.38905521421873,103
2024-09-18 15:32:30.443000,416.4037648331041,996
2024-09-18 15:32:30.454000,416.4473130041902,96
2024-09-18 15:32:30.547000,416.43075044086606,999
2024-09-18 15:32:30.548000,416.4063460552091,99
2024-09-18 15:32:30.572000,416.39069405327297,5
2024-09-18 15:32:30.755000,416.4269839961675,995
2024-09-18 15:32:30.838000,416.4218907306923,102
2024-09-18 15:32:30.864000,416.4532815714861,104
2024-09-18 15:32:30.867000,416.4010999338856,1004
2024-09-18 15:32:30.927000,416.4111862785595,100
2024-09-18 15:32:30.929000,416.4055244324059,5
2024-09-18 15:32:30.975000,416.4219805042929,995
2024-09-18 15:32:31.198000,416.38344742668033,105
2024-09-18 15:32:31.202000,416.3912200968507,5
2024-09-18 15:32:31.307000,416.4442094032326,1000
2024-09-18 15:32:31.310000,416.4172328408024,1001
2024-09-18 15:32:31.474000,416.40309623760686,102
2024-09-18 15:32:31.623000,416.4329465230922,99
2024-09-18 15:32:31.625000,416.4372388000296,103
2024-09-18 15:32:31.855000,416.40899096850666,12
2024-09-18 15:32:32.003000,416.3620812499157,103
2024-09-18 15:32:32.022000,416.38285397897664,11
2024-09-18 15:32:32.035000,416.3954303474938,95
2024-09-18 15:32:32.080000,416.38248881842287,98
2024-09-18 15:32:32.098000,416.3542808446738,97
2024-09-18 15:32:32.188000,416.41921901284417,1000
2024-09-18 15:32:32.238000,416.38187128304736,13
2024-09-18 15:32:32.283000,416.3695598755152,13
2024-09-18 15:32:32.379000,416.3599751438646,998
2024-09-18 15:32:32.408000,416.3360112836694,102
2024-09-18 15:32:32.442000,416.37175160311534,10
2024-09-18 15:32:32.507000,416.3356449925423,996
2024-09-18 15:32:32.520000,416.4009000672576,98
2024-09-18 15:32:32.552000,416.3677996661812,997
2024-09-18 15:32:32.554000,416.3852502388109,995
2024-09-18 15:32:32.675000,416.369079192563,14
2024-09-18 15:32:32.774000,416.3802345504556,1001
2024-09-18 15:32:32.808000,416.3972353354628,101
2024-09-18 15:32:32.868000,416.4166761856232,10
2024-09-18 15:32:32.971000,416.3689776143421,12
2024-09-18 15:32:33.012000,416.3978028590474,1004
2024-09-18 15:32:33.120000,416.3532628023126,12
2024-09-18 15:32:33.144000,416.3860957594289,5
2024-09-18 15:32:33.196000,416.3904193988821,11
2024-09-18 15:32:33.215000,416.3620945877099,995
2024-09-18 15:32:33.313000,416.3642456391834,1001
2024-09-18 15:32:33.427000,416.3951658015231,97
2024-09-18 15:32:33.470000,416.399500660896,996
2024-09-18 15:32:33.476000,416.3839198520473,1000
2024-09-18 15:32:33.529000,416.3824533676329,98
2024-09-18 15:32:33.766000,416.3649944318649,105
2024-09-18 15:32:33.770000,416.3751564005573,14
2024-09-18 15:32:33.783000,416.3559373677626,13
2024-09-18 15:32:33.832000,410.2666499653933,1001
2024-09-18 15:32:33.861000,416.3808024944773,14
2024-09-18 15:32:33.878000,416.4097129123546,1000
2024-09-18 15:32:33.916000,416.3756180847869,996
2024-09-18 15:32:33.949000,416.3575717616079,1000
2024-09-18 15:32:33.956000,416.3778518898515,1000
2024-09-18 15:32:34.003000,416.3195608353803,995
2024-09-18 15:32:34.019000,416.2993823721189,13
2024-09-18 15:32:34.046000,416.2661436551139,103
2024-09-18 15:32:34.176000,416.3380098302538,100
2024-09-18 15:32:34.211000,416.2889268414874,102
2024-09-18 15:32:34.247000,416.2839231669784,10
2024-09-18 15:32:34.287000,416.2577558896207,98
2024-09-18 15:32:34.306000,416.33266127430295,7
2024-09-18 15:32:34.324000,416.268549942133,14
2024-09-18 15:32:34.360000,416.2585290110736,1000
2024-09-18 15:32:34.403000,416.3546056908097,99
2024-09-18 15:32:34.446000,416.2670017468737,999
2024-09-18 15:32:34.535000,416.3382631295409,97
2024-09-18 15:32:34.542000,416.31797904034215,997
2024-09-18 15:32:34.600000,416.2915108216802,1001
2024-09-18 15:32:34.642000,416.3264986680067,99
2024-09-18 15:32:34.654000,416.35583246683046,997
2024-09-18 15:32:34.656000,416.2801695184724,1004
2024-09-18 15:32:34.724000,416.3314481840999,98
2024-09-18 15:32:34.730000,416.32447139558633,99
2024-09-18 15:32:34.757000,416.2961890818098,8
2024-09-18 15:32:34.760000,416.2868974518578,95
2024-09-18 15:32:34.792000,416.2867698452164,100
2024-09-18 15:32:34.928000,416.2927996845389,13
2024-09-18 15:32:34.937000,416.25313911041474,6
2024-09-18 15:32:35.132000,416.2760423581699,97
2024-09-18 15:32:35.214000,416.2709200037218,1005
2024-09-18 15:32:35.413000,416.2527193941583,104
2024-09-18 15:32:35.516000,416.2803504764127,14
2024-09-18 15:32:35.598000,416.2492679948393,995
2024-09-18 15:32:35.914000,416.2626583759397,99
2024-09-18 15:32:36.004000,416.2294886958205,11
2024-09-18 15:32:36.008000,416.296719645692,98
2024-09-18 15:32:36.018000,416.2429673566067,999
2024-09-18 15:32:36.087000,416.2537016448235,1005
2024-09-18 15:32:36.160000,416.2616809415149,5
2024-09-18 15:32:36.263000,416.2297680060718,104
2024-09-18 15:32:36.299000,416.2701872257141,105
2024-09-18 15:32:36.315000,416.24109454193655,9
2024-09-18 15:32:36.365000,416.2448386874088,1003
2024-09-18 15:32:36.387000,416.256888392648,102
2024-09-18 15:32:36.477000,416.2559002974666,1002
2024-09-18 15:32:36.537000,416.27858444562,105
2024-09-18 15:32:36.624000,416.2405389577274,1002
2024-09-18 15:32:36.676000,416.2650999136936,1005
2024-09-18 15:32:36.841000,416.23893703529495,101
2024-09-18 15:32:36.879000,416.295162532714,105
2024-09-18 15:32:36.882000,416.2698236613109,14
2024-09-18 15:32:36.979000,416.2788960327472,1002
2024-09-18 15:32:37.029000,416.2747797281912,8
2024-09-18 15:32:37.119000,416.1990433353761,10
2024-09-18 15:32:37.134000,416.2089469102901,998
2024-09-18 15:32:37.242000,416.2008799793484,1000
2024-09-18 15:32:37.274000,416.2919931488021,7
2024-09-18 15:32:37.283000,416.2328551709557,14
2024-09-18 15:32:37.298000,416.19166361502505,15
2024-09-18 15:32:37.314000,416.2908592734448,95
2024-09-18 15:32:37.345000,416.18297246806975,7
2024-09-18 15:32:37.349000,416.2041299407195,101
2024-09-18 15:32:37.496000,416.24622524010937,998
2024-09-18 15:32:37.498000,416.1924958807286,1001
2024-09-18 15:32:37.512000,416.18840990510574,99
2024-09-18 15:32:37.563000,416.235134731244,1001
2024-09-18 15:32:37.725000,416.1913409690277,996
2024-09-18 15:32:37.738000,416.2017272513703,1000
2024-09-18 15:32:37.784000,416.2937169456138,1003
2024-09-18 15:32:37.812000,416.21472975332495,996
2024-09-18 15:32:37.827000,416.1969888318535,1005
2024-09-18 15:32:37.850000,416.1933252109012,7
2024-09-18 15:32:37.873000,416.2640542782512,995
2024-09-18 15:32:37.891000,416.206879078246,1001
2024-09-18 15:32:37.896000,416.2543538630941,97
2024-09-18 15:32:37.924000,416.2868993555241,10
2024-09-18 15:32:37.932000,416.2236071696198,96
2024-09-18 15:32:37.966000,416.2350934575452,100
2024-09-18 15:32:38.024000,416.1878280701226,9
2024-09-18 15:32:38.039000,416.1701575225175,1003
2024-09-18 15:32:38.049000,416.1795245797149,10
2024-09-18 15:32:38.122000,416.20880754496375,97
2024-09-18 15:32:38.123000,416.1736301857761,11
2024-09-18 15:32:38.152000,416.1716170844026,104
2024-09-18 15:32:38.177000,416.1555787607141,105
2024-09-18 15:32:38.190000,416.1650415816623,1004
2024-09-18 15:32:38.199000,416.21123980874944,1004
2024-09-18 15:32:38.348000,416.2181695693269,12
2024-09-18 15:32:38.364000,416.1668009449377,1000
2024-09-18 15:32:38.370000,416.1620805955773,1005
2024-09-18 15:32:38.370000,416.1659754243889,1004
2024-09-18 15:32:38.388000,416.16631054350046,96
2024-09-18 15:32:38.407000,416.2285317598444,8
2024-09-18 15:32:38.501000,416.25758912690327,15
2024-09-18 15:32:38.606000,416.2594792897354,101
2024-09-18 15:32:38.610000,416.27587918877055,1003
2024-09-18 15:32:38.632000,416.1962793895137,104
2024-09-18 15:32:38.689000,416.2182915298409,5
2024-09-18 15:32:38.691000,416.157270939685,1004
2024-09-18 15:32:38.719000,416.1541808449294,104
2024-09-18 15:32:38.827000,416.2464257770583,996
2024-09-18 15:32:39.088000,416.19065362594415,13
2024-09-18 15:32:39.151000,416.2305333728258,12
2024-09-18 15:32:39.153000,416.1893616777711,97
2024-09-18 15:32:39.220000,416.1912934539109,1003
2024-09-18 15:32:39.274000,416.2131018044864,12
2024-09-18 15:32:39.299000,416.2000278508341,12
2024-09-18 15:32:39.482000,416.1758856984872,997
2024-09-18 15:32:39.534000,416.1741442430682,995
2024-09-18 15:32:39.541000,416.2051685251122,96
2024-09-18 15:32:39.687000,416.1925479066178,5
2024-09-18 15:32:39.720000,416.2054285799133,1004
2024-09-18 15:32:39.795000,416.1966008768634,100
2024-09-18 15:32:39.868000,416.1893588607278,10
2024-09-18 15:32:39.911000,416.2238024146071,99
2024-09-18 15:32:39.916000,416.21884280544185,10
2024-09-18 15:32:39.918000,416.20899359772574,10
2024-09-18 15:32:39.934000,416.2076433972397,13
2024-09-18 15:32:40.007000,416.1608233899912,1001
2024-09-18 15:32:40.080000,416.1797753890594,997
2024-09-18 15:32:40.106000,416.1648780797781,7
2024-09-18 15:32:40.198000,416.21810350835153,998
2024-09-18 15:32:40.253000,416.1719160412925,97
2024-09-18 15:32:40.297000,416.1860748220599,7
2024-09-18 15:32:40.494000,416.2111142109816,996
2024-09-18 15:32:40.513000,416.1993981628862,99
2024-09-18 15:32:40.568000,416.20191047879325,1002
2024-09-18 15:32:40.836000,416.1739481256983,15
2024-09-18 15:32:40.912000,416.1752903912549,1003
2024-09-18 15:32:40.945000,416.2318002282007,1003
2024-09-18 15:32:41.009000,416.2607486279982,104
2024-09-18 15:32:41.226000,416.2458947344551,998
2024-09-18 15:32:41.392000,416.2352242613504,105
2024-09-18 15:32:41.469000,416.2586873445368,97
2024-09-18 15:32:41.913000,416.2348698445002,1005
2024-09-18 15:32:41.925000,416.2232715206826,7
2024-09-18 15:32:41.960000,416.2154533712674,12
2024-09-18 15:32:42.002000,416.1971425309413,998
2024-09-18 15:32:42.013000,416.246317535313,1002
2024-09-18 15:32:42.032000,416.2410947607533,101
2024-09-18 15:32:42.042000,416.246002324736,13
2024-09-18 15:32:42.075000,416.1957717686857,97
2024-09-18 15:32:42.116000,416.2014788908344,998
2024-09-18 15:32:42.229000,416.209341747821,97
2024-09-18 15:32:42.236000,416.2119997334057,1000
2024-09-18 15:32:42.339000,416.2173150318192,15
2024-09-18 15:32:42.392000,416.2018822255718,14
2024-09-18 15:32:42.538000,416.212028477885,105
2024-09-18 15:32:42.544000,416.2184357321965,6
2024-09-18 15:32:42.552000,416.24131616835314,97
2024-09-18 15:32:42.602000,416.1984439308546,9
2024-09-18 15:32:42.678000,416.2014708628389,100
2024-09-18 15:32:42.688000,416.2051287943872,100
2024-09-18 15:32:42.704000,416.2150496157477,998
2024-09-18 15:32:42.711000,416.2289449510998,12
2024-09-18 15:32:42.724000,416.231539653276,102
2024-09-18 15:32:42.728000,416.209611546442,15
2024-09-18 15:32:42.737000,416.22274994489055,5
2024-09-18 15:32:42.812000,416.2217867140844,997
2024-09-18 15:32:42.855000,416.20642654355686,1004
2024-09-18 15:32:42.868000,416.2385125125948,100
2024-09-18 15:32:42.929000,416.2363839085868,95
2024-09-18 15:32:42.963000,416.2004673639398,96
2024-09-18 15:32:43.005000,416.2873934771794,99
2024-09-18 15:32:43.031000,416.3098428909796,1004
2024-09-18 15:32:43.044000,416.2768700237004,997
2024-09-18 15:32:43.166000,416.30224459070206,104
2024-09-18 15:32:43.212000,416.2961521821517,98
2024-09-18 15:32:43.231000,416.2943864683958,1003
2024-09-18 15:32:43.331000,416.27000213103776,1005
2024-09-18 15:32:43.336000,416.2453088302608,999
2024-09-18 15:32:43.340000,416.27766218858426,8
2024-09-18 15:32:43.342000,416.28050208049245,1001
2024-09-18 15:32:43.371000,416.30239314492,8
2024-09-18 15:32:43.385000,410.3483149199913,1001
2024-09-18 15:32:43.402000,416.2741411868078,997
2024-09-18 15:32:43.435000,416.2688390983943,103
2024-09-18 15:32:43.452000,416.3148648755957,13
2024-09-18 15:32:43.557000,416.31804507840826,996
2024-09-18 15:32:43.583000,416.2677331191295,998
2024-09-18 15:32:43.682000,416.2459218776235,99
2024-09-18 15:32:43.691000,416.27635982195216,1005
2024-09-18 15:32:43.693000,416.3288589230932,7
2024-09-18 15:32:43.709000,416.2824853340746,99
2024-09-18 15:32:43.730000,416.3114594363273,14
2024-09-18 15:32:43.920000,416.2956489351332,98
2024-09-18 15:32:43.958000,416.3037873299005,995
2024-09-18 15:32:43.959000,416.2775570417846,1000
2024-09-18 15:32:43.966000,416.2580153116269,998
2024-09-18 15:32:43.999000,416.29952603771824,1004
2024-09-18 15:32:44.068000,416.2974364105675,1003
2024-09-18 15:32:44.089000,416.30006305359575,1005
2024-09-18 15:32:44.123000,416.2923575358979,95
2024-09-18 15:32:44.147000,416.30207832729394,1002
2024-09-18 15:32:44.176000,416.28219476462334,997
2024-09-18 15:32:44.247000,416.3153016687544,7
2024-09-18 15:32:44.254000,416.3027946438997,100
2024-09-18 15:32:44.333000,416.3124970119912,11
2024-09-18 15:32:44.420000,416.2902843027266,11
2024-09-18 15:32:44.517000,416.2941962808705,1002
2024-09-18 15:32:44.555000,416.2823984430793,98
2024-09-18 15:32:44.619000,416.3183513784488,997
2024-09-18 15:32:44.921000,416.29200268175344,99
2024-09-18 15:32:45.003000,416.2581861379868,996
2024-09-18 15:32:45.231000,416.2851131765163,95
2024-09-18 15:32:45.268000,416.2765552408226,15
2024-09-18 15:32:45.279000,416.2715425207911,1002
2024-09-18 15:32:45.442000,416.2810946293232,103
2024-09-18 15:32:45.580000,416.29262860520544,1005
2024-09-18 15:32:45.589000,416.2858106010338,6
2024-09-18 15:32:45.682000,416.2771330449966,1005
2024-09-18 15:32:46.229000,416.29499523951966,15
2024-09-18 15:32:46.266000,416.26843762395686,95
2024-09-18 15:32:46.304000,416.28693736450094,101
2024-09-18 15:32:46.495000,416.265287281539,10
2024-09-18 15:32:46.503000,416.25964623302247,996
2024-09-18 15:32:46.606000,416.2682211900531,8
2024-09-18 15:32:46.614000,416.3119113468938,97
2024-09-18 15:32:46.631000,416.3084595050851,10
2024-09-18 15:32:46.651000,416.2727669827148,5
2024-09-18 15:32:46.885000,416.29549988443785,104
2024-09-18 15:32:46.972000,416.2797178543392,9
2024-09-18 15:32:47.133000,416.32642162805297,9
2024-09-18 15:32:47.282000,416.3040116153833,14
2024-09-18 15:32:47.637000,416.2961255461525,5
2024-09-18 15:32:47.787000,416.3124361065118,1000
2024-09-18 15:32:47.983000,416.3234408191128,97
2024-09-18 15:32:48.016000,416.3248260457448,9
2024-09-18 15:32:48.206000,416.3497002363573,1001
2024-09-18 15:32:48.263000,416.33887701159847,1001
2024-09-18 15:32:48.294000,416.3214781024258,12
2024-09-18 15:32:48.306000,416.3500694180137,14
2024-09-18 15:32:48.351000,416.3452912575798,15
2024-09-18 15:32:48.396000,416.3472669761359,1005
2024-09-18 15:32:48.418000,416.35716153230936,1004
2024-09-18 15:32:48.426000,416.3125580980461,13
2024-09-18 15:32:48.447000,416.3234860587768,100
2024-09-18 15:32:48.572000,416.3068488893304,15
2024-09-18 15:32:48.585000,416.3403476534545,996
2024-09-18 15:32:48.730000,416.3256649493272,6
2024-09-18 15:32:48.760000,416.33581321102815,10
2024-09-18 15:32:48.775000,416.3373053210313,5
2024-09-18 15:32:48.806000,416.3435172374668,998
2024-09-18 15:32:48.920000,416.3554965922171,996
2024-09-18 15:32:48.941000,416.3586022029031,1001
2024-09-18 15:32:48.944000,416.3389091734208,998
2024-09-18 15:32:49.054000,416.37735311051154,97
2024-09-18 15:32:49.078000,416.4105018325719,1002
2024-09-18 15:32:49.116000,416.3827814018384,999
2024-09-18 15:32:49.175000,416.3996416993971,1002
2024-09-18 15:32:49.194000,416.39873921602174,997
2024-09-18 15:32:49.240000,416.3845661411332,98
2024-09-18 15:32:49.291000,416.38576808705534,99
2024-09-18 15:32:49.307000,416.4095406553746,997
2024-09-18 15:32:49.377000,416.3923929016058,101
2024-09-18 15:32:49.412000,416.4245752633378,996
2024-09-18 15:32:49.444000,416.38436586862906,14
2024-09-18 15:32:49.447000,416.391806675041,96
2024-09-18 15:32:49.458000,416.3889583339181,997
2024-09-18 15:32:49.498000,416.4041694176231,1004
2024-09-18 15:32:49.529000,416.411511311477,102
2024-09-18 15:32:49.550000,416.3830630735383,1005
2024-09-18 15:32:49.580000,416.3647692987393,997
2024-09-18 15:32:49.624000,416.3845306710514,7
2024-09-18 15:32:49.771000,416.38872322829593,5
2024-09-18 15:32:49.874000,416.3984103824753,99
2024-09-18 15:32:49.882000,416.3512680859305,101
2024-09-18 15:32:50.059000,416.5820095206346,15
2024-09-18 15:32:50.107000,416.41437940878194,5
2024-09-18 15:32:50.116000,416.4491288177011,103
2024-09-18 15:32:50.124000,416.5206091054691,100
2024-09-18 15:32:50.129000,416.5710169216767,14
2024-09-18 15:32:50.230000,416.5630570568913,1001
2024-09-18 15:32:50.234000,416.5046424498128,10
2024-09-18 15:32:50.317000,416.5619323438592,95
2024-09-18 15:32:50.338000,416.5771960159936,99
2024-09-18 15:32:50.467000,416.44497411557137,9
2024-09-18 15:32:50.535000,416.4273360866132,102
2024-09-18 15:32:50.582000,416.53776981622553,997
2024-09-18 15:32:50.609000,416.5762750105343,102
2024-09-18 15:32:50.621000,410.61625567744153,10
2024-09-18 15:32:50.659000,416.4049879369172,96
2024-09-18 15:32:50.661000,416.5766729162532,998
2024-09-18 15:32:50.673000,416.4781406607632,995
2024-09-18 15:32:50.677000,416.4900627317793,95
2024-09-18 15:32:50.719000,416.53071508439024,105
2024-09-18 15:32:50.727000,416.5760582625263,997
2024-09-18 15:32:50.771000,416.5493355215088,1001
2024-09-18 15:32:50.787000,410.6042485301343,1003
2024-09-18 15:32:50.799000,416.5759484141607,101
2024-09-18 15:32:50.813000,416.56681420143616,101
2024-09-18 15:32:50.836000,416.41535361635766,1001
2024-09-18 15:32:50.844000,416.4541750210946,10
2024-09-18 15:32:50.931000,416.5750311898955,100
2024-09-18 15:32:50.940000,416.4312357799502,9
2024-09-18 15:32:50.967000,416.5228015438269,101
2024-09-18 15:32:51.006000,416.5893176175267,998
2024-09-18 15:32:51.035000,416.5772275155866,1004
2024-09-18 15:32:51.048000,416.56307204045225,13
2024-09-18 15:32:51.147000,416.57543350081806,101
2024-09-18 15:32:51.170000,416.52926523668935,8
2024-09-18 15:32:51.256000,416.5490667393272,97
2024-09-18 15:32:51.328000,416.5363882673108,100
2024-09-18 15:32:51.383000,416.5670970648812,1003
2024-09-18 15:32:51.421000,416.5235942466912,10
2024-09-18 15:32:51.452000,416.5424346971996,96
2024-09-18 15:32:51.540000,416.5287739133411,1005
2024-09-18 15:32:51.576000,416.5269126904709,13
2024-09-18 15:32:51.578000,416.544602798831,998
2024-09-18 15:32:51.592000,416.5993452117877,97
2024-09-18 15:32:51.644000,416.5163845459887,102
2024-09-18 15:32:51.702000,416.5572204728752,998
2024-09-18 15:32:51.716000,416.5408582119866,995
2024-09-18 15:32:51.796000,416.5715002738946,105
2024-09-18 15:32:51.858000,416.5536043137876,1002
2024-09-18 15:32:51.881000,416.5649656297866,15
2024-09-18 15:32:51.889000,416.5592376169744,102
2024-09-18 15:32:51.976000,416.5711453837959,1003
2024-09-18 15:32:52.056000,416.5674428527669,8
2024-09-18 15:32:52.069000,416.5626292862051,13
2024-09-18 15:32:52.232000,416.52328499895526,99
2024-09-18 15:32:52.381000,416.56692481966553,1003
2024-09-18 15:32:52.389000,416.58427925761447,99
2024-09-18 15:32:52.427000,416.5728297481104,1005
2024-09-18 15:32:52.757000,416.5362621829818,101
2024-09-18 15:32:52.763000,416.555583097534,8
2024-09-18 15:32:52.878000,416.5545170659484,101
2024-09-18 15:32:52.988000,416.5663304285587,5
2024-09-18 15:32:53.010000,416.5376241215626,99
2024-09-18 15:32:53.065000,416.5290636063684,11
2024-09-18 15:32:53.080000,416.56627593216456,1002
2024-09-18 15:32:53.087000,416.5218405404295,95
2024-09-18 15:32:53.130000,416.5505249562845,999
2024-09-18 15:32:53.139000,416.51894249592135,96
2024-09-18 15:32:53.186000,416.531513432798,10
2024-09-18 15:32:53.226000,416.5272772920007,100
2024-09-18 15:32:53.264000,410.61775326842337,105
2024-09-18 15:32:53.373000,416.5410189044543,996
2024-09-18 15:32:53.479000,416.56725377739104,996
2024-09-18 15:32:53.515000,416.52656129418455,995
2024-09-18 15:32:53.554000,416.56422626478553,998
2024-09-18 15:32:53.588000,416.5714386063635,100
2024-09-18 15:32:53.660000,416.5511619550423,1001
2024-09-18 15:32:53.746000,416.54281142160175,6
2024-09-18 15:32:53.785000,416.5106949171104,6
2024-09-18 15:32:53.842000,416.53056279646063,97
2024-09-18 15:32:53.858000,416.55527633551645,96
2024-09-18 15:32:53.892000,416.51497790561166,96
2024-09-18 15:32:53.909000,416.5602595609916,100
2024-09-18 15:32:53.959000,416.5323156878985,97
2024-09-18 15:32:54.161000,416.4821034450237,7
2024-09-18 15:32:54.273000,416.535431321416,101
2024-09-18 15:32:54.278000,416.5341254999892,11
2024-09-18 15:32:54.392000,416.53344505610096,105
2024-09-18 15:32:54.396000,416.4945717215279,1003
2024-09-18 15:32:54.428000,416.5514798105235,14
2024-09-18 15:32:54.435000,416.4689164963349,1005
2024-09-18 15:32:54.461000,416.542630902996,10
2024-09-18 15:32:54.508000,416.5774831091208,9
2024-09-18 15:32:54.527000,416.5642352261905,14
2024-09-18 15:32:54.538000,416.5604390827892,103
2024-09-18 15:32:54.575000,416.5058970592018,99
2024-09-18 15:32:54.614000,416.4835603514096,996
2024-09-18 15:32:54.683000,416.47030471653113,8
2024-09-18 15:32:54.810000,416.51448731230136,99
2024-09-18 15:32:54.936000,416.5266427586111,12
2024-09-18 15:32:54.975000,416.5324960892053,1000
2024-09-18 15:32:55.097000,416.5951958903056,8
2024-09-18 15:32:55.191000,416.55153622229454,995
2024-09-18 15:32:55.438000,416.55842185677295,1004
2024-09-18 15:32:55.442000,416.5604508340833,14
2024-09-18 15:32:55.535000,416.5833992430258,10
2024-09-18 15:32:55.569000,410.52152887144047,996
2024-09-18 15:32:55.573000,416.5556692488975,997
2024-09-18 15:32:55.603000,416.5483775859519,995
2024-09-18 15:32:55.677000,416.5722460864699,995
2024-09-18 15:32:55.811000,416.5335196131653,99
2024-09-18 15:32:55.893000,416.5585813991938,1001
2024-09-18 15:32:56.040000,416.5575151932439,101
2024-09-18 15:32:56.094000,416.5838716168641,1002
2024-09-18 15:32:56.161000,416.5844805501086,97
2024-09-18 15:32:56.183000,416.5706819517503,999
2024-09-18 15:32:56.278000,416.56971963362014,9
2024-09-18 15:32:56.319000,416.544942005553,999
2024-09-18 15:32:56.359000,416.5810916104823,98
2024-09-18 15:32:56.413000,416.5822355095822,1000
2024-09-18 15:32:56.437000,416.5916868347164,5
2024-09-18 15:32:56.510000,416.5670970158018,10
2024-09-18 15:32:56.529000,416.5568948395924,7
2024-09-18 15:32:56.626000,416.57609040294295,5
2024-09-18 15:32:56.629000,416.54671807149526,995
2024-09-18 15:32:56.680000,416.5946435943309,12
2024-09-18 15:32:56.737000,416.5861484911847,97
2024-09-18 15:32:56.754000,416.5624871105712,15
2024-09-18 15:32:56.764000,416.5481639918976,996
2024-09-18 15:32:56.786000,416.5766383203126,997
2024-09-18 15:32:56.846000,416.5770596415848,101
2024-09-18 15:32:56.867000,416.5550079460096,1003
2024-09-18 15:32:56.991000,416.5776821676607,1003
2024-09-18 15:32:57.017000,416.6558905723775,11
2024-09-18 15:32:57.032000,416.69789407853847,995
2024-09-18 15:32:57.086000,416.6519657730568,98
2024-09-18 15:32:57.087000,416.6900015847318,101
2024-09-18 15:32:57.134000,416.6192860803743,1005
2024-09-18 15:32:57.148000,416.56830039424926,15
2024-09-18 15:32:57.184000,416.6773056767415,999
2024-09-18 15:32:57.217000,416.62106299959504,1001
2024-09-18 15:32:57.245000,416.7042770984179,997
2024-09-18 15:32:57.271000,416.5981412349808,1002
2024-09-18 15:32:57.382000,416.5963272359193,100
2024-09-18 15:32:57.398000,416.6769003057801,12
2024-09-18 15:32:57.400000,416.6275358663908,1005
2024-09-18 15:32:57.405000,416.69040594654496,102
2024-09-18 15:32:57.438000,416.68848890060633,13
2024-09-18 15:32:57.446000,416.5954906215363,97
2024-09-18 15:32:57.454000,416.6748240609713,5
2024-09-18 15:32:57.466000,416.7082263777003,12
2024-09-18 15:32:57.479000,416.5781910281639,5
2024-09-18 15:32:57.498000,416.6037085221943,100
2024-09-18 15:32:57.499000,416.68783017400096,103
2024-09-18 15:32:57.552000,416.595767428916,1004
2024-09-18 15:32:57.602000,416.6784893356304,96
2024-09-18 15:32:57.661000,416.5773878469554,1005
2024-09-18 15:32:57.680000,416.6332323445809,103
2024-09-18 15:32:57.707000,416.574033934936,14
2024-09-18 15:32:57.715000,416.6017486010177,996
2024-09-18 15:32:57.756000,416.6250635193141,1002
2024-09-18 15:32:57.971000,416.5783016311481,8
2024-09-18 15:32:58.006000,416.744738634623,5
2024-09-18 15:32:58.052000,416.72810122054057,998
2024-09-18 15:32:58.079000,416.7444926987936,103
2024-09-18 15:32:58.080000,416.729572477411,1003
2024-09-18 15:32:58.088000,416.7518140973256,1002
2024-09-18 15:32:58.224000,416.76313149867,102
2024-09-18 15:32:58.241000,416.71968482866896,96
2024-09-18 15:32:58.398000,416.789092475692,7
2024-09-18 15:32:58.416000,416.7629046612877,10
2024-09-18 15:32:58.452000,416.7571332315525,13
2024-09-18 15:32:58.471000,416.7395388191724,1003
2024-09-18 15:32:58.483000,416.7541230390624,105
2024-09-18 15:32:58.502000,416.75060808592593,1000
2024-09-18 15:32:58.515000,416.73678682542266,1002
2024-09-18 15:32:58.553000,416.712188242058,12
2024-09-18 15:32:58.602000,416.7495490241221,5
2024-09-18 15:32:58.659000,416.71107896616815,997
2024-09-18 15:32:58.689000,416.7250989342053,103
2024-09-18 15:32:58.819000,416.7335895353117,10
2024-09-18 15:32:58.830000,416.7781879558419,102
2024-09-18 15:32:58.852000,416.7392684336076,1001
2024-09-18 15:32:58.868000,416.745328255986,96
2024-09-18 15:32:58.956000,416.7735292160303,1003
2024-09-18 15:32:58.976000,416.7404188806764,98
2024-09-18 15:32:58.981000,416.73084273025273,8
2024-09-18 15:32:59.029000,416.7777277675628,95
2024-09-18 15:32:59.172000,416.7396487199491,13
2024-09-18 15:32:59.198000,416.7944008933967,105
2024-09-18 15:32:59.287000,416.7614024386377,1004
2024-09-18 15:32:59.384000,416.7866490570166,5
2024-09-18 15:32:59.388000,416.759081732132,1004
2024-09-18 15:32:59.397000,416.7314891654122,96
2024-09-18 15:32:59.404000,416.7426631258024,12
2024-09-18 15:32:59.443000,416.7713088533628,105
2024-09-18 15:32:59.448000,416.7528998546911,97
2024-09-18 15:32:59.467000,416.7545206076288,10
2024-09-18 15:32:59.500000,416.7711342912248,100
2024-09-18 15:32:59.522000,416.7357548214734,10
2024-09-18 15:32:59.658000,416.7802346116344,11
2024-09-18 15:32:59.659000,416.7479355830684,1004
2024-09-18 15:32:59.715000,416.7697683255487,14
2024-09-18 15:32:59.862000,416.7860850051404,100
2024-09-18 15:32:59.917000,416.7437716113701,99
2024-09-18 15:32:59.971000,416.7850237427933,1004
2024-09-18 15:32:59.997000,416.7439163897439,104
