Timestamp,Price,Size
2024-09-19 11:13:00.116000,420.4471573255673,1000
2024-09-19 11:13:00.150000,420.5015601634367,5
2024-09-19 11:13:00.156000,420.4831949389708,1002
2024-09-19 11:13:00.211000,420.5044443560989,1003
2024-09-19 11:13:00.213000,420.4980028659344,6
2024-09-19 11:13:00.224000,420.4800269818453,7
2024-09-19 11:13:00.282000,420.5044999842604,1005
2024-09-19 11:13:00.307000,420.4575880948994,13
2024-09-19 11:13:00.322000,420.4660054923899,98
2024-09-19 11:13:00.434000,420.4781101173288,7
2024-09-19 11:13:00.469000,420.4904487844765,998
2024-09-19 11:13:00.483000,420.4980728637944,98
2024-09-19 11:13:00.500000,420.48590862219146,1004
2024-09-19 11:13:00.552000,420.4612150637603,10
2024-09-19 11:13:00.584000,420.4482295357497,13
2024-09-19 11:13:00.620000,420.47912730297145,1002
2024-09-19 11:13:00.731000,420.47942518582056,1002
2024-09-19 11:13:00.846000,420.46701129953846,1005
2024-09-19 11:13:00.853000,420.48516993052107,998
2024-09-19 11:13:00.890000,420.474493524095,15
2024-09-19 11:13:00.978000,420.473646087945,8
2024-09-19 11:13:00.993000,420.4728927311932,97
2024-09-19 11:13:01.009000,420.5040481931596,1000
2024-09-19 11:13:01.019000,420.4357842850847,102
2024-09-19 11:13:01.104000,420.5031671698607,15
2024-09-19 11:13:01.127000,420.4545784112532,98
2024-09-19 11:13:01.142000,420.5177915599136,13
2024-09-19 11:13:01.190000,420.46251479356727,102
2024-09-19 11:13:01.230000,420.4858992960768,101
2024-09-19 11:13:01.248000,420.4410758824205,102
2024-09-19 11:13:01.257000,420.5078474088493,102
2024-09-19 11:13:01.356000,420.4940922399514,1000
2024-09-19 11:13:01.397000,420.49442374389207,103
2024-09-19 11:13:01.402000,420.49516502489,5
2024-09-19 11:13:01.441000,420.474031973624,105
2024-09-19 11:13:01.482000,420.4451209558857,999
2024-09-19 11:13:01.483000,420.4977073549537,98
2024-09-19 11:13:01.490000,420.49323945418615,9
2024-09-19 11:13:01.516000,420.4489312998314,105
2024-09-19 11:13:01.542000,420.52124405798617,5
2024-09-19 11:13:01.718000,420.4842633583942,1000
2024-09-19 11:13:01.756000,420.46696652299937,998
2024-09-19 11:13:01.788000,420.446950907514,9
2024-09-19 11:13:01.847000,420.4423044846225,103
2024-09-19 11:13:01.867000,420.4304259046312,995
2024-09-19 11:13:01.881000,420.5044443790137,101
2024-09-19 11:13:01.883000,420.4945108443183,1005
2024-09-19 11:13:01.912000,420.48003723139306,100
2024-09-19 11:13:01.940000,420.4790128683487,15
2024-09-19 11:13:01.963000,420.46616958235006,1004
2024-09-19 11:13:01.992000,420.4523338827182,95
2024-09-19 11:13:01.997000,420.48860593675096,995
2024-09-19 11:13:02.073000,420.4395407473146,6
2024-09-19 11:13:02.145000,420.4867591755016,997
2024-09-19 11:13:02.147000,420.4494305086676,1005
2024-09-19 11:13:02.191000,420.4818689731275,6
2024-09-19 11:13:02.267000,420.487434976161,100
2024-09-19 11:13:02.308000,420.4614501479342,1001
2024-09-19 11:13:02.332000,420.5013601294716,14
2024-09-19 11:13:02.349000,420.4457976667488,105
2024-09-19 11:13:02.443000,420.4842483346175,105
2024-09-19 11:13:02.570000,420.4957010270575,102
2024-09-19 11:13:02.573000,420.4821451346686,11
2024-09-19 11:13:02.626000,420.5119046582466,101
2024-09-19 11:13:02.632000,420.4884436519283,105
2024-09-19 11:13:02.701000,420.479172173322,11
2024-09-19 11:13:02.712000,420.4679280996841,1000
2024-09-19 11:13:02.743000,420.4393046299773,1001
2024-09-19 11:13:02.752000,420.4385321413691,96
2024-09-19 11:13:02.830000,420.462194896536,1002
2024-09-19 11:13:02.863000,420.43766042002176,103
2024-09-19 11:13:02.884000,420.4617432834423,104
2024-09-19 11:13:02.888000,420.5069414697737,7
2024-09-19 11:13:02.940000,420.4772934868622,104
2024-09-19 11:13:02.984000,420.44211649417576,11
2024-09-19 11:13:03.032000,420.5404509793044,1004
2024-09-19 11:13:03.032000,420.4984024783947,13
2024-09-19 11:13:03.048000,420.50159246823625,105
2024-09-19 11:13:03.067000,420.5234271505348,104
2024-09-19 11:13:03.089000,420.53103732592814,102
2024-09-19 11:13:03.136000,420.4781276769122,98
2024-09-19 11:13:03.154000,420.5169129545707,99
2024-09-19 11:13:03.172000,420.5079536666244,995
2024-09-19 11:13:03.172000,420.5351648585505,15
2024-09-19 11:13:03.216000,420.49577715495167,10
2024-09-19 11:13:03.228000,420.52435066860687,104
2024-09-19 11:13:03.252000,420.54436418660873,10
2024-09-19 11:13:03.296000,420.53580483256593,1000
2024-09-19 11:13:03.375000,420.5069654212016,14
2024-09-19 11:13:03.417000,420.4779593635693,15
2024-09-19 11:13:03.420000,420.5203892691267,14
2024-09-19 11:13:03.457000,420.45994745380966,1003
2024-09-19 11:13:03.490000,420.5178479425939,1005
2024-09-19 11:13:03.536000,420.5265136520183,13
2024-09-19 11:13:03.577000,420.52360086247296,99
2024-09-19 11:13:03.658000,420.5156179162049,101
2024-09-19 11:13:03.718000,420.520233763425,6
2024-09-19 11:13:03.735000,420.4835262088176,102
2024-09-19 11:13:03.812000,420.479496258229,1005
2024-09-19 11:13:03.822000,420.4658133665187,8
2024-09-19 11:13:03.871000,420.4753697775661,12
2024-09-19 11:13:03.923000,420.50810705087696,997
2024-09-19 11:13:04.206000,420.5177190074487,1005
2024-09-19 11:13:04.388000,420.5171398136959,100
2024-09-19 11:13:04.392000,420.5150276073654,1001
2024-09-19 11:13:04.425000,420.54818640404005,1004
2024-09-19 11:13:04.473000,420.5341420883561,100
2024-09-19 11:13:04.578000,420.5388726727704,1005
2024-09-19 11:13:04.783000,420.5161365961823,103
2024-09-19 11:13:05.075000,420.4660985925006,15
2024-09-19 11:13:05.095000,420.53633519026175,995
2024-09-19 11:13:05.180000,420.5977151276102,99
2024-09-19 11:13:05.181000,420.51271843132565,104
2024-09-19 11:13:05.198000,420.5751753917773,1004
2024-09-19 11:13:05.237000,420.5720984976369,996
2024-09-19 11:13:05.237000,420.58153859063407,1000
2024-09-19 11:13:05.247000,420.48152678851386,103
2024-09-19 11:13:05.264000,420.5497076567825,7
2024-09-19 11:13:05.451000,420.5747734346757,96
2024-09-19 11:13:05.509000,420.5600672349573,102
2024-09-19 11:13:05.647000,420.58473476141216,998
2024-09-19 11:13:05.752000,420.5838399120853,14
2024-09-19 11:13:05.801000,420.4579018785576,98
2024-09-19 11:13:05.869000,420.567125329012,1002
2024-09-19 11:13:05.886000,420.51850855774114,13
2024-09-19 11:13:05.902000,420.49482180278136,1001
2024-09-19 11:13:05.973000,420.5155474267133,5
2024-09-19 11:13:05.981000,420.4988082546242,102
2024-09-19 11:13:06.186000,420.4906969594822,14
2024-09-19 11:13:06.202000,420.5006725558137,12
2024-09-19 11:13:06.251000,420.4774817254642,996
2024-09-19 11:13:06.281000,420.4682205924028,14
2024-09-19 11:13:06.307000,420.4762624756746,998
2024-09-19 11:13:06.402000,420.49340649588686,96
2024-09-19 11:13:06.407000,420.5044438950516,995
2024-09-19 11:13:06.451000,420.46641231322144,5
2024-09-19 11:13:06.532000,420.49271164203327,6
2024-09-19 11:13:06.632000,420.48556940905786,98
2024-09-19 11:13:06.702000,420.5289825419032,104
2024-09-19 11:13:06.703000,420.5312400053934,15
2024-09-19 11:13:06.715000,420.51469423519234,5
2024-09-19 11:13:06.799000,420.5180846692217,1004
2024-09-19 11:13:06.844000,420.5199819333044,1002
2024-09-19 11:13:06.917000,420.5257997211036,996
2024-09-19 11:13:07.041000,420.5074352251731,1002
2024-09-19 11:13:07.138000,420.539756825096,105
2024-09-19 11:13:07.227000,420.5211883648922,7
2024-09-19 11:13:07.402000,420.5268696532177,102
2024-09-19 11:13:07.456000,420.5625878283625,102
2024-09-19 11:13:07.471000,420.5328608729994,105
2024-09-19 11:13:07.596000,420.5206911841571,10
2024-09-19 11:13:07.652000,420.52810318160687,1005
2024-09-19 11:13:07.671000,420.5020590177108,1001
2024-09-19 11:13:07.748000,420.5248056839501,8
2024-09-19 11:13:07.849000,420.5211322952561,105
2024-09-19 11:13:07.875000,420.5258462416465,98
2024-09-19 11:13:07.876000,420.5240304143052,14
2024-09-19 11:13:07.957000,420.50182375114014,10
2024-09-19 11:13:07.986000,420.5430905629833,999
2024-09-19 11:13:08.010000,420.54549070028537,97
2024-09-19 11:13:08.057000,420.5490779646412,97
2024-09-19 11:13:08.156000,420.5302726801866,99
2024-09-19 11:13:08.189000,420.54363968593486,103
2024-09-19 11:13:08.215000,420.53347731441175,14
2024-09-19 11:13:08.218000,420.53638216626064,1000
2024-09-19 11:13:08.248000,420.5500187856648,95
2024-09-19 11:13:08.267000,420.54898695947816,7
2024-09-19 11:13:08.304000,420.5614742404738,15
2024-09-19 11:13:08.322000,420.5450925342026,12
2024-09-19 11:13:08.323000,420.5523901192852,1005
2024-09-19 11:13:08.361000,420.5565757227772,97
2024-09-19 11:13:08.396000,420.5536534809441,15
2024-09-19 11:13:08.443000,420.5462884009394,9
2024-09-19 11:13:08.719000,420.552564118626,1002
2024-09-19 11:13:08.770000,420.53653553134063,1001
2024-09-19 11:13:08.825000,420.5542069323823,995
2024-09-19 11:13:08.856000,420.55143095908943,1000
2024-09-19 11:13:08.864000,420.5553644523048,103
2024-09-19 11:13:08.886000,420.563669075914,101
2024-09-19 11:13:08.930000,420.55169646308855,8
2024-09-19 11:13:08.940000,420.5387062549027,15
2024-09-19 11:13:08.997000,420.55306527156216,995
2024-09-19 11:13:09.039000,420.6340633663495,105
2024-09-19 11:13:09.073000,420.6218433162578,1000
2024-09-19 11:13:09.134000,420.5664155373,10
2024-09-19 11:13:09.137000,420.5627242561726,11
2024-09-19 11:13:09.226000,420.5710326388065,95
2024-09-19 11:13:09.250000,420.5450199174063,1005
2024-09-19 11:13:09.257000,420.6199470908674,995
2024-09-19 11:13:09.259000,420.5607115913519,996
2024-09-19 11:13:09.271000,420.6042994292736,13
2024-09-19 11:13:09.294000,420.6130782277007,100
2024-09-19 11:13:09.320000,420.5773778293404,9
2024-09-19 11:13:09.511000,420.5321474661472,98
2024-09-19 11:13:09.555000,420.5627899484423,104
2024-09-19 11:13:09.567000,420.5544685891007,999
2024-09-19 11:13:09.723000,420.6296142581443,97
2024-09-19 11:13:09.723000,420.61070929454735,1005
2024-09-19 11:13:09.840000,420.6282002687853,100
2024-09-19 11:13:09.863000,420.5671782228198,1002
2024-09-19 11:13:09.941000,420.5677284665796,6
2024-09-19 11:13:09.980000,420.5964304421257,1003
2024-09-19 11:13:10,420.5410804433866,1001
2024-09-19 11:13:10.072000,420.5226422898123,1004
2024-09-19 11:13:10.140000,420.5127756726002,97
2024-09-19 11:13:10.143000,420.57708061716,5
2024-09-19 11:13:10.244000,420.5307765450111,14
2024-09-19 11:13:10.293000,420.5158102973579,1004
2024-09-19 11:13:10.374000,420.50495664760166,1002
2024-09-19 11:13:10.576000,420.5073533135008,103
2024-09-19 11:13:10.731000,420.5215927983212,6
2024-09-19 11:13:10.771000,420.5216876188286,97
2024-09-19 11:13:10.830000,420.549461822542,8
2024-09-19 11:13:10.879000,420.4772790274764,999
2024-09-19 11:13:10.956000,420.5269662991137,98
2024-09-19 11:13:10.993000,420.5303534862471,1000
2024-09-19 11:13:11.010000,420.4952274323809,1004
2024-09-19 11:13:11.027000,420.4664447121997,8
2024-09-19 11:13:11.217000,420.4954490688984,103
2024-09-19 11:13:11.252000,420.4996830840725,5
2024-09-19 11:13:11.273000,420.4893478064988,12
2024-09-19 11:13:11.282000,420.5096299045435,98
2024-09-19 11:13:11.398000,420.4847998047364,7
2024-09-19 11:13:11.527000,420.4882146954704,6
2024-09-19 11:13:11.568000,420.4626498146452,13
2024-09-19 11:13:11.605000,420.4814066444884,98
2024-09-19 11:13:11.627000,420.45836832862994,1001
2024-09-19 11:13:11.632000,420.4509815875262,6
2024-09-19 11:13:11.676000,420.4776135476072,6
2024-09-19 11:13:11.680000,420.4918905354273,104
2024-09-19 11:13:11.683000,420.5208655868105,97
2024-09-19 11:13:11.691000,420.48436364311993,996
2024-09-19 11:13:11.717000,420.45403822000833,105
2024-09-19 11:13:11.792000,420.4786577089712,5
2024-09-19 11:13:11.796000,420.4672431241049,9
2024-09-19 11:13:11.888000,420.5130519745863,99
2024-09-19 11:13:11.916000,420.4897315254877,1000
2024-09-19 11:13:11.927000,420.4975402108364,1004
2024-09-19 11:13:11.945000,420.44007251504985,15
2024-09-19 11:13:11.976000,420.50671818723816,98
2024-09-19 11:13:11.990000,420.4960641975396,996
2024-09-19 11:13:12.008000,420.4843016586461,12
2024-09-19 11:13:12.131000,420.50751665507744,99
2024-09-19 11:13:12.163000,420.5069039590799,7
2024-09-19 11:13:12.284000,420.4854173997616,8
2024-09-19 11:13:12.299000,420.4736679414008,995
2024-09-19 11:13:12.318000,420.4829057909637,996
2024-09-19 11:13:12.344000,420.5018615162653,96
2024-09-19 11:13:12.402000,420.5042890048952,1000
2024-09-19 11:13:12.564000,420.4857351919802,7
2024-09-19 11:13:12.594000,420.4646236316805,105
2024-09-19 11:13:12.676000,420.4960863623711,1000
2024-09-19 11:13:12.689000,420.50339861437874,15
2024-09-19 11:13:12.707000,420.4928921636921,1000
2024-09-19 11:13:12.729000,420.517127327428,1003
2024-09-19 11:13:12.753000,420.4915147585745,5
2024-09-19 11:13:12.816000,420.50922223676434,7
2024-09-19 11:13:12.827000,420.4750781703716,14
2024-09-19 11:13:12.883000,420.4906119994633,1004
2024-09-19 11:13:12.888000,420.4873178346834,999
2024-09-19 11:13:12.903000,420.5286627760752,99
2024-09-19 11:13:12.936000,420.5243650190476,998
2024-09-19 11:13:12.989000,420.5032498975837,95
2024-09-19 11:13:12.990000,420.498576812114,15
2024-09-19 11:13:14.618000,420.4983021019495,104
2024-09-19 11:13:15.078000,420.5279825359715,96
2024-09-19 11:13:15.100000,420.506381780093,998
2024-09-19 11:13:15.127000,420.51848165696254,12
2024-09-19 11:13:15.140000,420.4905448353238,10
2024-09-19 11:13:15.183000,420.517535681455,95
2024-09-19 11:13:15.198000,420.481318378412,95
2024-09-19 11:13:15.214000,420.4852156775963,999
2024-09-19 11:13:15.352000,420.4949869148561,97
2024-09-19 11:13:15.370000,420.5025627454061,97
2024-09-19 11:13:15.540000,420.501345373764,1002
2024-09-19 11:13:15.545000,420.5000544328843,97
2024-09-19 11:13:15.612000,420.52930384762345,1001
2024-09-19 11:13:15.697000,420.4861086620929,100
2024-09-19 11:13:15.701000,420.5211236612649,1000
2024-09-19 11:13:15.846000,420.5079991263512,98
2024-09-19 11:13:15.907000,420.50236001101285,1001
2024-09-19 11:13:15.907000,420.50655402445966,997
2024-09-19 11:13:15.968000,420.51567832662727,997
2024-09-19 11:13:16.072000,420.5586417039627,6
2024-09-19 11:13:16.078000,420.52256189375447,11
2024-09-19 11:13:16.103000,420.55282729616766,13
2024-09-19 11:13:16.111000,420.5303309456816,10
2024-09-19 11:13:16.575000,420.5810683034924,997
2024-09-19 11:13:16.629000,420.5372360087797,15
2024-09-19 11:13:16.690000,420.5320295313572,102
2024-09-19 11:13:16.826000,420.5536009700349,8
2024-09-19 11:13:16.973000,420.53725506584647,104
2024-09-19 11:13:17.010000,420.52213738507766,999
2024-09-19 11:13:17.040000,420.5353733248993,995
2024-09-19 11:13:17.080000,420.5092195047484,995
2024-09-19 11:13:17.122000,420.5118988157458,96
2024-09-19 11:13:17.190000,420.51517238841024,998
2024-09-19 11:13:17.295000,420.5087305964339,5
2024-09-19 11:13:17.309000,420.5212327726442,11
2024-09-19 11:13:17.344000,420.5178026387432,1000
2024-09-19 11:13:17.347000,420.51879354939126,98
2024-09-19 11:13:17.365000,420.5222903517102,7
2024-09-19 11:13:17.488000,420.5376400413468,15
2024-09-19 11:13:17.558000,420.5232519793749,998
2024-09-19 11:13:17.583000,420.5155589042587,105
2024-09-19 11:13:17.623000,420.5212768617701,996
2024-09-19 11:13:17.636000,420.5168748322824,7
2024-09-19 11:13:17.654000,420.5143897789844,97
2024-09-19 11:13:17.659000,420.5371938708539,97
2024-09-19 11:13:17.662000,420.5356264587824,13
2024-09-19 11:13:17.679000,420.5250335004429,1001
2024-09-19 11:13:17.727000,420.5444921571233,15
2024-09-19 11:13:17.830000,420.4720487041458,97
2024-09-19 11:13:17.838000,420.51623357325536,995
2024-09-19 11:13:17.853000,420.54373825495566,6
2024-09-19 11:13:17.877000,420.51280909154536,995
2024-09-19 11:13:17.894000,420.5291054993423,998
2024-09-19 11:13:18.170000,420.52159378246665,95
2024-09-19 11:13:18.219000,420.5559636698711,13
2024-09-19 11:13:18.245000,420.4991779193707,10
2024-09-19 11:13:18.347000,420.50702165172254,14
2024-09-19 11:13:18.434000,420.5187635292479,7
2024-09-19 11:13:18.483000,420.51105163497976,12
2024-09-19 11:13:18.666000,420.5001538591824,5
2024-09-19 11:13:18.755000,420.5359684534076,97
2024-09-19 11:13:18.811000,420.5186340215066,99
2024-09-19 11:13:18.858000,420.510724204684,8
2024-09-19 11:13:18.888000,420.5097004103091,13
2024-09-19 11:13:18.891000,420.5166886566354,104
2024-09-19 11:13:18.928000,420.522697482229,101
2024-09-19 11:13:18.937000,420.4987759006642,11
2024-09-19 11:13:18.994000,420.5147246087003,103
2024-09-19 11:13:19.170000,420.4830974102624,10
2024-09-19 11:13:19.216000,420.51200221630137,6
2024-09-19 11:13:19.218000,420.4745804463208,98
2024-09-19 11:13:19.298000,420.4874614851569,7
2024-09-19 11:13:19.302000,420.4764547031369,997
2024-09-19 11:13:19.321000,420.50997790188734,7
2024-09-19 11:13:19.429000,420.46157841724926,8
2024-09-19 11:13:19.498000,420.5115539601306,10
2024-09-19 11:13:19.525000,420.45998228669663,12
2024-09-19 11:13:19.537000,420.4803656316093,999
2024-09-19 11:13:19.571000,420.5171757348836,996
2024-09-19 11:13:19.579000,420.4618402945668,14
2024-09-19 11:13:19.599000,420.5184233526226,1001
2024-09-19 11:13:19.606000,420.4832501800244,996
2024-09-19 11:13:19.683000,420.4908808055402,1004
2024-09-19 11:13:19.709000,420.4862083032904,5
2024-09-19 11:13:19.808000,420.5106609194025,9
2024-09-19 11:13:19.839000,420.5076626497415,95
2024-09-19 11:13:19.893000,420.4946269761631,96
2024-09-19 11:13:19.911000,420.5087393061585,9
2024-09-19 11:13:19.935000,420.4747579637359,1000
2024-09-19 11:13:19.964000,420.51156164292667,999
2024-09-19 11:13:20.249000,420.4783470741951,9
2024-09-19 11:13:20.440000,420.4845367154126,1001
2024-09-19 11:13:20.655000,420.4892050522743,6
2024-09-19 11:13:21.242000,420.4830039855493,1002
2024-09-19 11:13:21.279000,420.481286300698,14
2024-09-19 11:13:21.316000,420.5188328741676,1000
2024-09-19 11:13:21.452000,420.4948485078584,998
2024-09-19 11:13:21.486000,420.4984362797143,995
2024-09-19 11:13:21.776000,420.4756426336001,1004
2024-09-19 11:13:21.951000,420.5041017281642,8
2024-09-19 11:13:22.131000,420.5072585704216,98
2024-09-19 11:13:22.209000,420.5010955716684,102
2024-09-19 11:13:22.260000,420.50036408406544,1004
2024-09-19 11:13:22.269000,420.50055736998775,97
2024-09-19 11:13:22.275000,420.5158706381032,13
2024-09-19 11:13:22.401000,420.5201257060629,11
2024-09-19 11:13:22.480000,420.5134111692942,96
2024-09-19 11:13:22.609000,420.5257579823759,103
2024-09-19 11:13:22.610000,420.52099973844776,105
2024-09-19 11:13:22.694000,420.5100834595446,1004
2024-09-19 11:13:22.714000,420.5300797855416,98
2024-09-19 11:13:22.750000,420.4945333323951,1004
2024-09-19 11:13:22.958000,420.5119257229156,97
2024-09-19 11:13:23.002000,420.48023018131386,6
2024-09-19 11:13:23.024000,420.4602718788078,14
2024-09-19 11:13:23.225000,420.48895277829655,9
2024-09-19 11:13:23.859000,420.46269845737146,1004
2024-09-19 11:13:23.905000,420.4675533678389,13
2024-09-19 11:13:23.979000,420.4619665633319,96
2024-09-19 11:13:24.128000,420.43054411431206,101
2024-09-19 11:13:24.571000,420.4386755601551,103
2024-09-19 11:13:24.890000,420.427122506577,8
2024-09-19 11:13:24.982000,420.44137732161295,996
2024-09-19 11:13:25.076000,420.38923188415646,1001
2024-09-19 11:13:25.079000,420.3869080003296,1005
2024-09-19 11:13:25.092000,420.3725757672614,998
2024-09-19 11:13:25.156000,420.38478063448775,997
2024-09-19 11:13:25.319000,420.3786949850446,1002
2024-09-19 11:13:25.323000,420.4057234520868,102
2024-09-19 11:13:25.324000,420.375188665944,5
2024-09-19 11:13:25.387000,420.3780808000999,15
2024-09-19 11:13:25.400000,420.3777983176233,1003
2024-09-19 11:13:25.443000,420.38898674729097,11
2024-09-19 11:13:25.543000,420.4136845490356,12
2024-09-19 11:13:25.571000,420.3646548552155,1001
2024-09-19 11:13:25.676000,420.3660985332196,102
2024-09-19 11:13:25.711000,420.3783296248105,96
2024-09-19 11:13:25.714000,420.4297081468527,10
2024-09-19 11:13:25.797000,420.3838954957741,12
2024-09-19 11:13:25.810000,420.3919308919323,1005
2024-09-19 11:13:25.813000,420.3700869798748,105
2024-09-19 11:13:25.835000,420.36978874865,7
2024-09-19 11:13:25.893000,420.3792751508823,102
2024-09-19 11:13:25.905000,420.4502567020982,8
2024-09-19 11:13:25.955000,420.42086525145976,11
2024-09-19 11:13:26.346000,420.370338345222,1004
2024-09-19 11:13:26.448000,420.3719916574112,102
2024-09-19 11:13:26.587000,420.3468648437813,11
2024-09-19 11:13:26.617000,420.352992531645,6
2024-09-19 11:13:26.925000,420.3537699477055,105
2024-09-19 11:13:26.935000,420.3631322117623,96
2024-09-19 11:13:26.964000,420.362930185729,101
2024-09-19 11:13:27.170000,420.3603316238904,99
2024-09-19 11:13:27.670000,420.37228183396,102
2024-09-19 11:13:28.735000,420.3892931134433,15
2024-09-19 11:13:29.078000,420.3780867268983,100
2024-09-19 11:13:29.082000,420.38465353274296,5
2024-09-19 11:13:29.101000,420.4091014165739,104
2024-09-19 11:13:29.107000,420.40045085076775,96
2024-09-19 11:13:29.151000,420.39083679489687,98
2024-09-19 11:13:29.233000,420.3783954050968,1003
2024-09-19 11:13:29.428000,420.4143584057612,96
2024-09-19 11:13:29.512000,420.39700606247897,13
2024-09-19 11:13:29.571000,420.4156124872276,995
2024-09-19 11:13:29.625000,420.4089573040674,997
2024-09-19 11:13:29.667000,420.4058481235302,11
2024-09-19 11:13:29.789000,420.3771827145519,6
2024-09-19 11:13:29.861000,420.3880920088617,98
2024-09-19 11:13:29.891000,420.3885324547726,8
2024-09-19 11:13:29.923000,420.4079289681169,1001
2024-09-19 11:13:29.935000,420.3951716532624,100
2024-09-19 11:13:29.939000,420.3854529699741,6
2024-09-19 11:13:30.615000,420.4497601015837,995
2024-09-19 11:13:30.763000,420.4670820330248,95
2024-09-19 11:13:30.858000,420.4534890798219,15
2024-09-19 11:13:31.043000,420.40923309127567,12
2024-09-19 11:13:31.055000,420.39327398512575,97
2024-09-19 11:13:31.088000,420.42138192353633,6
2024-09-19 11:13:31.156000,420.4616047647091,995
2024-09-19 11:13:31.257000,420.4718667067699,13
2024-09-19 11:13:31.320000,420.44238763485936,997
2024-09-19 11:13:31.330000,420.4484571268554,96
2024-09-19 11:13:31.392000,420.4298093662536,1003
2024-09-19 11:13:31.418000,420.4568446559396,997
2024-09-19 11:13:31.442000,420.4194295772034,96
2024-09-19 11:13:31.464000,420.4387816202485,1000
2024-09-19 11:13:31.487000,420.4055241377184,15
2024-09-19 11:13:31.512000,420.4349279254847,98
2024-09-19 11:13:31.528000,420.412384801319,9
2024-09-19 11:13:31.698000,420.405976785187,997
2024-09-19 11:13:31.700000,420.4637159556264,995
2024-09-19 11:13:31.702000,420.4293122578717,8
2024-09-19 11:13:31.786000,420.44366395317417,1004
2024-09-19 11:13:31.795000,420.4321501420224,1004
2024-09-19 11:13:31.812000,420.4076374039975,1004
2024-09-19 11:13:31.853000,420.46177040502863,996
2024-09-19 11:13:31.909000,420.38296529584,102
2024-09-19 11:13:31.964000,420.4483230703904,104
2024-09-19 11:13:31.971000,420.43394940585466,9
2024-09-19 11:13:31.984000,420.4065219405455,1003
2024-09-19 11:13:31.988000,420.4232793872572,1003
2024-09-19 11:13:32.168000,420.46635685554224,1001
2024-09-19 11:13:32.612000,420.45360941706855,97
2024-09-19 11:13:32.790000,420.4581322269132,1005
2024-09-19 11:13:33.009000,420.4520465364681,12
2024-09-19 11:13:33.288000,420.47531633870034,96
2024-09-19 11:13:33.389000,420.4886540866047,98
2024-09-19 11:13:33.468000,420.4663025203546,11
2024-09-19 11:13:33.587000,420.47227531715527,995
2024-09-19 11:13:33.600000,420.4320362956404,105
2024-09-19 11:13:33.670000,420.401867053897,996
2024-09-19 11:13:33.670000,420.4856630070641,996
2024-09-19 11:13:33.685000,420.4617055391578,995
2024-09-19 11:13:33.707000,420.4926726572977,5
2024-09-19 11:13:33.779000,420.4568925698945,6
2024-09-19 11:13:33.779000,420.45557085636,104
2024-09-19 11:13:33.791000,420.47362467578967,997
2024-09-19 11:13:33.910000,420.4989717123091,15
2024-09-19 11:13:34.077000,420.47206533938,8
2024-09-19 11:13:34.092000,420.4636815127652,104
2024-09-19 11:13:34.121000,420.4599188019228,5
2024-09-19 11:13:34.172000,420.4383821681518,103
2024-09-19 11:13:34.179000,420.4452141874765,105
2024-09-19 11:13:34.200000,420.4668039935024,1001
2024-09-19 11:13:34.207000,420.46456148732335,1000
2024-09-19 11:13:34.249000,420.4172951837956,96
2024-09-19 11:13:34.253000,420.4614114297621,98
2024-09-19 11:13:34.293000,420.4687371812409,105
2024-09-19 11:13:34.322000,420.4364677213376,104
2024-09-19 11:13:34.415000,420.4393778383434,15
2024-09-19 11:13:34.436000,420.44810446479454,103
2024-09-19 11:13:34.437000,420.4621114047024,998
2024-09-19 11:13:34.464000,420.4761284873292,997
2024-09-19 11:13:34.517000,420.4532486994556,995
2024-09-19 11:13:34.600000,420.4368213215396,14
2024-09-19 11:13:34.623000,420.4457455482417,12
2024-09-19 11:13:34.657000,420.4063178852936,105
2024-09-19 11:13:34.688000,420.4379340804501,102
2024-09-19 11:13:34.690000,420.4395421714818,12
2024-09-19 11:13:34.726000,420.4462218833367,100
2024-09-19 11:13:34.744000,420.4537888904485,14
2024-09-19 11:13:34.849000,420.4666104756091,99
2024-09-19 11:13:34.892000,420.4761716878743,1004
2024-09-19 11:13:34.894000,420.45255775282135,99
2024-09-19 11:13:34.926000,420.42079703359735,99
2024-09-19 11:13:34.941000,420.43732064890594,12
2024-09-19 11:13:34.965000,420.44691855696846,5
2024-09-19 11:13:35.134000,420.445265466396,6
2024-09-19 11:13:35.222000,420.5000626983772,1000
2024-09-19 11:13:35.265000,420.48653104615255,1001
2024-09-19 11:13:35.360000,420.4570783597756,5
2024-09-19 11:13:35.515000,420.4520491581836,99
2024-09-19 11:13:35.533000,420.46305630878686,1002
2024-09-19 11:13:35.553000,420.4750879808828,1004
2024-09-19 11:13:35.667000,420.4721798449941,104
2024-09-19 11:13:35.789000,420.4913713867643,101
2024-09-19 11:13:35.870000,420.4636446828976,1002
2024-09-19 11:13:35.930000,420.4486190805118,10
2024-09-19 11:13:35.968000,420.4555939567216,96
2024-09-19 11:13:35.972000,420.44420126135657,1000
2024-09-19 11:13:35.980000,420.478747364831,999
2024-09-19 11:13:36.042000,420.4006911207615,15
2024-09-19 11:13:36.057000,420.3451253760009,10
2024-09-19 11:13:36.076000,420.3372916418438,105
2024-09-19 11:13:36.229000,420.4244617145061,5
2024-09-19 11:13:36.246000,420.46828955851305,8
2024-09-19 11:13:36.295000,420.44158260026,1001
2024-09-19 11:13:36.327000,420.4577786622396,95
2024-09-19 11:13:36.410000,420.35928173038,9
2024-09-19 11:13:36.461000,420.3605845396076,101
2024-09-19 11:13:36.554000,420.4568391159775,10
2024-09-19 11:13:36.560000,420.4655530077234,105
2024-09-19 11:13:36.640000,420.4622945415656,999
2024-09-19 11:13:36.672000,420.3590384102226,998
2024-09-19 11:13:36.709000,420.3536329949515,100
2024-09-19 11:13:36.740000,420.3799957635,10
2024-09-19 11:13:36.743000,420.43415384808367,6
2024-09-19 11:13:36.762000,420.4443131593548,8
2024-09-19 11:13:36.768000,420.3624407469566,1004
2024-09-19 11:13:36.769000,420.4308155739368,99
2024-09-19 11:13:36.792000,420.3542019119969,102
2024-09-19 11:13:36.803000,420.3515064501744,102
2024-09-19 11:13:36.820000,420.3724843405486,5
2024-09-19 11:13:36.846000,420.33149567501255,6
2024-09-19 11:13:36.867000,420.3453110005642,13
2024-09-19 11:13:36.907000,420.35637592960495,12
2024-09-19 11:13:36.955000,420.4575535761334,995
2024-09-19 11:13:36.967000,420.36152743976805,11
2024-09-19 11:13:37.329000,420.3298256841856,995
2024-09-19 11:13:37.630000,420.31488300045714,995
2024-09-19 11:13:37.631000,420.3365716874317,103
2024-09-19 11:13:38.524000,420.2976623772322,1002
2024-09-19 11:13:39.218000,420.3329615060108,97
2024-09-19 11:13:39.233000,420.2857607750058,1000
2024-09-19 11:13:39.277000,420.3075569049836,12
2024-09-19 11:13:39.296000,420.3468289963246,105
2024-09-19 11:13:39.303000,420.3268465336542,997
2024-09-19 11:13:39.321000,420.33021682396463,97
2024-09-19 11:13:39.543000,420.3208993204028,997
2024-09-19 11:13:39.562000,420.3360773380793,105
2024-09-19 11:13:39.573000,420.3176855522484,100
2024-09-19 11:13:39.674000,420.33927181559625,1004
2024-09-19 11:13:39.698000,420.3296411381168,100
2024-09-19 11:13:39.763000,420.3173245456433,1002
2024-09-19 11:13:39.773000,420.29065947853616,98
2024-09-19 11:13:39.816000,420.3120724710034,98
2024-09-19 11:13:39.853000,420.3318841743402,103
2024-09-19 11:13:39.855000,420.2982744675817,1004
2024-09-19 11:13:39.877000,420.3566744912545,95
2024-09-19 11:13:39.878000,420.33375501433625,15
2024-09-19 11:13:39.938000,420.3352476523276,103
2024-09-19 11:13:39.971000,420.3152431628401,1002
2024-09-19 11:13:39.992000,420.2873641814051,9
2024-09-19 11:13:40.008000,420.3009652643621,14
2024-09-19 11:13:40.056000,420.2656244311064,998
2024-09-19 11:13:40.092000,420.2603603168784,105
2024-09-19 11:13:40.214000,420.2813914693848,104
2024-09-19 11:13:40.228000,420.2998419752996,99
2024-09-19 11:13:40.231000,420.3043239666818,97
2024-09-19 11:13:40.263000,420.3152578674778,97
2024-09-19 11:13:40.289000,420.2957121100853,999
2024-09-19 11:13:40.350000,420.27362442295856,103
2024-09-19 11:13:40.435000,420.2529890270124,12
2024-09-19 11:13:40.463000,420.2887857050301,15
2024-09-19 11:13:40.507000,420.29166131630814,12
2024-09-19 11:13:40.512000,420.30434270171673,997
2024-09-19 11:13:40.555000,420.295730738658,995
2024-09-19 11:13:40.609000,420.2891986393551,101
2024-09-19 11:13:40.617000,420.2767016935039,1003
2024-09-19 11:13:40.620000,420.3010264066834,97
2024-09-19 11:13:40.624000,420.2658129401313,12
2024-09-19 11:13:40.727000,420.3060736854713,995
2024-09-19 11:13:40.727000,420.2965524325817,8
2024-09-19 11:13:40.833000,420.297947228122,5
2024-09-19 11:13:40.841000,420.3017846026103,10
2024-09-19 11:13:40.875000,420.27804781522207,96
2024-09-19 11:13:40.995000,420.25717023319487,101
2024-09-19 11:13:41.806000,420.2558778728153,10
2024-09-19 11:13:41.810000,420.25335287982153,97
2024-09-19 11:13:42.033000,420.3642017405424,1003
2024-09-19 11:13:42.071000,420.2709887737055,95
2024-09-19 11:13:42.313000,420.23576457574967,15
2024-09-19 11:13:42.331000,420.321703132919,1001
2024-09-19 11:13:42.438000,420.2522312041628,998
2024-09-19 11:13:42.449000,420.3095252330407,97
2024-09-19 11:13:42.452000,420.2917914153607,6
2024-09-19 11:13:42.516000,420.3205038440073,105
2024-09-19 11:13:42.533000,420.3036779709024,1000
2024-09-19 11:13:42.676000,420.2938866682706,15
2024-09-19 11:13:42.677000,420.3584996680492,1005
2024-09-19 11:13:42.685000,420.3515759968914,997
2024-09-19 11:13:42.695000,420.3437376047036,99
2024-09-19 11:13:42.697000,420.3332053887884,998
2024-09-19 11:13:42.701000,420.3631212314818,1000
2024-09-19 11:13:42.703000,420.30431805195855,100
2024-09-19 11:13:42.724000,420.31978951474775,102
2024-09-19 11:13:42.743000,420.3118620947406,7
2024-09-19 11:13:42.746000,420.2888220745455,998
2024-09-19 11:13:42.767000,420.349441102212,98
2024-09-19 11:13:42.842000,420.2534272007138,8
2024-09-19 11:13:42.885000,420.2788163350555,95
2024-09-19 11:13:42.899000,420.3043405742884,997
2024-09-19 11:13:42.947000,420.336379052965,103
2024-09-19 11:13:42.958000,420.3389954491999,105
2024-09-19 11:13:42.966000,420.301232896296,105
2024-09-19 11:13:43.034000,420.32919052348734,7
2024-09-19 11:13:43.042000,420.28211676806944,99
2024-09-19 11:13:43.052000,420.2487510793056,102
2024-09-19 11:13:43.087000,420.3002148042585,13
2024-09-19 11:13:43.091000,420.23205320937785,15
2024-09-19 11:13:43.130000,420.16931498821725,1004
2024-09-19 11:13:43.175000,420.23899055573696,104
2024-09-19 11:13:43.196000,420.2102098989674,98
2024-09-19 11:13:43.206000,420.2045813641135,100
2024-09-19 11:13:43.292000,420.1875065174037,13
2024-09-19 11:13:43.395000,420.1669596202137,12
2024-09-19 11:13:43.472000,420.2788328550761,97
2024-09-19 11:13:43.511000,420.26520233984405,10
2024-09-19 11:13:43.527000,420.3113484207124,105
2024-09-19 11:13:43.592000,420.1641422719358,14
2024-09-19 11:13:43.593000,420.2975824599544,95
2024-09-19 11:13:43.594000,420.2733451909792,997
2024-09-19 11:13:43.599000,420.2901197609422,1004
2024-09-19 11:13:43.607000,420.2812368347159,104
2024-09-19 11:13:43.616000,420.24853879194944,1005
2024-09-19 11:13:43.624000,420.2007406083554,1002
2024-09-19 11:13:43.625000,420.2890125296023,105
2024-09-19 11:13:43.640000,420.248578312778,1004
2024-09-19 11:13:43.700000,420.16864631514704,1000
2024-09-19 11:13:43.706000,420.27544627741895,103
2024-09-19 11:13:43.774000,420.18368363718855,9
2024-09-19 11:13:43.793000,420.306975063029,98
2024-09-19 11:13:43.828000,420.2003666972737,98
2024-09-19 11:13:43.845000,420.1710852872475,99
2024-09-19 11:13:43.901000,420.3230255759895,996
2024-09-19 11:13:44.037000,420.1748568198933,10
2024-09-19 11:13:44.065000,420.1840817911151,102
2024-09-19 11:13:44.101000,420.1812788840129,97
2024-09-19 11:13:44.237000,420.18540229254177,1003
2024-09-19 11:13:44.304000,420.1736840159454,99
2024-09-19 11:13:44.729000,420.1617643501658,997
2024-09-19 11:13:44.793000,420.1761238034779,1000
2024-09-19 11:13:44.826000,420.15361869103054,102
2024-09-19 11:13:44.966000,420.1571796695828,105
2024-09-19 11:13:46.085000,420.1431520858405,1004
2024-09-19 11:13:46.171000,420.1374064462141,999
2024-09-19 11:13:46.296000,420.1988725216566,1005
2024-09-19 11:13:46.309000,420.1439770884952,95
2024-09-19 11:13:46.326000,420.15053847412366,10
2024-09-19 11:13:46.556000,420.1588306337719,96
2024-09-19 11:13:46.560000,420.1906717240342,9
2024-09-19 11:13:46.576000,420.17681055864585,10
2024-09-19 11:13:46.616000,420.1694973506867,105
2024-09-19 11:13:46.648000,420.13888994957176,101
2024-09-19 11:13:46.752000,420.1644826372727,99
2024-09-19 11:13:46.768000,420.1563887650449,999
2024-09-19 11:13:46.775000,420.1790659770348,98
2024-09-19 11:13:46.843000,420.166985341186,11
2024-09-19 11:13:46.881000,420.18463929180894,995
2024-09-19 11:13:46.884000,420.18021135328905,1004
2024-09-19 11:13:47.468000,420.1788561497762,12
2024-09-19 11:13:47.542000,420.14851161670737,1002
2024-09-19 11:13:47.697000,420.1564293800718,13
2024-09-19 11:13:48.014000,420.1915028407786,103
2024-09-19 11:13:48.138000,420.2047152839695,105
2024-09-19 11:13:48.157000,420.1979636881831,1003
2024-09-19 11:13:48.172000,420.19010860603714,102
2024-09-19 11:13:48.390000,420.17654332188886,101
2024-09-19 11:13:48.639000,420.2012136677052,104
2024-09-19 11:13:48.650000,420.20508795362406,996
2024-09-19 11:13:48.709000,420.1817763854225,1005
2024-09-19 11:13:49.003000,420.1995495243164,999
2024-09-19 11:13:49.119000,420.207879989436,101
2024-09-19 11:13:49.154000,420.2044460998309,15
2024-09-19 11:13:49.195000,420.2014005976847,102
2024-09-19 11:13:49.220000,420.2234486261377,10
2024-09-19 11:13:49.259000,420.20547826486126,5
2024-09-19 11:13:49.344000,420.19549112338416,1005
2024-09-19 11:13:49.365000,420.1804160770973,105
2024-09-19 11:13:49.367000,420.18926384781656,8
2024-09-19 11:13:49.378000,420.1954502389823,8
2024-09-19 11:13:49.443000,420.1933285834165,15
2024-09-19 11:13:49.590000,420.1844988969758,1004
2024-09-19 11:13:49.667000,420.2109187548404,6
2024-09-19 11:13:49.679000,420.18670966446086,11
2024-09-19 11:13:49.688000,420.1906491679909,1000
2024-09-19 11:13:49.745000,420.2065643873664,96
2024-09-19 11:13:49.779000,420.1829904502509,1002
2024-09-19 11:13:49.825000,420.1933802479329,1002
2024-09-19 11:13:50.321000,420.2259883892638,996
2024-09-19 11:13:50.476000,420.2054864784373,100
2024-09-19 11:13:50.620000,420.2184015382328,103
2024-09-19 11:13:50.844000,420.1813307886453,6
2024-09-19 11:13:50.860000,420.1995299173088,8
2024-09-19 11:13:51.050000,420.2829081214829,12
2024-09-19 11:13:51.073000,420.2250971093362,102
2024-09-19 11:13:51.128000,420.24359155665854,11
2024-09-19 11:13:51.233000,420.22124389174365,100
2024-09-19 11:13:51.275000,420.3421452152589,995
2024-09-19 11:13:51.284000,420.24992343955057,100
2024-09-19 11:13:51.297000,420.2509607652493,99
2024-09-19 11:13:51.364000,420.2777442883746,1002
2024-09-19 11:13:51.437000,420.2535824683269,6
2024-09-19 11:13:51.478000,420.2713308367118,998
2024-09-19 11:13:51.494000,420.27654859254295,100
2024-09-19 11:13:51.541000,420.32097137236616,14
2024-09-19 11:13:51.651000,420.30602589992674,105
2024-09-19 11:13:51.655000,420.35695419754455,97
2024-09-19 11:13:51.668000,420.25943778598446,996
2024-09-19 11:13:51.859000,420.284370402988,996
2024-09-19 11:13:51.876000,420.2759784686048,10
2024-09-19 11:13:52.232000,420.3711538167292,104
2024-09-19 11:13:52.379000,420.380290947435,999
2024-09-19 11:13:52.493000,420.388902414177,98
2024-09-19 11:13:52.511000,420.38324499300654,7
2024-09-19 11:13:52.669000,420.3841272958794,1003
2024-09-19 11:13:52.756000,420.3840335289482,5
2024-09-19 11:13:52.810000,420.39433174361767,12
2024-09-19 11:13:52.840000,420.3750920073643,1001
2024-09-19 11:13:53.045000,420.4140047292858,105
2024-09-19 11:13:53.068000,420.40914674865934,15
2024-09-19 11:13:53.179000,420.41608019559527,15
2024-09-19 11:13:53.331000,420.437531639616,1004
2024-09-19 11:13:53.345000,420.35936262302863,9
2024-09-19 11:13:53.361000,420.4253114189773,101
2024-09-19 11:13:53.390000,420.4107578589542,96
2024-09-19 11:13:53.405000,420.4036439912744,5
2024-09-19 11:13:53.428000,420.4211342827017,100
2024-09-19 11:13:53.438000,420.4108380595617,104
2024-09-19 11:13:53.455000,420.4221688875234,1004
2024-09-19 11:13:53.680000,420.42091403363486,6
2024-09-19 11:13:53.784000,420.43967853721233,9
2024-09-19 11:13:53.785000,420.4323261944705,6
2024-09-19 11:13:53.831000,420.42204216449807,102
2024-09-19 11:13:53.948000,420.4184848454181,1004
2024-09-19 11:13:53.971000,420.3857775421158,10
2024-09-19 11:13:54.019000,420.4347566095593,12
2024-09-19 11:13:54.025000,420.4716711982109,101
2024-09-19 11:13:54.045000,420.4281025123957,105
2024-09-19 11:13:54.183000,420.4111671759376,1002
2024-09-19 11:13:54.186000,420.46937540172337,10
2024-09-19 11:13:54.207000,420.4614863313163,13
2024-09-19 11:13:54.224000,420.4069131200477,99
2024-09-19 11:13:54.232000,420.4784881325936,104
2024-09-19 11:13:54.375000,420.3963462149856,998
2024-09-19 11:13:54.378000,420.4477386475224,1003
2024-09-19 11:13:54.406000,420.4297563428033,1002
2024-09-19 11:13:54.440000,420.46811358019056,5
2024-09-19 11:13:54.573000,420.4111912396991,100
2024-09-19 11:13:54.575000,420.4490414218933,999
2024-09-19 11:13:54.641000,420.43141310551135,98
2024-09-19 11:13:54.646000,420.47086408888543,996
2024-09-19 11:13:54.694000,420.39585726546846,999
2024-09-19 11:13:54.763000,420.4658878791129,95
2024-09-19 11:13:54.782000,420.4642837617135,14
2024-09-19 11:13:54.829000,420.4229100926662,14
2024-09-19 11:13:54.984000,420.425223967498,5
2024-09-19 11:13:54.989000,420.3834357341213,1001
2024-09-19 11:13:54.992000,420.4177186582101,14
2024-09-19 11:13:55.328000,420.35920794794464,100
2024-09-19 11:13:55.373000,420.3348604780687,98
2024-09-19 11:13:55.500000,420.3392637423096,98
2024-09-19 11:13:55.573000,420.34675703981446,12
2024-09-19 11:13:55.693000,420.31952966194257,11
2024-09-19 11:13:55.736000,420.3111847711728,104
2024-09-19 11:13:55.775000,420.3498325123831,1000
2024-09-19 11:13:55.780000,420.3242015093011,1001
2024-09-19 11:13:55.812000,420.3578935318532,1003
2024-09-19 11:13:55.829000,420.36350152066666,1002
2024-09-19 11:13:55.869000,420.34399494964816,1002
2024-09-19 11:13:55.872000,420.33808492261136,1004
2024-09-19 11:13:55.933000,420.3163616151483,998
2024-09-19 11:13:55.966000,420.349161100106,13
2024-09-19 11:13:56.041000,420.3174595642077,12
2024-09-19 11:13:56.068000,420.3174852976697,99
2024-09-19 11:13:56.162000,420.363004379506,6
2024-09-19 11:13:56.238000,420.3661434812289,97
2024-09-19 11:13:56.378000,420.3197076599121,99
2024-09-19 11:13:56.392000,420.34305913973566,102
2024-09-19 11:13:56.585000,420.3440733583067,99
2024-09-19 11:13:56.693000,420.3332786649926,9
2024-09-19 11:13:56.709000,420.3309435891797,101
2024-09-19 11:13:56.784000,420.3703199507476,10
2024-09-19 11:13:56.790000,420.3118591052824,97
2024-09-19 11:13:56.858000,420.34222896231626,99
2024-09-19 11:13:56.876000,420.3417954881786,99
2024-09-19 11:13:56.881000,420.3372729718965,13
2024-09-19 11:13:57.003000,420.2245232070193,1005
2024-09-19 11:13:57.026000,420.15120022319707,97
2024-09-19 11:13:57.055000,420.229522799606,7
2024-09-19 11:13:57.077000,420.3017775141323,5
2024-09-19 11:13:57.115000,420.175986123583,996
2024-09-19 11:13:57.139000,420.3284791552598,100
2024-09-19 11:13:57.199000,420.3302640366664,95
2024-09-19 11:13:57.210000,420.1612796203042,997
2024-09-19 11:13:57.215000,420.202944682793,10
2024-09-19 11:13:57.221000,420.17071926301526,996
2024-09-19 11:13:57.228000,420.3427263116433,998
2024-09-19 11:13:57.285000,420.3177773948818,15
2024-09-19 11:13:57.300000,420.1449715913521,8
2024-09-19 11:13:57.467000,420.1595487237405,12
2024-09-19 11:13:57.473000,420.2822006213777,98
2024-09-19 11:13:57.501000,420.2713727570856,105
2024-09-19 11:13:57.537000,420.3302305338783,99
2024-09-19 11:13:57.587000,420.1940055193335,98
2024-09-19 11:13:57.681000,420.2284267194245,997
2024-09-19 11:13:57.722000,420.15862302414325,995
2024-09-19 11:13:57.780000,420.23485977530834,97
2024-09-19 11:13:57.868000,420.1684778896035,998
2024-09-19 11:13:57.892000,420.256194864735,6
2024-09-19 11:13:57.924000,420.2119045332425,1002
2024-09-19 11:13:57.960000,420.1682760484824,999
2024-09-19 11:13:57.974000,420.20159714234586,102
2024-09-19 11:13:58.138000,420.1704485612534,1000
2024-09-19 11:13:58.147000,420.2189987556055,12
2024-09-19 11:13:58.235000,420.191893486194,101
2024-09-19 11:13:58.380000,420.1826498742905,9
2024-09-19 11:13:58.500000,420.21759881564265,6
2024-09-19 11:13:58.502000,420.1812892311141,996
2024-09-19 11:13:58.533000,420.2052045835822,103
2024-09-19 11:13:58.626000,420.2290723506531,97
2024-09-19 11:13:58.655000,420.2236256993111,996
2024-09-19 11:13:58.671000,420.2168141807773,6
2024-09-19 11:13:58.863000,420.2055268424407,14
2024-09-19 11:13:58.869000,420.19718641922094,1005
2024-09-19 11:13:58.901000,420.1714485902268,103
2024-09-19 11:13:59.068000,420.1043600095063,96
2024-09-19 11:13:59.089000,420.083941481233,1004
2024-09-19 11:13:59.098000,420.1236680419006,1003
2024-09-19 11:13:59.112000,420.11596345907446,1003
2024-09-19 11:13:59.119000,420.1835866380822,101
2024-09-19 11:13:59.257000,420.0833726969315,10
2024-09-19 11:13:59.290000,420.1251572094346,13
2024-09-19 11:13:59.311000,420.1052545603528,997
2024-09-19 11:13:59.327000,420.1138040473508,1002
2024-09-19 11:13:59.394000,420.0990552318752,998
2024-09-19 11:13:59.426000,420.11177284746856,12
2024-09-19 11:13:59.460000,420.16056604635617,997
2024-09-19 11:13:59.482000,420.209968150976,105
2024-09-19 11:13:59.505000,420.20704279735503,102
2024-09-19 11:13:59.541000,420.0858941584956,5
2024-09-19 11:13:59.576000,420.1137229850217,98
2024-09-19 11:13:59.597000,420.11020020834377,10
2024-09-19 11:13:59.625000,420.14752288138857,97
2024-09-19 11:13:59.627000,420.1093568684212,7
2024-09-19 11:13:59.630000,420.105871069529,5
2024-09-19 11:13:59.673000,420.12454254755073,14
2024-09-19 11:13:59.723000,420.1376562391341,5
2024-09-19 11:13:59.764000,420.22076097927896,99
2024-09-19 11:13:59.824000,420.1077988588273,997
2024-09-19 11:13:59.848000,420.15391872491705,5
2024-09-19 11:13:59.900000,420.1228893792496,99
2024-09-19 11:13:59.904000,420.1000486908649,8
2024-09-19 11:13:59.933000,420.0973443006386,1002
