Timestamp,Price,Size
2024-09-20 15:03:00.638000,431.1090132613569,1002
2024-09-20 15:03:00.707000,431.0905209894576,1005
2024-09-20 15:03:01.029000,431.0915315668079,101
2024-09-20 15:03:01.050000,431.1222669909402,999
2024-09-20 15:03:01.070000,431.08062754152326,13
2024-09-20 15:03:01.211000,431.0777329301693,997
2024-09-20 15:03:01.280000,431.0855129626044,1005
2024-09-20 15:03:01.319000,431.0850538804974,9
2024-09-20 15:03:01.447000,431.0881719791532,101
2024-09-20 15:03:01.448000,431.1079598581092,998
2024-09-20 15:03:01.452000,431.1337624756142,98
2024-09-20 15:03:01.495000,431.0602428805521,8
2024-09-20 15:03:01.568000,431.0798533568976,104
2024-09-20 15:03:01.595000,431.0876900141448,103
2024-09-20 15:03:01.608000,431.0871328197976,7
2024-09-20 15:03:01.730000,431.1107256547916,5
2024-09-20 15:03:01.733000,431.09270103013415,103
2024-09-20 15:03:01.789000,431.0916951556372,999
2024-09-20 15:03:01.789000,431.09027103932647,97
2024-09-20 15:03:01.834000,431.0735622181897,103
2024-09-20 15:03:01.835000,431.08545153464206,14
2024-09-20 15:03:01.852000,431.0870742117404,1003
2024-09-20 15:03:01.980000,431.0850293285955,9
2024-09-20 15:03:02.015000,431.19731117744834,12
2024-09-20 15:03:02.152000,431.1650767315413,8
2024-09-20 15:03:02.313000,431.17482498027175,6
2024-09-20 15:03:02.320000,431.19511007435193,10
2024-09-20 15:03:02.322000,431.1450355084037,14
2024-09-20 15:03:02.324000,431.1266420444624,98
2024-09-20 15:03:02.328000,431.1379307721808,1004
2024-09-20 15:03:02.393000,431.215750423957,104
2024-09-20 15:03:02.396000,431.1966573803328,1001
2024-09-20 15:03:02.474000,431.2106230456135,9
2024-09-20 15:03:02.487000,431.2028705996641,995
2024-09-20 15:03:02.552000,431.2252024168438,1004
2024-09-20 15:03:02.561000,431.1306086836472,6
2024-09-20 15:03:02.587000,431.16188425447655,1000
2024-09-20 15:03:02.630000,431.1366264554764,1005
2024-09-20 15:03:02.654000,431.14471496562845,7
2024-09-20 15:03:02.779000,431.20591943937706,97
2024-09-20 15:03:02.822000,431.2213816726597,5
2024-09-20 15:03:02.827000,431.19731852130496,99
2024-09-20 15:03:02.833000,431.13556795418646,102
2024-09-20 15:03:02.890000,431.1737150997937,12
2024-09-20 15:03:02.967000,431.1967203123697,101
2024-09-20 15:03:02.993000,431.2263737019529,12
2024-09-20 15:03:03.010000,431.2044956982797,99
2024-09-20 15:03:03.075000,431.2100833044245,9
2024-09-20 15:03:03.182000,431.1990113927818,1001
2024-09-20 15:03:03.182000,431.2176310485997,1002
2024-09-20 15:03:03.228000,431.2187274796325,102
2024-09-20 15:03:03.277000,431.1954689546018,998
2024-09-20 15:03:03.359000,431.2074453125874,100
2024-09-20 15:03:03.361000,431.2139670633781,1002
2024-09-20 15:03:03.379000,431.2203441321281,11
2024-09-20 15:03:03.400000,431.2039585433328,6
2024-09-20 15:03:03.438000,431.2049025486202,1004
2024-09-20 15:03:03.577000,431.2208392883295,102
2024-09-20 15:03:03.655000,431.2010507559413,13
2024-09-20 15:03:03.741000,431.21333069739984,1001
2024-09-20 15:03:04.016000,431.1648560165106,95
2024-09-20 15:03:04.017000,431.1733901759744,997
2024-09-20 15:03:04.041000,431.1659710200389,999
2024-09-20 15:03:04.046000,431.1707284142257,14
2024-09-20 15:03:04.067000,431.2224613386512,1003
2024-09-20 15:03:04.085000,431.1743626865253,1000
2024-09-20 15:03:04.163000,431.18740153661264,98
2024-09-20 15:03:04.313000,431.187508584678,5
2024-09-20 15:03:04.354000,431.1951091455777,1002
2024-09-20 15:03:04.389000,431.27445902018167,1005
2024-09-20 15:03:04.494000,431.2021805791956,1002
2024-09-20 15:03:04.498000,431.2380017936436,14
2024-09-20 15:03:04.507000,431.2435088461564,996
2024-09-20 15:03:04.584000,431.2503728259916,105
2024-09-20 15:03:04.716000,431.1935327292757,1003
2024-09-20 15:03:04.728000,431.2630376151456,5
2024-09-20 15:03:04.736000,431.16514224367023,102
2024-09-20 15:03:04.906000,431.2474756524387,11
2024-09-20 15:03:05.101000,431.3447657868176,995
2024-09-20 15:03:05.146000,431.2338461756821,105
2024-09-20 15:03:05.155000,431.22184323010526,996
2024-09-20 15:03:05.160000,431.3701729652544,8
2024-09-20 15:03:05.180000,431.3741041981019,14
2024-09-20 15:03:05.190000,431.243996869812,10
2024-09-20 15:03:05.217000,431.2373264131522,14
2024-09-20 15:03:05.243000,431.2571311956792,1000
2024-09-20 15:03:05.243000,431.2484666182617,100
2024-09-20 15:03:05.246000,431.3444659694092,1004
2024-09-20 15:03:05.282000,431.2238430026201,1005
2024-09-20 15:03:05.309000,431.2366204651988,996
2024-09-20 15:03:05.368000,431.2881982893157,1004
2024-09-20 15:03:05.407000,431.26959163626793,8
2024-09-20 15:03:05.424000,431.2391662238728,998
2024-09-20 15:03:05.434000,431.2560021795313,8
2024-09-20 15:03:05.459000,431.2622203301579,1001
2024-09-20 15:03:05.461000,431.2351145051577,1003
2024-09-20 15:03:05.475000,431.3639346836427,14
2024-09-20 15:03:05.579000,431.2601764817561,1000
2024-09-20 15:03:05.590000,431.2636894373909,7
2024-09-20 15:03:05.742000,431.3184084902965,1005
2024-09-20 15:03:05.762000,431.26203029458026,95
2024-09-20 15:03:05.786000,431.23348243496514,10
2024-09-20 15:03:05.803000,431.2288375073428,999
2024-09-20 15:03:05.992000,431.3277589913512,996
2024-09-20 15:03:06.071000,431.3677480007789,998
2024-09-20 15:03:06.113000,431.3904548763924,9
2024-09-20 15:03:06.127000,431.3911923401736,102
2024-09-20 15:03:06.182000,431.3984540235687,11
2024-09-20 15:03:06.374000,431.379223124277,97
2024-09-20 15:03:06.394000,431.38450116300857,97
2024-09-20 15:03:06.413000,431.35970841136816,13
2024-09-20 15:03:06.426000,431.3829154618405,1004
2024-09-20 15:03:06.537000,431.3866293142588,102
2024-09-20 15:03:06.740000,431.3810605661106,97
2024-09-20 15:03:06.789000,431.41045835107934,999
2024-09-20 15:03:06.897000,431.3742642853067,5
2024-09-20 15:03:06.975000,431.3801767833817,1004
2024-09-20 15:03:06.991000,431.3873088836167,998
2024-09-20 15:03:07.060000,431.3625442999203,1003
2024-09-20 15:03:07.093000,431.3709605177251,1001
2024-09-20 15:03:07.165000,431.3512149432888,98
2024-09-20 15:03:07.203000,431.3379824346941,995
2024-09-20 15:03:07.214000,431.4014435868504,104
2024-09-20 15:03:07.314000,431.38256117629606,998
2024-09-20 15:03:07.330000,431.4078451573481,15
2024-09-20 15:03:07.379000,431.3896934504535,995
2024-09-20 15:03:07.391000,431.4048648680866,996
2024-09-20 15:03:07.441000,431.39622858307627,998
2024-09-20 15:03:07.484000,431.3896439056716,1004
2024-09-20 15:03:07.486000,431.4041374908906,7
2024-09-20 15:03:07.504000,431.4137554881154,95
2024-09-20 15:03:07.508000,431.3572081043314,15
2024-09-20 15:03:07.545000,431.41618673458174,1004
2024-09-20 15:03:07.548000,431.40425805063165,100
2024-09-20 15:03:07.576000,431.3958186563291,101
2024-09-20 15:03:07.584000,431.4249046341338,14
2024-09-20 15:03:07.681000,431.3939066786948,997
2024-09-20 15:03:07.707000,431.3836512162443,11
2024-09-20 15:03:07.708000,431.3892625956163,9
2024-09-20 15:03:07.787000,431.4039070846482,10
2024-09-20 15:03:07.790000,431.3927234589227,13
2024-09-20 15:03:07.806000,431.3385443461147,105
2024-09-20 15:03:07.877000,431.40424026206574,7
2024-09-20 15:03:07.911000,431.3854740011565,1001
2024-09-20 15:03:07.939000,431.4058346204613,103
2024-09-20 15:03:07.945000,431.4106156876424,15
2024-09-20 15:03:07.980000,431.4098535912423,100
2024-09-20 15:03:08.003000,431.4391386492108,13
2024-09-20 15:03:08.156000,431.4397448157548,97
2024-09-20 15:03:08.615000,431.41436325027934,95
2024-09-20 15:03:08.628000,431.4393399946488,7
2024-09-20 15:03:08.735000,431.4345269052218,995
2024-09-20 15:03:09.172000,431.4716694537384,97
2024-09-20 15:03:09.232000,431.5081498214698,11
2024-09-20 15:03:09.437000,431.4616045531102,13
2024-09-20 15:03:09.470000,431.4920203331996,1002
2024-09-20 15:03:09.502000,431.43507442869657,101
2024-09-20 15:03:09.653000,431.4868225788829,105
2024-09-20 15:03:09.673000,431.4742985784174,11
2024-09-20 15:03:09.721000,431.5090837953436,102
2024-09-20 15:03:09.916000,431.4762482326629,14
2024-09-20 15:03:10.138000,431.4928040409,7
2024-09-20 15:03:10.266000,431.476726649976,99
2024-09-20 15:03:10.782000,431.5147777562896,101
2024-09-20 15:03:10.814000,431.5130716496465,105
2024-09-20 15:03:10.910000,431.4730381591828,999
2024-09-20 15:03:10.964000,431.4693079835481,14
2024-09-20 15:03:11.042000,431.5030124310646,96
2024-09-20 15:03:11.049000,431.5111071005682,12
2024-09-20 15:03:11.057000,431.5175944948976,9
2024-09-20 15:03:11.088000,431.5279655883514,104
2024-09-20 15:03:11.128000,431.5161665973937,12
2024-09-20 15:03:11.150000,431.49369489637,1003
2024-09-20 15:03:11.174000,431.5193669739262,15
2024-09-20 15:03:11.208000,431.5182715993113,999
2024-09-20 15:03:11.228000,431.54183221134434,12
2024-09-20 15:03:11.236000,431.5165032010721,103
2024-09-20 15:03:11.241000,431.53547077962816,98
2024-09-20 15:03:11.393000,431.52933497737416,9
2024-09-20 15:03:11.456000,431.5026811937741,11
2024-09-20 15:03:11.457000,431.5177684052781,995
2024-09-20 15:03:11.483000,431.5159412221936,105
2024-09-20 15:03:11.502000,431.5143345345219,14
2024-09-20 15:03:11.571000,431.5300287930151,999
2024-09-20 15:03:11.576000,431.511759077159,10
2024-09-20 15:03:11.598000,431.5540034180957,96
2024-09-20 15:03:11.631000,431.52078180690654,10
2024-09-20 15:03:11.750000,431.52988937134296,97
2024-09-20 15:03:11.829000,431.528381752605,5
2024-09-20 15:03:12.198000,431.4790127635016,13
2024-09-20 15:03:12.216000,431.434804039564,10
2024-09-20 15:03:12.232000,431.5149061329621,1001
2024-09-20 15:03:12.285000,431.46224119988096,6
2024-09-20 15:03:12.407000,431.4964342364453,95
2024-09-20 15:03:12.490000,431.4760493619618,8
2024-09-20 15:03:12.592000,431.4585635853155,10
2024-09-20 15:03:12.617000,431.4712376339951,1003
2024-09-20 15:03:12.631000,431.4444123247363,996
2024-09-20 15:03:12.646000,431.4632543810191,996
2024-09-20 15:03:12.674000,431.45499723371904,95
2024-09-20 15:03:12.717000,431.4699361339961,12
2024-09-20 15:03:12.751000,431.4577009770367,997
2024-09-20 15:03:12.850000,431.499970846916,1004
2024-09-20 15:03:12.871000,431.4591746109373,103
2024-09-20 15:03:12.915000,431.5160287855143,998
2024-09-20 15:03:12.924000,431.42456385498417,13
2024-09-20 15:03:13.022000,431.3605252920568,7
2024-09-20 15:03:13.093000,431.3811139534821,103
2024-09-20 15:03:13.115000,431.3831654459865,1000
2024-09-20 15:03:13.118000,431.3813690496186,1002
2024-09-20 15:03:13.139000,431.3853942820295,1000
2024-09-20 15:03:13.169000,431.43953489687897,1001
2024-09-20 15:03:13.188000,431.4404085470435,995
2024-09-20 15:03:13.192000,431.409303349781,105
2024-09-20 15:03:13.244000,431.3530777839626,99
2024-09-20 15:03:13.295000,431.41419816378107,12
2024-09-20 15:03:13.317000,431.3961904063218,98
2024-09-20 15:03:13.422000,431.3917001551734,1003
2024-09-20 15:03:13.569000,431.398497518172,995
2024-09-20 15:03:13.605000,431.397487616567,13
2024-09-20 15:03:13.701000,431.3551795270625,102
2024-09-20 15:03:13.720000,431.3836167509775,1005
2024-09-20 15:03:13.724000,431.4062155448466,97
2024-09-20 15:03:13.864000,431.4124722921903,98
2024-09-20 15:03:13.874000,431.3979400302298,103
2024-09-20 15:03:13.939000,431.394259326546,95
2024-09-20 15:03:13.979000,431.3981985286337,102
2024-09-20 15:03:13.984000,431.3745767891137,1003
2024-09-20 15:03:14.171000,431.4091196571752,10
2024-09-20 15:03:14.416000,431.42389409612406,997
2024-09-20 15:03:14.693000,431.4032579032601,98
2024-09-20 15:03:14.801000,431.4166644750838,8
2024-09-20 15:03:15.042000,431.4494217412386,100
2024-09-20 15:03:15.053000,431.40481342917457,1004
2024-09-20 15:03:15.315000,431.4201844171232,100
2024-09-20 15:03:15.458000,431.4554089816887,1003
2024-09-20 15:03:15.469000,431.4469368154022,96
2024-09-20 15:03:15.521000,431.443242264328,5
2024-09-20 15:03:16.005000,431.4604754776353,103
2024-09-20 15:03:16.016000,431.40907380992246,98
2024-09-20 15:03:16.153000,431.4321292724005,96
2024-09-20 15:03:16.169000,431.42576380688473,999
2024-09-20 15:03:16.184000,431.4299011982993,10
2024-09-20 15:03:16.214000,431.4466574419007,13
2024-09-20 15:03:16.224000,431.4269297667004,7
2024-09-20 15:03:16.249000,431.4365932533114,11
2024-09-20 15:03:16.279000,431.47353839809216,15
2024-09-20 15:03:16.560000,431.4946697487877,101
2024-09-20 15:03:16.563000,431.4330016989945,104
2024-09-20 15:03:16.627000,431.49605198146384,8
2024-09-20 15:03:16.636000,431.467883544074,11
2024-09-20 15:03:16.637000,431.4846108980968,102
2024-09-20 15:03:16.740000,431.4216106038778,104
2024-09-20 15:03:16.823000,431.41442311881406,1005
2024-09-20 15:03:16.880000,431.43105456665165,14
2024-09-20 15:03:16.894000,431.4465148182191,14
2024-09-20 15:03:16.898000,431.5017274763405,99
2024-09-20 15:03:16.919000,431.4368055542901,5
2024-09-20 15:03:16.923000,431.4814306939584,1003
2024-09-20 15:03:17.048000,431.4738874570862,13
2024-09-20 15:03:17.080000,431.453479435822,5
2024-09-20 15:03:17.084000,431.4123039103974,10
2024-09-20 15:03:17.101000,431.4280469538801,9
2024-09-20 15:03:17.111000,431.4761078812902,10
2024-09-20 15:03:17.113000,423.1886615337852,95
2024-09-20 15:03:17.139000,431.46474752150925,9
2024-09-20 15:03:17.142000,431.4596060823977,11
2024-09-20 15:03:17.224000,431.4592246099259,99
2024-09-20 15:03:17.253000,431.4373630924895,1001
2024-09-20 15:03:17.304000,431.4437072885805,13
2024-09-20 15:03:17.324000,431.4657506041281,1003
2024-09-20 15:03:17.334000,431.47245225347774,5
2024-09-20 15:03:17.370000,431.46097577404026,14
2024-09-20 15:03:17.371000,431.4219191295402,13
2024-09-20 15:03:17.408000,431.4212234554802,1003
2024-09-20 15:03:17.442000,431.473303107605,1004
2024-09-20 15:03:17.469000,431.402270161836,9
2024-09-20 15:03:17.578000,431.45950108562016,995
2024-09-20 15:03:17.666000,431.45006899191793,14
2024-09-20 15:03:17.718000,431.4176487973463,12
2024-09-20 15:03:17.718000,431.4110245786397,995
2024-09-20 15:03:17.741000,431.466019658857,10
2024-09-20 15:03:17.785000,431.47263482634605,1002
2024-09-20 15:03:17.796000,431.4679545471516,10
2024-09-20 15:03:17.797000,431.45390593207134,13
2024-09-20 15:03:17.918000,431.46656956231067,1004
2024-09-20 15:03:17.919000,431.4276088691425,96
2024-09-20 15:03:17.960000,431.4786067330169,15
2024-09-20 15:03:18.008000,431.4931008966108,15
2024-09-20 15:03:18.173000,431.4702830977458,10
2024-09-20 15:03:18.210000,431.50270911643486,11
2024-09-20 15:03:18.284000,431.5139901137456,7
2024-09-20 15:03:18.415000,431.5244501114125,15
2024-09-20 15:03:18.473000,431.48434794156367,6
2024-09-20 15:03:18.476000,431.490022459202,1000
2024-09-20 15:03:18.478000,431.5242755427389,15
2024-09-20 15:03:18.496000,431.477592641812,105
2024-09-20 15:03:18.525000,431.5148227606723,1002
2024-09-20 15:03:18.571000,431.5246794625318,1005
2024-09-20 15:03:18.579000,431.4850100921683,102
2024-09-20 15:03:18.615000,431.540995526756,101
2024-09-20 15:03:18.619000,431.4630372616159,1002
2024-09-20 15:03:18.819000,431.4879879081841,7
2024-09-20 15:03:18.941000,431.5363807678547,13
2024-09-20 15:03:18.954000,431.5238997241983,1000
2024-09-20 15:03:18.957000,431.4675624772811,998
2024-09-20 15:03:18.961000,431.4880842965591,100
2024-09-20 15:03:19.026000,431.4883081649904,1004
2024-09-20 15:03:19.102000,431.5080043527937,105
2024-09-20 15:03:19.159000,431.52976790317626,103
2024-09-20 15:03:19.170000,431.4985439147698,102
2024-09-20 15:03:19.208000,431.4738798251237,101
2024-09-20 15:03:19.323000,431.5037949717772,6
2024-09-20 15:03:19.343000,431.5037410646978,1004
2024-09-20 15:03:19.356000,431.4939823822239,14
2024-09-20 15:03:19.368000,431.4921589992249,8
2024-09-20 15:03:19.409000,431.499052911067,1004
2024-09-20 15:03:19.426000,431.486016987956,95
2024-09-20 15:03:19.464000,431.4952885757688,999
2024-09-20 15:03:19.496000,431.5164452605305,998
2024-09-20 15:03:19.496000,431.50406100483247,9
2024-09-20 15:03:19.505000,423.2035207828668,102
2024-09-20 15:03:19.525000,431.5165029268978,999
2024-09-20 15:03:19.570000,431.4908496439325,1000
2024-09-20 15:03:19.571000,431.5359399179288,100
2024-09-20 15:03:19.574000,431.5048491875394,101
2024-09-20 15:03:19.659000,431.52973172889807,14
2024-09-20 15:03:19.679000,431.4737386990449,9
2024-09-20 15:03:19.721000,431.5406726578052,995
2024-09-20 15:03:19.744000,431.5227830980989,14
2024-09-20 15:03:19.746000,431.4765182512784,102
2024-09-20 15:03:19.749000,431.5071278250427,95
2024-09-20 15:03:19.773000,431.4856433387882,997
2024-09-20 15:03:19.890000,431.513902699799,105
2024-09-20 15:03:19.894000,431.5247415572561,14
2024-09-20 15:03:19.896000,431.5304121854149,7
2024-09-20 15:03:19.954000,431.47732426072224,100
2024-09-20 15:03:20.216000,431.4765450922244,1004
2024-09-20 15:03:20.831000,431.475682940399,1005
2024-09-20 15:03:21.004000,431.4829146344909,999
2024-09-20 15:03:21.021000,431.5523299187223,998
2024-09-20 15:03:21.033000,431.5710084573989,1003
2024-09-20 15:03:21.047000,431.4627333230338,1000
2024-09-20 15:03:21.052000,431.5619077489199,6
2024-09-20 15:03:21.061000,431.4939623151282,997
2024-09-20 15:03:21.075000,431.4686462500056,10
2024-09-20 15:03:21.079000,431.4846394124176,96
2024-09-20 15:03:21.101000,431.5507385706029,998
2024-09-20 15:03:21.160000,431.5797821623808,13
2024-09-20 15:03:21.166000,431.44959715130057,102
2024-09-20 15:03:21.170000,431.5437487797198,5
2024-09-20 15:03:21.232000,431.4550436722581,104
2024-09-20 15:03:21.237000,431.587047630968,8
2024-09-20 15:03:21.306000,431.5694115342674,12
2024-09-20 15:03:21.343000,431.5348646395575,14
2024-09-20 15:03:21.577000,431.5282499582986,8
2024-09-20 15:03:21.577000,431.473364628537,7
2024-09-20 15:03:21.729000,431.4899825066742,1000
2024-09-20 15:03:21.741000,431.50440964649096,102
2024-09-20 15:03:21.782000,431.5196696595304,100
2024-09-20 15:03:21.798000,431.55269964568447,997
2024-09-20 15:03:21.833000,431.4655120772703,6
2024-09-20 15:03:21.898000,431.5637380662408,104
2024-09-20 15:03:21.982000,431.5157205988856,1002
2024-09-20 15:03:23.005000,431.51837825442107,10
2024-09-20 15:03:23.007000,431.5086755614316,996
2024-09-20 15:03:23.009000,431.53845581562246,15
2024-09-20 15:03:23.030000,431.5280096503844,12
2024-09-20 15:03:23.053000,431.5294823271476,100
2024-09-20 15:03:23.071000,431.5195020453445,5
2024-09-20 15:03:23.087000,431.531220360844,995
2024-09-20 15:03:23.119000,431.5097627813141,101
2024-09-20 15:03:23.400000,431.4999205098826,1000
2024-09-20 15:03:23.457000,431.5093041569381,998
2024-09-20 15:03:23.458000,431.5083143700693,104
2024-09-20 15:03:23.481000,431.5387743102145,1002
2024-09-20 15:03:23.521000,431.53683082733176,1001
2024-09-20 15:03:23.708000,431.5444733488762,105
2024-09-20 15:03:23.748000,431.5296252970568,998
2024-09-20 15:03:23.840000,431.5315225939677,9
2024-09-20 15:03:23.947000,431.51895172122266,1005
2024-09-20 15:03:24.798000,431.5486577961129,5
2024-09-20 15:03:25.005000,431.6104782341509,12
2024-09-20 15:03:25.032000,431.5534634021173,997
2024-09-20 15:03:25.162000,431.5602084868217,996
2024-09-20 15:03:25.198000,431.6434086027101,8
2024-09-20 15:03:25.209000,431.615178866865,99
2024-09-20 15:03:25.210000,431.5476220020675,1005
2024-09-20 15:03:25.231000,431.64146141293935,13
2024-09-20 15:03:25.239000,431.55512248289,14
2024-09-20 15:03:25.248000,431.6182042569987,995
2024-09-20 15:03:25.306000,431.55764445769546,15
2024-09-20 15:03:25.397000,431.60964987825577,10
2024-09-20 15:03:25.445000,431.5673539712489,1000
2024-09-20 15:03:25.468000,431.6164126598385,998
2024-09-20 15:03:25.621000,431.5504075723055,10
2024-09-20 15:03:25.641000,431.5655694630684,99
2024-09-20 15:03:25.656000,431.6388635849216,8
2024-09-20 15:03:25.660000,431.5760673358788,103
2024-09-20 15:03:25.723000,431.6004486814921,15
2024-09-20 15:03:25.730000,431.6223671340804,5
2024-09-20 15:03:25.779000,431.5587846566866,996
2024-09-20 15:03:25.804000,431.5664898834132,8
2024-09-20 15:03:25.818000,431.539648387701,101
2024-09-20 15:03:25.847000,431.5664739973357,997
2024-09-20 15:03:25.871000,431.5972651497753,999
2024-09-20 15:03:25.930000,431.6359786673565,998
2024-09-20 15:03:25.975000,431.58671168184696,97
2024-09-20 15:03:26.017000,431.5513497567714,5
2024-09-20 15:03:26.037000,431.5713120706108,6
2024-09-20 15:03:26.075000,431.5509323720127,1003
2024-09-20 15:03:26.115000,431.5560936739887,6
2024-09-20 15:03:26.178000,431.5551323591735,995
2024-09-20 15:03:26.315000,431.5600362085632,997
2024-09-20 15:03:26.396000,431.5626860501792,13
2024-09-20 15:03:26.423000,431.53842824867326,6
2024-09-20 15:03:26.501000,431.5554181704794,1001
2024-09-20 15:03:26.593000,431.5592280959582,100
2024-09-20 15:03:26.602000,431.5556996925751,99
2024-09-20 15:03:26.607000,431.5788171021803,6
2024-09-20 15:03:26.653000,431.5681362126799,13
2024-09-20 15:03:26.655000,431.5530650184492,100
2024-09-20 15:03:26.724000,431.5518694842656,1005
2024-09-20 15:03:26.885000,431.5350248890288,996
2024-09-20 15:03:26.949000,431.5427362549389,1003
2024-09-20 15:03:26.970000,431.59296163688606,6
2024-09-20 15:03:27.155000,431.5591074729922,14
2024-09-20 15:03:27.214000,431.5888328303292,97
2024-09-20 15:03:27.229000,431.5548589845722,105
2024-09-20 15:03:27.234000,431.57480254186873,12
2024-09-20 15:03:27.486000,431.5613532318101,98
2024-09-20 15:03:27.521000,431.5830442823197,15
2024-09-20 15:03:27.757000,431.5814025207986,98
2024-09-20 15:03:27.805000,431.57368804701787,999
2024-09-20 15:03:27.808000,431.5554053213599,98
2024-09-20 15:03:27.831000,431.57996262767847,1000
2024-09-20 15:03:27.852000,431.5626941747029,104
2024-09-20 15:03:27.872000,431.5985508249116,105
2024-09-20 15:03:27.912000,431.56088363057074,6
2024-09-20 15:03:27.920000,431.566135143073,103
2024-09-20 15:03:27.940000,431.5455469442082,9
2024-09-20 15:03:27.971000,431.5699166168059,101
2024-09-20 15:03:27.997000,431.5684322081656,95
2024-09-20 15:03:29.048000,431.6002630886837,997
2024-09-20 15:03:29.194000,431.6049401040064,9
2024-09-20 15:03:29.262000,431.5973841489487,12
2024-09-20 15:03:29.673000,431.5812223287687,999
2024-09-20 15:03:29.868000,431.5845234062603,100
2024-09-20 15:03:29.946000,431.5995083465346,100
2024-09-20 15:03:30.013000,431.69650076899126,8
2024-09-20 15:03:30.024000,431.6380590422838,1004
2024-09-20 15:03:30.070000,431.6907795179889,101
2024-09-20 15:03:30.099000,431.7085798844528,103
2024-09-20 15:03:30.269000,431.7228843185216,14
2024-09-20 15:03:30.322000,431.6913468475229,1005
2024-09-20 15:03:30.331000,431.630703605097,10
2024-09-20 15:03:30.345000,431.674099836956,100
2024-09-20 15:03:30.345000,431.66874744323314,100
2024-09-20 15:03:30.352000,431.7010986129403,997
2024-09-20 15:03:30.381000,431.6672259233904,8
2024-09-20 15:03:30.442000,431.6270173165798,1004
2024-09-20 15:03:30.457000,431.7033684901483,1001
2024-09-20 15:03:30.472000,431.7181560878497,105
2024-09-20 15:03:30.498000,431.7123269276352,9
2024-09-20 15:03:30.508000,431.7086269096366,105
2024-09-20 15:03:30.520000,431.7125530355988,97
2024-09-20 15:03:30.595000,431.7030093797081,15
2024-09-20 15:03:30.626000,431.72529193116895,100
2024-09-20 15:03:30.645000,431.6609046780384,98
2024-09-20 15:03:30.805000,431.69795297560086,996
2024-09-20 15:03:30.864000,431.7112713467516,99
2024-09-20 15:03:30.890000,431.6438178738254,104
2024-09-20 15:03:30.910000,431.6794243201736,10
2024-09-20 15:03:30.987000,431.7346652812651,1002
2024-09-20 15:03:31.013000,431.7409489128679,1005
2024-09-20 15:03:31.079000,431.7277049648565,999
2024-09-20 15:03:31.188000,431.7642311257171,11
2024-09-20 15:03:31.210000,431.7542079731874,11
2024-09-20 15:03:31.307000,431.7449892276256,7
2024-09-20 15:03:31.441000,431.7623146625438,9
2024-09-20 15:03:31.481000,431.7153707157621,99
2024-09-20 15:03:31.546000,431.7208342569572,1004
2024-09-20 15:03:31.585000,431.7252495276203,1003
2024-09-20 15:03:31.606000,431.7034463493778,101
2024-09-20 15:03:31.653000,431.7447110156356,997
2024-09-20 15:03:31.654000,431.7564004607278,14
2024-09-20 15:03:31.689000,431.74427842515234,13
2024-09-20 15:03:31.690000,431.712453153898,1004
2024-09-20 15:03:31.745000,431.7627227404628,997
2024-09-20 15:03:31.774000,431.740808795252,104
2024-09-20 15:03:31.941000,431.7135480538017,7
2024-09-20 15:03:31.955000,431.75963735289326,96
2024-09-20 15:03:31.957000,431.7394571688381,1003
2024-09-20 15:03:32.017000,431.73420052410296,104
2024-09-20 15:03:32.037000,431.7221519423074,1003
2024-09-20 15:03:32.078000,431.7373488372754,101
2024-09-20 15:03:32.097000,431.75304910243335,14
2024-09-20 15:03:32.139000,431.74029889379545,14
2024-09-20 15:03:32.177000,431.7264415866819,996
2024-09-20 15:03:32.212000,431.7027766870239,12
2024-09-20 15:03:32.237000,431.7720572935693,11
2024-09-20 15:03:32.320000,431.729655568512,1001
2024-09-20 15:03:32.323000,431.7301396078607,11
2024-09-20 15:03:32.640000,423.25213125343447,5
2024-09-20 15:03:32.663000,431.72889754584793,9
2024-09-20 15:03:32.666000,431.73096036454007,997
2024-09-20 15:03:32.734000,431.76749774105673,105
2024-09-20 15:03:32.822000,431.7706451524839,100
2024-09-20 15:03:33.011000,431.6974421383403,102
2024-09-20 15:03:33.012000,431.6935501052076,13
2024-09-20 15:03:33.024000,431.71511345241953,95
2024-09-20 15:03:33.064000,431.68576805461765,104
2024-09-20 15:03:33.130000,431.7049577369182,13
2024-09-20 15:03:33.170000,431.70339722695536,11
2024-09-20 15:03:33.176000,431.7111858118962,12
2024-09-20 15:03:33.188000,431.707853317074,105
2024-09-20 15:03:33.345000,431.7077015985192,996
2024-09-20 15:03:33.352000,431.69274361200695,103
2024-09-20 15:03:33.368000,431.7287156902974,14
2024-09-20 15:03:33.372000,431.7053145347757,995
2024-09-20 15:03:33.412000,431.7045578303682,11
2024-09-20 15:03:33.447000,431.7199777955978,102
2024-09-20 15:03:33.478000,431.6942959760117,96
2024-09-20 15:03:33.482000,431.700475323245,105
2024-09-20 15:03:33.484000,431.7070207020004,9
2024-09-20 15:03:33.551000,431.70503326404736,9
2024-09-20 15:03:33.552000,431.68698394545953,105
2024-09-20 15:03:33.629000,431.7425318087802,7
2024-09-20 15:03:33.740000,431.7270360300632,10
2024-09-20 15:03:33.832000,431.6808708983704,998
2024-09-20 15:03:33.845000,431.69263172410587,96
2024-09-20 15:03:33.848000,431.6873169643745,13
2024-09-20 15:03:33.895000,431.6886052937446,1003
2024-09-20 15:03:33.911000,431.7088869802739,104
2024-09-20 15:03:33.998000,431.720966652664,100
2024-09-20 15:03:34.003000,431.7324156414437,999
2024-09-20 15:03:34.041000,431.71092685032727,1005
2024-09-20 15:03:34.078000,431.74877675063976,96
2024-09-20 15:03:34.090000,431.7397465333167,997
2024-09-20 15:03:34.134000,431.7258895836621,101
2024-09-20 15:03:34.229000,431.7297671519178,102
2024-09-20 15:03:34.230000,431.727054963406,97
2024-09-20 15:03:34.268000,431.72441016075817,15
2024-09-20 15:03:34.301000,431.7238748642893,100
2024-09-20 15:03:34.309000,431.7359674335866,9
2024-09-20 15:03:34.325000,431.7209106209192,1005
2024-09-20 15:03:34.355000,431.72420432680127,96
2024-09-20 15:03:34.449000,431.71753133381856,10
2024-09-20 15:03:34.477000,431.72052892028506,998
2024-09-20 15:03:34.538000,431.718445651042,10
2024-09-20 15:03:34.558000,431.7260788955006,8
2024-09-20 15:03:34.653000,431.7158043566408,8
2024-09-20 15:03:34.698000,431.7255413781363,1000
2024-09-20 15:03:34.703000,431.7303561044189,1003
2024-09-20 15:03:34.732000,431.7048851170528,998
2024-09-20 15:03:34.881000,431.7314267194797,98
2024-09-20 15:03:34.881000,431.71945063650384,1002
2024-09-20 15:03:34.967000,431.7160073841257,102
2024-09-20 15:03:34.990000,431.7248968653375,103
2024-09-20 15:03:35.069000,431.7217508167816,96
2024-09-20 15:03:35.222000,431.7169120581532,1001
2024-09-20 15:03:35.408000,431.71693411540167,1001
2024-09-20 15:03:35.593000,431.6818513234421,105
2024-09-20 15:03:35.683000,431.7313336720282,6
2024-09-20 15:03:35.910000,431.7057186598165,995
2024-09-20 15:03:35.910000,431.69581207658655,99
2024-09-20 15:03:36.071000,431.6796733635889,11
2024-09-20 15:03:36.096000,431.7567303404375,104
2024-09-20 15:03:36.172000,431.73805945169767,996
2024-09-20 15:03:36.206000,431.7238545239232,97
2024-09-20 15:03:36.247000,431.7789528793919,95
2024-09-20 15:03:36.313000,431.6940465640653,996
2024-09-20 15:03:36.339000,431.7081457769178,12
2024-09-20 15:03:36.348000,431.760913988267,9
2024-09-20 15:03:36.365000,431.7070114396217,1005
2024-09-20 15:03:36.389000,431.7823236428974,13
2024-09-20 15:03:36.437000,431.6961704383653,1003
2024-09-20 15:03:36.439000,431.6847723292577,104
2024-09-20 15:03:36.479000,431.7876094872411,15
2024-09-20 15:03:36.482000,431.717158851244,8
2024-09-20 15:03:36.494000,431.7568837950034,97
2024-09-20 15:03:36.519000,431.6918410152916,1005
2024-09-20 15:03:36.550000,431.7465074953219,997
2024-09-20 15:03:36.593000,431.7289158871721,998
2024-09-20 15:03:36.616000,431.774324468194,999
2024-09-20 15:03:36.628000,431.7241968877137,105
2024-09-20 15:03:36.739000,431.7369430208956,999
2024-09-20 15:03:36.769000,431.7947454775579,14
2024-09-20 15:03:36.787000,431.7408888257098,12
2024-09-20 15:03:36.856000,431.7137939484743,14
2024-09-20 15:03:36.867000,431.7294894008703,96
2024-09-20 15:03:36.872000,431.69675224235874,97
2024-09-20 15:03:36.916000,431.75271204631525,100
2024-09-20 15:03:36.944000,431.788293050626,999
2024-09-20 15:03:37.060000,431.8048542993653,15
2024-09-20 15:03:37.107000,431.8168167948916,1001
2024-09-20 15:03:37.181000,431.8360102883817,104
2024-09-20 15:03:37.181000,431.8293355801757,103
2024-09-20 15:03:37.214000,431.7990817806037,95
2024-09-20 15:03:37.215000,431.818331458892,15
2024-09-20 15:03:37.228000,431.829050305904,997
2024-09-20 15:03:37.236000,431.82196571955024,998
2024-09-20 15:03:37.362000,431.8273308104857,13
2024-09-20 15:03:37.421000,431.82098169348814,9
2024-09-20 15:03:37.424000,431.8185460577888,102
2024-09-20 15:03:37.429000,431.8263777766926,99
2024-09-20 15:03:37.592000,431.831991399481,1004
2024-09-20 15:03:37.609000,431.8262531027418,96
2024-09-20 15:03:37.617000,431.8152042525169,999
2024-09-20 15:03:37.640000,431.7908896819836,995
2024-09-20 15:03:37.808000,431.8197035528251,100
2024-09-20 15:03:37.889000,431.7996200785542,105
2024-09-20 15:03:37.894000,431.80348364635694,995
2024-09-20 15:03:37.919000,431.777107061067,10
2024-09-20 15:03:37.958000,431.8015357260505,100
2024-09-20 15:03:37.975000,431.8195430602021,98
2024-09-20 15:03:38.018000,431.7669873388283,100
2024-09-20 15:03:38.021000,431.819305981616,95
2024-09-20 15:03:38.100000,431.8448914009717,95
2024-09-20 15:03:38.130000,431.7837874426266,6
2024-09-20 15:03:38.149000,431.7805413834949,13
2024-09-20 15:03:38.223000,431.8324208254082,997
2024-09-20 15:03:38.236000,431.7922288031531,11
2024-09-20 15:03:38.250000,431.7869557591997,101
2024-09-20 15:03:38.255000,431.8367169235292,100
2024-09-20 15:03:38.268000,431.8202525038873,95
2024-09-20 15:03:38.287000,431.7919562611924,11
2024-09-20 15:03:38.302000,431.8380147321101,998
2024-09-20 15:03:38.312000,431.7765746761193,7
2024-09-20 15:03:38.355000,431.7557348283364,1005
2024-09-20 15:03:38.369000,431.82718793832856,101
2024-09-20 15:03:38.408000,431.8035371447693,105
2024-09-20 15:03:38.429000,431.8223170656751,997
2024-09-20 15:03:38.573000,431.8110906129507,1000
2024-09-20 15:03:38.574000,431.8016480491201,100
2024-09-20 15:03:38.636000,431.8193327348426,96
2024-09-20 15:03:38.644000,431.8383543822983,10
2024-09-20 15:03:38.645000,431.82813056029033,11
2024-09-20 15:03:38.728000,431.7881941336085,1000
2024-09-20 15:03:38.764000,431.7885738848767,101
2024-09-20 15:03:38.858000,431.8278494507341,998
2024-09-20 15:03:38.964000,431.8368949880317,12
2024-09-20 15:03:39.003000,431.8154898549784,1003
2024-09-20 15:03:39.156000,431.82723882022646,10
2024-09-20 15:03:39.166000,431.7518038270964,99
2024-09-20 15:03:39.302000,431.76127776076754,12
2024-09-20 15:03:39.420000,431.7973553916681,96
2024-09-20 15:03:39.437000,431.7584981114902,996
2024-09-20 15:03:39.466000,431.7766689982975,13
2024-09-20 15:03:39.480000,431.8082393876895,1002
2024-09-20 15:03:39.487000,431.7926500280333,96
2024-09-20 15:03:39.491000,431.8102011660474,1000
2024-09-20 15:03:39.492000,431.7635804825194,1004
2024-09-20 15:03:39.514000,431.79379105438136,95
2024-09-20 15:03:39.520000,431.7753805031179,998
2024-09-20 15:03:39.628000,431.7680020504325,1002
2024-09-20 15:03:39.638000,431.7754402725854,1001
2024-09-20 15:03:39.644000,431.7778781823194,997
2024-09-20 15:03:39.661000,431.82633461077353,105
2024-09-20 15:03:39.700000,431.7589874905311,997
2024-09-20 15:03:39.728000,431.7754756210418,1001
2024-09-20 15:03:39.777000,431.7784496201435,995
2024-09-20 15:03:40.051000,431.74303020770185,103
2024-09-20 15:03:40.094000,431.7245693678714,996
2024-09-20 15:03:40.113000,431.73307284561497,999
2024-09-20 15:03:40.168000,431.73379544940974,5
2024-09-20 15:03:40.261000,431.7600627546648,8
2024-09-20 15:03:40.448000,431.7409311495487,1004
2024-09-20 15:03:40.586000,431.729284218615,5
2024-09-20 15:03:40.817000,431.7572027642329,11
2024-09-20 15:03:40.989000,431.7490322015549,996
2024-09-20 15:03:41.022000,431.76045434901846,98
2024-09-20 15:03:41.241000,431.7141562586315,96
2024-09-20 15:03:41.376000,431.7202677566275,104
2024-09-20 15:03:41.406000,431.72013231926616,98
2024-09-20 15:03:41.437000,431.720094808016,996
2024-09-20 15:03:41.447000,431.7634298943679,104
2024-09-20 15:03:41.548000,431.71479746604905,97
2024-09-20 15:03:41.700000,431.7471591047085,1003
2024-09-20 15:03:41.721000,431.70613037923147,95
2024-09-20 15:03:41.737000,431.7177032682772,996
2024-09-20 15:03:41.811000,431.7240364823613,15
2024-09-20 15:03:41.845000,431.7130079674041,12
2024-09-20 15:03:41.849000,431.7073555857819,11
2024-09-20 15:03:41.945000,431.7194317577346,14
2024-09-20 15:03:41.975000,431.7042621729608,98
2024-09-20 15:03:42.142000,431.71081703844567,997
2024-09-20 15:03:42.163000,431.70763567564256,14
2024-09-20 15:03:42.216000,431.7312362664642,1002
2024-09-20 15:03:42.262000,431.6978538704439,13
2024-09-20 15:03:42.314000,431.7203898613904,9
2024-09-20 15:03:42.399000,431.7142937411634,1000
2024-09-20 15:03:42.490000,431.7083624291512,998
2024-09-20 15:03:42.493000,431.7112552687803,102
2024-09-20 15:03:42.508000,431.7188941110775,104
2024-09-20 15:03:42.615000,431.6798715598239,1000
2024-09-20 15:03:42.640000,431.7145478113288,1004
2024-09-20 15:03:42.677000,431.70325407332126,12
2024-09-20 15:03:42.828000,431.73071195316686,1002
2024-09-20 15:03:42.833000,431.7188952880466,1005
2024-09-20 15:03:42.841000,431.7072418295104,10
2024-09-20 15:03:42.871000,431.6997517905173,11
2024-09-20 15:03:42.945000,431.6912954026731,101
2024-09-20 15:03:42.975000,431.69806934938754,996
2024-09-20 15:03:42.984000,431.7070552655702,12
2024-09-20 15:03:43.004000,431.7733373528747,104
2024-09-20 15:03:43.065000,431.771223959105,105
2024-09-20 15:03:43.087000,431.79044928614337,997
2024-09-20 15:03:43.122000,431.7553480391781,104
2024-09-20 15:03:43.128000,431.7752540455045,98
2024-09-20 15:03:43.137000,431.7845917030097,7
2024-09-20 15:03:43.248000,431.7733495706739,999
2024-09-20 15:03:43.308000,431.7740691805785,105
2024-09-20 15:03:43.346000,431.78224842069153,9
2024-09-20 15:03:43.349000,431.7923310998637,9
2024-09-20 15:03:43.370000,431.7615147563971,995
2024-09-20 15:03:43.376000,431.7435164131927,7
2024-09-20 15:03:43.410000,431.7684794821043,6
2024-09-20 15:03:43.483000,431.78155778570806,101
2024-09-20 15:03:43.494000,431.8075619239857,98
2024-09-20 15:03:43.511000,431.73442519694606,98
2024-09-20 15:03:43.536000,431.7899785153252,101
2024-09-20 15:03:43.540000,431.7914021097839,105
2024-09-20 15:03:43.565000,431.75247046118665,103
2024-09-20 15:03:43.578000,431.77317959234864,997
2024-09-20 15:03:43.596000,431.7810592856632,101
2024-09-20 15:03:43.778000,431.7651796879688,96
2024-09-20 15:03:43.786000,431.7703710812647,8
2024-09-20 15:03:43.878000,431.788765372214,5
2024-09-20 15:03:43.930000,431.800854550398,997
2024-09-20 15:03:44.281000,431.7400523718765,13
2024-09-20 15:03:44.323000,431.7653151690861,100
2024-09-20 15:03:44.363000,431.7602123739812,104
2024-09-20 15:03:44.366000,431.76522271472135,13
2024-09-20 15:03:44.450000,431.783804082578,8
2024-09-20 15:03:44.511000,431.7794783911059,1005
2024-09-20 15:03:44.605000,431.73372274415226,14
2024-09-20 15:03:44.864000,431.7208087293263,995
2024-09-20 15:03:44.919000,423.368886210901,104
2024-09-20 15:03:44.941000,431.7348369676175,101
2024-09-20 15:03:45.039000,431.7235719530262,995
2024-09-20 15:03:45.047000,431.7243859670188,9
2024-09-20 15:03:45.063000,431.7128609346746,98
2024-09-20 15:03:45.123000,431.733513496071,15
2024-09-20 15:03:45.132000,431.7631131983225,6
2024-09-20 15:03:45.148000,431.7136163539571,6
2024-09-20 15:03:45.162000,431.7390815233233,996
2024-09-20 15:03:45.599000,431.7038730240694,97
2024-09-20 15:03:45.639000,431.70442275185934,104
2024-09-20 15:03:45.694000,431.73758532979247,105
2024-09-20 15:03:45.706000,431.7256039467803,7
2024-09-20 15:03:45.816000,431.754250622472,9
2024-09-20 15:03:45.821000,431.7864681231384,100
2024-09-20 15:03:45.843000,431.6939644722648,10
2024-09-20 15:03:45.895000,431.7194438224423,11
2024-09-20 15:03:45.932000,431.7390187047196,97
2024-09-20 15:03:45.950000,431.7405643526261,97
2024-09-20 15:03:45.970000,431.7301412037853,13
2024-09-20 15:03:45.974000,431.73072848515886,6
2024-09-20 15:03:46.074000,431.6940117395427,97
2024-09-20 15:03:46.136000,431.6515596187779,995
2024-09-20 15:03:46.140000,431.6893047682262,1002
2024-09-20 15:03:46.183000,431.63635902300206,1002
2024-09-20 15:03:46.254000,423.3519723326605,99
2024-09-20 15:03:46.350000,431.6561315553087,997
2024-09-20 15:03:46.392000,431.65186480347575,1003
2024-09-20 15:03:46.424000,431.6368599017843,13
2024-09-20 15:03:46.592000,431.6448328432414,1004
2024-09-20 15:03:46.765000,431.6692458029478,999
2024-09-20 15:03:46.798000,431.70222050391226,995
2024-09-20 15:03:46.857000,431.65033536040426,96
2024-09-20 15:03:46.880000,431.6462405561111,13
2024-09-20 15:03:46.907000,431.64725753654506,1002
2024-09-20 15:03:46.954000,431.641642519312,1000
2024-09-20 15:03:47.126000,431.6548860754395,1004
2024-09-20 15:03:47.200000,431.6524565719031,8
2024-09-20 15:03:47.294000,431.64931205605495,12
2024-09-20 15:03:47.560000,431.65844480228094,102
2024-09-20 15:03:47.586000,431.6720116283088,95
2024-09-20 15:03:47.668000,431.66176520500966,995
2024-09-20 15:03:47.691000,431.6478193419384,996
2024-09-20 15:03:47.799000,431.6541964434783,5
2024-09-20 15:03:47.799000,431.65561682083256,5
2024-09-20 15:03:47.802000,431.6568852544265,12
2024-09-20 15:03:47.819000,431.6609514307934,7
2024-09-20 15:03:47.926000,431.68829448240575,97
2024-09-20 15:03:48.006000,431.64688937122224,95
2024-09-20 15:03:48.013000,431.6554410411711,12
2024-09-20 15:03:48.077000,431.6387159899917,14
2024-09-20 15:03:48.188000,431.6482457187663,15
2024-09-20 15:03:48.478000,423.3567578194645,99
2024-09-20 15:03:48.490000,431.65013934791057,100
2024-09-20 15:03:48.902000,431.6412063616818,96
2024-09-20 15:03:50.045000,431.6989919360458,96
2024-09-20 15:03:50.072000,431.67905952387946,1004
2024-09-20 15:03:50.091000,431.6662385500301,6
2024-09-20 15:03:50.203000,431.65602872936967,105
2024-09-20 15:03:50.256000,431.6786688679954,7
2024-09-20 15:03:50.377000,431.68393099761295,99
2024-09-20 15:03:50.435000,431.6967519938571,1002
2024-09-20 15:03:50.464000,431.6934829120504,997
2024-09-20 15:03:50.655000,431.6850303914263,101
2024-09-20 15:03:50.664000,431.6697585583007,100
2024-09-20 15:03:50.724000,431.6674755162596,103
2024-09-20 15:03:50.802000,431.7231371904356,1005
2024-09-20 15:03:50.930000,431.65046249822586,1005
2024-09-20 15:03:51.011000,431.721572620649,105
2024-09-20 15:03:51.057000,431.7219622160825,1004
2024-09-20 15:03:51.197000,431.7173444177947,1004
2024-09-20 15:03:51.303000,431.73808667127406,1004
2024-09-20 15:03:51.532000,431.7266365999994,1000
2024-09-20 15:03:51.539000,431.70280789322726,5
2024-09-20 15:03:51.957000,431.701041415473,1000
2024-09-20 15:03:52.003000,431.71417860958456,999
2024-09-20 15:03:52.144000,431.71992468970336,8
2024-09-20 15:03:52.259000,431.714697826376,98
2024-09-20 15:03:52.388000,431.7329302018614,97
2024-09-20 15:03:52.401000,431.740131834163,12
2024-09-20 15:03:52.505000,431.7380165350624,8
2024-09-20 15:03:52.516000,431.6985217112058,15
2024-09-20 15:03:52.600000,431.7160205536334,104
2024-09-20 15:03:52.628000,431.7090615462287,103
2024-09-20 15:03:52.782000,431.7348302144765,1004
2024-09-20 15:03:52.850000,431.7389211460938,97
2024-09-20 15:03:52.957000,431.7054384440143,7
2024-09-20 15:03:52.979000,431.72981521439993,96
2024-09-20 15:03:53.721000,431.7254990608588,12
2024-09-20 15:03:53.726000,431.72579884427097,98
2024-09-20 15:03:53.809000,431.7326508890961,6
2024-09-20 15:03:54.064000,431.6841492571373,997
2024-09-20 15:03:54.079000,431.6947065180987,97
2024-09-20 15:03:54.178000,431.7167619358183,8
2024-09-20 15:03:54.200000,431.7214347876028,15
2024-09-20 15:03:54.370000,431.7124748911989,102
2024-09-20 15:03:54.396000,431.6969164610248,12
2024-09-20 15:03:54.413000,431.7089115160592,12
2024-09-20 15:03:54.578000,431.6942537172973,97
2024-09-20 15:03:54.595000,431.7295088170226,10
2024-09-20 15:03:54.611000,431.6954966936984,102
2024-09-20 15:03:54.658000,431.6883407533987,12
2024-09-20 15:03:54.720000,431.7158052989856,105
2024-09-20 15:03:54.766000,431.6863441577699,7
2024-09-20 15:03:54.816000,431.69769472537,8
2024-09-20 15:03:54.822000,431.6887760697915,101
2024-09-20 15:03:54.832000,431.70695916375024,6
2024-09-20 15:03:54.833000,431.66251286221257,1000
2024-09-20 15:03:54.836000,431.673764444661,15
2024-09-20 15:03:54.883000,431.6906654931973,97
2024-09-20 15:03:54.891000,431.67514642523975,100
2024-09-20 15:03:54.922000,431.6843457698431,1004
2024-09-20 15:03:54.979000,431.6883533075207,996
2024-09-20 15:03:55.179000,431.6876305848244,14
2024-09-20 15:03:55.241000,431.68293811677495,1002
2024-09-20 15:03:55.425000,431.7136226702917,6
2024-09-20 15:03:55.531000,431.6728234021404,9
2024-09-20 15:03:55.858000,431.7120870266528,1000
2024-09-20 15:03:55.919000,431.666636095603,14
2024-09-20 15:03:55.997000,431.7298695846762,8
2024-09-20 15:03:56.830000,431.6836641224875,998
2024-09-20 15:03:57.002000,431.6852736519512,5
2024-09-20 15:03:57.030000,431.62955705866136,1004
2024-09-20 15:03:57.058000,431.6476905670525,1002
2024-09-20 15:03:57.059000,431.6793920595673,1003
2024-09-20 15:03:57.067000,431.64140008190105,95
2024-09-20 15:03:57.086000,431.7146014475813,999
2024-09-20 15:03:57.088000,431.638051911147,1003
2024-09-20 15:03:57.207000,431.6599613521182,14
2024-09-20 15:03:57.288000,431.647988707373,13
2024-09-20 15:03:57.349000,431.68747056766176,15
2024-09-20 15:03:57.357000,431.67800815344367,1003
2024-09-20 15:03:57.392000,431.6382108412993,102
2024-09-20 15:03:57.416000,431.6938147458728,1004
2024-09-20 15:03:57.457000,431.7258968806944,13
2024-09-20 15:03:57.516000,431.6467246777457,1000
2024-09-20 15:03:57.526000,431.7077666178427,1000
2024-09-20 15:03:57.552000,431.6907080013313,103
2024-09-20 15:03:57.568000,431.6474357829972,96
2024-09-20 15:03:57.636000,431.6330154770254,15
2024-09-20 15:03:57.694000,431.64406377308205,996
2024-09-20 15:03:57.705000,431.6652351407092,14
2024-09-20 15:03:57.712000,431.6941966134316,1001
2024-09-20 15:03:57.798000,431.6377890951148,14
2024-09-20 15:03:57.810000,431.6548465358029,98
2024-09-20 15:03:57.875000,431.70003261364207,100
2024-09-20 15:03:57.896000,431.6652824861832,15
2024-09-20 15:03:58.009000,431.69127481546576,1000
2024-09-20 15:03:58.015000,431.6745029362865,95
2024-09-20 15:03:58.101000,431.6256486302496,7
2024-09-20 15:03:58.143000,431.6621908956018,105
2024-09-20 15:03:58.155000,431.6224944569527,1005
2024-09-20 15:03:58.163000,431.6675175852218,12
2024-09-20 15:03:58.268000,431.6522024517123,12
2024-09-20 15:03:58.292000,431.65165118512,996
2024-09-20 15:03:58.333000,431.7082176906967,999
2024-09-20 15:03:58.351000,431.696346175624,100
2024-09-20 15:03:58.426000,431.6743673062863,98
2024-09-20 15:03:58.456000,431.6841947480581,105
2024-09-20 15:03:58.459000,431.6939978953801,15
2024-09-20 15:03:58.503000,431.6567406796905,998
2024-09-20 15:03:58.554000,431.664794723624,998
2024-09-20 15:03:58.608000,431.6661017444944,997
2024-09-20 15:03:58.619000,431.68015677459385,6
2024-09-20 15:03:58.646000,431.6929420269219,105
2024-09-20 15:03:58.747000,431.6150672829346,13
2024-09-20 15:03:58.823000,431.6129634442909,99
2024-09-20 15:03:58.867000,431.6325894503264,105
2024-09-20 15:03:58.942000,431.64399966718565,96
2024-09-20 15:03:59.049000,431.6803626547755,101
2024-09-20 15:03:59.167000,431.69953590734383,997
2024-09-20 15:03:59.170000,431.6751291596454,103
2024-09-20 15:03:59.230000,431.6886978291196,104
2024-09-20 15:03:59.238000,431.68659178801016,1003
2024-09-20 15:03:59.331000,431.6975735272137,99
2024-09-20 15:03:59.357000,431.67281080663446,101
2024-09-20 15:03:59.597000,431.6918539727107,15
2024-09-20 15:03:59.758000,431.67688109858994,100
2024-09-20 15:03:59.933000,431.67779850309216,1002
