Timestamp,Price,Size
2024-09-17 11:42:00.053000,415.2350312967316,104
2024-09-17 11:42:00.148000,415.224307531553,97
2024-09-17 11:42:00.149000,415.2339263100464,12
2024-09-17 11:42:00.174000,415.2325168138089,1001
2024-09-17 11:42:00.246000,415.2199521682773,101
2024-09-17 11:42:00.281000,415.22541052568806,1001
2024-09-17 11:42:00.373000,415.21279616145176,7
2024-09-17 11:42:00.379000,415.2411539591066,11
2024-09-17 11:42:00.402000,415.23509935646894,1005
2024-09-17 11:42:00.449000,415.21218461806063,101
2024-09-17 11:42:00.539000,415.2348737109135,5
2024-09-17 11:42:00.552000,415.23536613318265,1000
2024-09-17 11:42:00.616000,415.2458071535543,1004
2024-09-17 11:42:00.637000,415.24584001999824,102
2024-09-17 11:42:00.769000,415.2182992477692,15
2024-09-17 11:42:00.823000,415.2249160737936,995
2024-09-17 11:42:01.020000,415.2143822047127,1002
2024-09-17 11:42:01.073000,415.1986698418552,999
2024-09-17 11:42:01.113000,415.1984164553127,1005
2024-09-17 11:42:01.241000,415.163538036356,99
2024-09-17 11:42:01.267000,415.20484204072176,98
2024-09-17 11:42:01.307000,415.1696006142392,95
2024-09-17 11:42:01.341000,415.1956998545995,103
2024-09-17 11:42:01.414000,415.2093809174702,104
2024-09-17 11:42:01.447000,415.1893813392708,8
2024-09-17 11:42:01.452000,415.1897718082999,15
2024-09-17 11:42:01.475000,415.2030539065914,12
2024-09-17 11:42:01.526000,415.21212706013176,8
2024-09-17 11:42:01.647000,415.2273648208573,999
2024-09-17 11:42:01.667000,415.19189587972977,99
2024-09-17 11:42:01.830000,415.1857671337629,11
2024-09-17 11:42:01.937000,415.19857931566537,6
2024-09-17 11:42:02.052000,415.2159694823406,6
2024-09-17 11:42:02.057000,415.195977767353,5
2024-09-17 11:42:02.080000,415.2039565532372,998
2024-09-17 11:42:02.142000,415.161383828225,996
2024-09-17 11:42:02.145000,415.1931625240071,10
2024-09-17 11:42:02.227000,415.1587094753833,1005
2024-09-17 11:42:02.230000,415.1790396103781,96
2024-09-17 11:42:02.257000,415.1749794989549,95
2024-09-17 11:42:02.282000,415.16238531737673,103
2024-09-17 11:42:02.296000,415.1840528915917,1005
2024-09-17 11:42:02.367000,415.1598029579805,6
2024-09-17 11:42:02.425000,415.2090408862683,104
2024-09-17 11:42:02.617000,415.19396259025785,998
2024-09-17 11:42:02.638000,415.1908985348269,10
2024-09-17 11:42:02.697000,415.1718637922919,1000
2024-09-17 11:42:02.832000,415.20205297368017,9
2024-09-17 11:42:02.886000,415.1817323928212,14
2024-09-17 11:42:02.957000,415.2099102229517,1003
2024-09-17 11:42:02.967000,415.1519580603578,7
2024-09-17 11:42:02.999000,415.1867014988732,96
2024-09-17 11:42:03,415.09626172741537,101
2024-09-17 11:42:03.005000,415.0891655614959,999
2024-09-17 11:42:03.049000,415.10754847992393,1004
2024-09-17 11:42:03.059000,415.1293663706404,98
2024-09-17 11:42:03.065000,415.1209787271528,1002
2024-09-17 11:42:03.098000,415.12564375461983,102
2024-09-17 11:42:03.144000,415.0910855563754,101
2024-09-17 11:42:03.223000,415.111029207194,1003
2024-09-17 11:42:03.284000,415.1259633639596,101
2024-09-17 11:42:03.368000,415.1101268761764,96
2024-09-17 11:42:03.381000,415.1173818515787,10
2024-09-17 11:42:03.499000,415.1619151117718,1004
2024-09-17 11:42:03.528000,415.14850738725534,1005
2024-09-17 11:42:03.675000,415.17967442903387,97
2024-09-17 11:42:03.852000,415.1048647644201,997
2024-09-17 11:42:03.869000,415.11491225400096,997
2024-09-17 11:42:04.601000,415.1164781031112,10
2024-09-17 11:42:04.623000,415.1200798866605,1003
2024-09-17 11:42:04.718000,415.12248478069216,100
2024-09-17 11:42:04.935000,415.1190967231235,99
2024-09-17 11:42:05.161000,415.112354667924,5
2024-09-17 11:42:05.169000,415.11667292570974,8
2024-09-17 11:42:05.227000,415.0889626967496,11
2024-09-17 11:42:05.248000,415.1098541887279,101
2024-09-17 11:42:05.321000,415.0990498063401,99
2024-09-17 11:42:05.337000,415.1065468010767,999
2024-09-17 11:42:05.354000,415.122085471364,8
2024-09-17 11:42:05.356000,415.08518293438806,1004
2024-09-17 11:42:05.410000,415.1095537486178,100
2024-09-17 11:42:05.496000,415.1547608480851,1000
2024-09-17 11:42:05.509000,415.1365336369544,1005
2024-09-17 11:42:05.699000,415.1293079814802,1004
2024-09-17 11:42:05.711000,415.1190649417612,103
2024-09-17 11:42:05.779000,415.10618954603,999
2024-09-17 11:42:05.843000,415.12328307215387,998
2024-09-17 11:42:05.885000,415.1222450887027,1003
2024-09-17 11:42:06.009000,415.1331072327195,13
2024-09-17 11:42:06.076000,415.133071214547,1000
2024-09-17 11:42:06.149000,415.14412830619057,9
2024-09-17 11:42:06.228000,415.1100230511397,14
2024-09-17 11:42:06.335000,415.1238602481863,1000
2024-09-17 11:42:06.432000,415.1011559972045,1002
2024-09-17 11:42:06.501000,415.1211631090202,998
2024-09-17 11:42:06.510000,415.1351654634239,102
2024-09-17 11:42:06.684000,415.121636358342,15
2024-09-17 11:42:06.829000,415.1355883293936,999
2024-09-17 11:42:06.937000,415.130089295605,104
2024-09-17 11:42:07.449000,415.1227715632919,101
2024-09-17 11:42:07.498000,415.12057548148897,12
2024-09-17 11:42:07.758000,415.1353020092524,97
2024-09-17 11:42:08.040000,415.09744764067545,12
2024-09-17 11:42:08.128000,415.1265930272131,13
2024-09-17 11:42:08.178000,415.0799595163802,1001
2024-09-17 11:42:08.404000,415.1213842654863,95
2024-09-17 11:42:08.425000,415.1204271240255,11
2024-09-17 11:42:08.566000,415.0926299846598,1003
2024-09-17 11:42:08.583000,415.120790599204,7
2024-09-17 11:42:08.587000,415.111994247049,9
2024-09-17 11:42:08.755000,415.1078833752316,1004
2024-09-17 11:42:08.791000,415.1249029475684,104
2024-09-17 11:42:08.806000,415.1093987407209,1000
2024-09-17 11:42:08.900000,415.0741570972135,1005
2024-09-17 11:42:08.912000,415.11940545363314,996
2024-09-17 11:42:09.002000,415.10053763835225,104
2024-09-17 11:42:09.469000,415.0616469761579,996
2024-09-17 11:42:09.501000,415.0839418879603,6
2024-09-17 11:42:09.624000,415.077605464109,7
2024-09-17 11:42:09.632000,415.0890337861532,101
2024-09-17 11:42:09.637000,415.1026597190256,99
2024-09-17 11:42:09.850000,415.08455396214265,12
2024-09-17 11:42:09.850000,415.114804528946,95
2024-09-17 11:42:09.975000,415.0726615144384,100
2024-09-17 11:42:10.013000,415.10314673379327,99
2024-09-17 11:42:10.032000,415.145039307957,997
2024-09-17 11:42:10.086000,415.1701532661357,98
2024-09-17 11:42:10.138000,415.1513012844844,996
2024-09-17 11:42:10.170000,415.104393748357,102
2024-09-17 11:42:10.224000,415.1094489834375,9
2024-09-17 11:42:10.276000,415.1224358719981,1005
2024-09-17 11:42:10.276000,415.1430454541176,100
2024-09-17 11:42:10.334000,415.1072103710988,96
2024-09-17 11:42:10.385000,415.1559662647445,101
2024-09-17 11:42:10.401000,415.1235952262495,102
2024-09-17 11:42:10.421000,415.1237681998441,15
2024-09-17 11:42:10.441000,415.1212558767768,12
2024-09-17 11:42:10.483000,415.1409859406679,996
2024-09-17 11:42:10.497000,415.1342207695973,12
2024-09-17 11:42:10.574000,415.1112454531143,102
2024-09-17 11:42:10.597000,415.15985298322505,97
2024-09-17 11:42:10.601000,415.1101794454966,13
2024-09-17 11:42:10.660000,415.1418993777853,1000
2024-09-17 11:42:10.727000,415.14845814367743,97
2024-09-17 11:42:10.794000,415.1150820032936,104
2024-09-17 11:42:10.803000,415.1020115118948,11
2024-09-17 11:42:10.845000,415.1315332414732,104
2024-09-17 11:42:10.912000,415.11505356649286,1001
2024-09-17 11:42:10.932000,415.1157064689133,100
2024-09-17 11:42:10.981000,415.1452483648784,13
2024-09-17 11:42:11.033000,415.0875380774818,13
2024-09-17 11:42:11.079000,415.03656629329606,98
2024-09-17 11:42:11.159000,415.0727414276144,9
2024-09-17 11:42:11.168000,415.05362299695247,11
2024-09-17 11:42:11.170000,415.08241227839454,998
2024-09-17 11:42:11.183000,415.0327533044538,996
2024-09-17 11:42:11.204000,415.0276182916141,105
2024-09-17 11:42:11.331000,415.08904067842985,997
2024-09-17 11:42:11.364000,415.10575866568576,9
2024-09-17 11:42:11.400000,415.06031534239975,15
2024-09-17 11:42:11.505000,415.049104138134,97
2024-09-17 11:42:11.622000,415.0985140016196,11
2024-09-17 11:42:11.690000,415.0541947823449,104
2024-09-17 11:42:11.784000,415.0572366978649,14
2024-09-17 11:42:11.793000,415.054367745451,12
2024-09-17 11:42:11.806000,415.037607682771,1002
2024-09-17 11:42:11.846000,415.0453968437413,7
2024-09-17 11:42:12.199000,415.1055325701109,99
2024-09-17 11:42:12.422000,415.0896699251989,11
2024-09-17 11:42:12.480000,415.0895856021501,9
2024-09-17 11:42:12.936000,415.1051596107828,999
2024-09-17 11:42:13.056000,415.1406966066973,1002
2024-09-17 11:42:13.675000,415.15660715994414,101
2024-09-17 11:42:13.745000,415.1382973205053,1000
2024-09-17 11:42:13.773000,415.1571240295766,12
2024-09-17 11:42:13.823000,415.1649100596749,14
2024-09-17 11:42:14.046000,415.2364505923929,1003
2024-09-17 11:42:14.101000,415.203986204014,1004
2024-09-17 11:42:14.160000,415.2019218355589,97
2024-09-17 11:42:14.189000,415.2071625028853,9
2024-09-17 11:42:14.218000,415.1712732064966,997
2024-09-17 11:42:14.409000,415.2280775153041,1003
2024-09-17 11:42:14.707000,415.19763915426864,98
2024-09-17 11:42:14.734000,415.2259136791351,1001
2024-09-17 11:42:14.857000,415.20121425877215,101
2024-09-17 11:42:14.912000,415.18447750907234,13
2024-09-17 11:42:14.986000,415.193582451135,103
2024-09-17 11:42:15.013000,415.2645856949878,995
2024-09-17 11:42:15.051000,415.2038792732339,995
2024-09-17 11:42:15.116000,415.2298356665732,105
2024-09-17 11:42:15.150000,415.22269562280815,100
2024-09-17 11:42:15.156000,415.2244330225227,999
2024-09-17 11:42:15.182000,415.2326994337885,1003
2024-09-17 11:42:15.188000,415.2142262248639,5
2024-09-17 11:42:15.196000,415.2390018088337,1000
2024-09-17 11:42:15.232000,415.2547462028926,99
2024-09-17 11:42:15.297000,415.2366003611445,101
2024-09-17 11:42:15.400000,415.2148500858657,995
2024-09-17 11:42:15.442000,415.2097670333354,996
2024-09-17 11:42:15.476000,415.2148878271936,5
2024-09-17 11:42:15.531000,415.2339127684405,102
2024-09-17 11:42:15.547000,415.22072897691606,14
2024-09-17 11:42:15.564000,415.24739432565474,8
2024-09-17 11:42:15.587000,415.245451638797,105
2024-09-17 11:42:15.596000,415.2258998608239,14
2024-09-17 11:42:15.658000,415.22782952887934,12
2024-09-17 11:42:15.751000,415.2198679812938,995
2024-09-17 11:42:15.762000,415.2250699048285,98
2024-09-17 11:42:15.781000,415.2197690641709,14
2024-09-17 11:42:16.068000,415.2622458075402,105
2024-09-17 11:42:16.103000,415.25388691579127,102
2024-09-17 11:42:16.244000,415.249004195251,11
2024-09-17 11:42:16.287000,415.2604187814493,1003
2024-09-17 11:42:16.362000,415.2801532404861,12
2024-09-17 11:42:16.553000,415.2552388462782,98
2024-09-17 11:42:16.677000,415.2523632240331,1004
2024-09-17 11:42:16.714000,415.266239487542,997
2024-09-17 11:42:16.813000,415.2735932814508,10
2024-09-17 11:42:17.050000,415.28910586346,1003
2024-09-17 11:42:17.071000,415.25288234815696,996
2024-09-17 11:42:17.158000,415.29504749646026,11
2024-09-17 11:42:17.181000,415.2940342975258,999
2024-09-17 11:42:17.186000,415.2844762751792,10
2024-09-17 11:42:17.223000,415.2827090896284,105
2024-09-17 11:42:17.233000,415.2828838639744,9
2024-09-17 11:42:17.284000,415.2803316224745,999
2024-09-17 11:42:17.296000,415.28275658836776,95
2024-09-17 11:42:17.466000,415.2769343634328,13
2024-09-17 11:42:17.548000,415.2668448657888,15
2024-09-17 11:42:17.556000,415.28830498244383,105
2024-09-17 11:42:17.588000,415.289815003497,995
2024-09-17 11:42:17.662000,415.2953497499067,99
2024-09-17 11:42:17.682000,415.2795374376362,5
2024-09-17 11:42:17.689000,415.2777755001534,9
2024-09-17 11:42:17.707000,415.28682467104113,997
2024-09-17 11:42:17.733000,415.25853877546473,96
2024-09-17 11:42:17.747000,415.3180471870703,1000
2024-09-17 11:42:17.748000,415.2967929124873,1002
2024-09-17 11:42:17.876000,415.2887827356013,13
2024-09-17 11:42:17.931000,415.260431274367,998
2024-09-17 11:42:17.968000,415.2694031368857,6
2024-09-17 11:42:18.041000,415.2942798594798,14
2024-09-17 11:42:18.097000,415.2551426310968,995
2024-09-17 11:42:18.105000,415.2816476205939,1002
2024-09-17 11:42:18.171000,415.2626655082861,995
2024-09-17 11:42:18.174000,415.2077407916274,995
2024-09-17 11:42:18.275000,415.2817318367514,6
2024-09-17 11:42:18.305000,415.2957600095893,15
2024-09-17 11:42:18.319000,415.3085982318123,104
2024-09-17 11:42:18.363000,415.2753422094497,5
2024-09-17 11:42:18.370000,415.2949382452683,1004
2024-09-17 11:42:18.521000,415.2260329485748,11
2024-09-17 11:42:18.594000,415.259636049378,998
2024-09-17 11:42:18.658000,415.3223800571615,96
2024-09-17 11:42:18.698000,415.2536873821949,104
2024-09-17 11:42:18.722000,415.2005355199278,999
2024-09-17 11:42:18.727000,415.3030574193112,11
2024-09-17 11:42:18.757000,415.3197326683016,7
2024-09-17 11:42:18.876000,415.2615418746702,96
2024-09-17 11:42:18.921000,415.2851555438076,95
2024-09-17 11:42:18.929000,415.22949701809074,96
2024-09-17 11:42:18.965000,415.2000758839202,1001
2024-09-17 11:42:18.969000,415.2636567973111,996
2024-09-17 11:42:19.025000,415.21305506646087,1002
2024-09-17 11:42:19.082000,415.15891949966255,15
2024-09-17 11:42:19.101000,415.1854458243958,1005
2024-09-17 11:42:19.147000,415.16876306696855,1003
2024-09-17 11:42:19.195000,415.17569859578055,9
2024-09-17 11:42:19.288000,415.171643459409,1005
2024-09-17 11:42:19.539000,415.1682679587073,996
2024-09-17 11:42:19.556000,415.1818324342226,9
2024-09-17 11:42:19.674000,415.1843824905857,1004
2024-09-17 11:42:19.690000,415.150463457359,96
2024-09-17 11:42:19.868000,415.1629666039972,100
2024-09-17 11:42:19.900000,415.1725055828978,999
2024-09-17 11:42:20.758000,415.1572116248689,12
2024-09-17 11:42:20.810000,415.1518767199522,6
2024-09-17 11:42:20.948000,415.1476010033147,10
2024-09-17 11:42:21.013000,415.1554392901529,97
2024-09-17 11:42:21.020000,415.2008450831584,12
2024-09-17 11:42:21.183000,415.20428632654233,102
2024-09-17 11:42:21.251000,415.14863412631234,14
2024-09-17 11:42:21.362000,415.15123066441765,12
2024-09-17 11:42:21.399000,415.10857751731527,15
2024-09-17 11:42:21.409000,415.11098182806,101
2024-09-17 11:42:21.620000,415.1126734223817,98
2024-09-17 11:42:21.681000,415.2064230757061,95
2024-09-17 11:42:21.724000,415.1257667022387,15
2024-09-17 11:42:21.815000,415.14200406584354,6
2024-09-17 11:42:21.882000,415.1358684875722,11
2024-09-17 11:42:21.884000,415.18397299376426,15
2024-09-17 11:42:21.888000,415.09756010169855,100
2024-09-17 11:42:21.960000,415.1109873636855,1000
2024-09-17 11:42:21.962000,415.2015661571959,10
2024-09-17 11:42:21.977000,415.12779896792966,105
2024-09-17 11:42:21.987000,415.1358049924715,6
2024-09-17 11:42:21.998000,415.1975948045131,100
2024-09-17 11:42:22.048000,415.2024951372841,101
2024-09-17 11:42:22.100000,415.2043338871678,10
2024-09-17 11:42:22.135000,415.2045224078335,98
2024-09-17 11:42:22.205000,415.2014056034667,995
2024-09-17 11:42:22.220000,415.2068117152488,105
2024-09-17 11:42:22.239000,415.1961732491845,7
2024-09-17 11:42:22.275000,415.1876699733726,997
2024-09-17 11:42:22.376000,415.2208762546418,103
2024-09-17 11:42:22.470000,415.2106497048901,7
2024-09-17 11:42:22.506000,415.2185632463243,996
2024-09-17 11:42:22.618000,415.2076095468505,98
2024-09-17 11:42:22.746000,415.1982445126672,11
2024-09-17 11:42:22.754000,415.2008841540269,95
2024-09-17 11:42:22.785000,415.2056798862508,1000
2024-09-17 11:42:22.789000,415.2032861031992,1003
2024-09-17 11:42:22.823000,415.1968360012347,1002
2024-09-17 11:42:22.916000,415.1984375647903,96
2024-09-17 11:42:22.948000,415.2229676393369,1000
2024-09-17 11:42:22.963000,415.2155625415571,1002
2024-09-17 11:42:22.981000,415.1893462751892,995
2024-09-17 11:42:22.991000,415.20448265047423,9
2024-09-17 11:42:23.046000,415.1873021260282,1001
2024-09-17 11:42:23.169000,415.186037286136,13
2024-09-17 11:42:23.174000,415.1855943645586,6
2024-09-17 11:42:23.234000,415.2208017161266,103
2024-09-17 11:42:23.354000,415.20393629635583,995
2024-09-17 11:42:23.543000,415.1823915764337,98
2024-09-17 11:42:23.555000,415.1966063858268,6
2024-09-17 11:42:23.638000,415.1859899293462,11
2024-09-17 11:42:23.664000,415.1813209309087,7
2024-09-17 11:42:23.680000,415.18971390858553,1005
2024-09-17 11:42:23.697000,415.1933184686361,103
2024-09-17 11:42:24.001000,415.2214584261513,5
2024-09-17 11:42:24.054000,415.21619628553975,995
2024-09-17 11:42:24.096000,415.212971398386,9
2024-09-17 11:42:24.160000,415.23743995702114,6
2024-09-17 11:42:24.212000,415.1984856018336,100
2024-09-17 11:42:24.279000,415.21262660087217,8
2024-09-17 11:42:24.479000,415.1973438372355,1000
2024-09-17 11:42:24.526000,415.2186298733727,9
2024-09-17 11:42:24.534000,415.2105754414242,997
2024-09-17 11:42:24.575000,415.19934582776136,1004
2024-09-17 11:42:24.614000,415.20737547744505,1003
2024-09-17 11:42:24.663000,415.23526095710434,14
2024-09-17 11:42:24.664000,415.2127053855533,12
2024-09-17 11:42:24.881000,415.2307629774993,998
2024-09-17 11:42:25.036000,415.22284200775823,12
2024-09-17 11:42:25.043000,415.1865099823458,997
2024-09-17 11:42:25.080000,415.2130905677573,1002
2024-09-17 11:42:25.087000,415.1989614701068,997
2024-09-17 11:42:25.098000,415.1936538592737,8
2024-09-17 11:42:25.129000,415.2088808591451,1000
2024-09-17 11:42:25.176000,415.1745796555432,998
2024-09-17 11:42:25.199000,415.19535504710905,13
2024-09-17 11:42:25.224000,415.213262369704,96
2024-09-17 11:42:25.250000,415.19547386763367,998
2024-09-17 11:42:25.262000,415.1863016248712,15
2024-09-17 11:42:25.427000,415.1870880111994,1000
2024-09-17 11:42:25.430000,415.1926940719628,14
2024-09-17 11:42:25.463000,415.20260713819766,6
2024-09-17 11:42:25.497000,415.2047109811296,7
2024-09-17 11:42:25.536000,415.1962000018548,999
2024-09-17 11:42:25.583000,415.1975623062168,999
2024-09-17 11:42:25.754000,415.22779783084906,1001
2024-09-17 11:42:25.818000,415.2168148787245,10
2024-09-17 11:42:25.829000,415.22133984147854,13
2024-09-17 11:42:25.860000,415.1721911646532,6
2024-09-17 11:42:25.891000,415.19174464004186,8
2024-09-17 11:42:25.909000,415.1735067578641,13
2024-09-17 11:42:25.940000,415.210384944925,1000
2024-09-17 11:42:26.028000,415.1828324390015,11
2024-09-17 11:42:26.161000,415.17965883339264,1004
2024-09-17 11:42:26.220000,415.1688273772318,998
2024-09-17 11:42:26.248000,415.22654801920174,999
2024-09-17 11:42:26.503000,415.1794409406605,9
2024-09-17 11:42:26.642000,415.1828885598789,12
2024-09-17 11:42:26.770000,415.1702459399009,997
2024-09-17 11:42:26.855000,415.1649350602474,999
2024-09-17 11:42:27.157000,415.2419306770899,99
2024-09-17 11:42:27.195000,415.2441209928832,8
2024-09-17 11:42:27.195000,415.2207293333324,1004
2024-09-17 11:42:27.243000,415.2343190766191,103
2024-09-17 11:42:27.488000,415.2328257328735,97
2024-09-17 11:42:27.509000,415.23070970023554,12
2024-09-17 11:42:27.746000,415.220567083365,998
2024-09-17 11:42:27.767000,415.2309516354903,100
2024-09-17 11:42:27.791000,415.2204891635357,1005
2024-09-17 11:42:27.868000,415.2164011328457,100
2024-09-17 11:42:28.129000,415.23686531379934,1000
2024-09-17 11:42:28.194000,415.24218561638895,995
2024-09-17 11:42:28.252000,415.2529444230077,13
2024-09-17 11:42:28.252000,415.2860039508117,12
2024-09-17 11:42:28.255000,415.2741647172186,11
2024-09-17 11:42:28.543000,415.2549466136943,1005
2024-09-17 11:42:28.750000,415.2547667263312,1004
2024-09-17 11:42:28.820000,415.2457901494369,96
2024-09-17 11:42:29.019000,415.26740429997614,9
2024-09-17 11:42:29.235000,415.2937472924023,95
2024-09-17 11:42:29.243000,415.29140287858746,105
2024-09-17 11:42:29.253000,415.3016639873393,8
2024-09-17 11:42:29.282000,415.2865528197282,13
2024-09-17 11:42:29.448000,415.2904832836091,1005
2024-09-17 11:42:29.757000,415.2681770949612,996
2024-09-17 11:42:29.763000,415.28758521128645,14
2024-09-17 11:42:29.787000,415.27580495242745,100
2024-09-17 11:42:29.871000,415.2933270797469,11
2024-09-17 11:42:30.583000,415.278321196782,101
2024-09-17 11:42:31.027000,415.334310410675,101
2024-09-17 11:42:31.141000,415.2660130843637,95
2024-09-17 11:42:31.215000,415.3180649272881,7
2024-09-17 11:42:31.232000,415.291971247642,97
2024-09-17 11:42:31.343000,415.27057127062096,1004
2024-09-17 11:42:31.356000,415.2714002196758,103
2024-09-17 11:42:31.544000,415.2656084812857,98
2024-09-17 11:42:31.544000,415.3700414312856,5
2024-09-17 11:42:31.561000,415.3127990306911,996
2024-09-17 11:42:31.743000,415.3423208788068,102
2024-09-17 11:42:31.952000,415.3719567246697,95
2024-09-17 11:42:32.003000,415.3675197246697,15
2024-09-17 11:42:32.216000,415.39502328578857,1001
2024-09-17 11:42:32.282000,415.36610909941527,98
2024-09-17 11:42:32.382000,415.41744721070353,11
2024-09-17 11:42:32.387000,415.3720150378711,104
2024-09-17 11:42:32.394000,415.3471037018887,15
2024-09-17 11:42:32.412000,415.3511624563161,103
2024-09-17 11:42:32.426000,415.34263776722304,99
2024-09-17 11:42:32.468000,415.3397468083925,995
2024-09-17 11:42:32.527000,415.3763713614732,1004
2024-09-17 11:42:32.537000,415.3969814693542,15
2024-09-17 11:42:32.562000,415.37068432559937,10
2024-09-17 11:42:32.598000,415.3846147542277,1005
2024-09-17 11:42:32.661000,415.4076654518996,996
2024-09-17 11:42:32.729000,415.37434909139495,12
2024-09-17 11:42:32.733000,415.3823475442397,999
2024-09-17 11:42:32.760000,415.3651276054159,15
2024-09-17 11:42:32.814000,415.3664471986463,1002
2024-09-17 11:42:32.859000,415.4027255280053,998
2024-09-17 11:42:32.859000,415.4086102482037,5
2024-09-17 11:42:32.931000,415.38095977900576,996
2024-09-17 11:42:32.959000,415.3439890218099,995
2024-09-17 11:42:32.992000,415.3801640727778,12
2024-09-17 11:42:33.041000,415.4305088779431,1005
2024-09-17 11:42:33.171000,415.3930331628228,8
2024-09-17 11:42:33.196000,415.46755351694367,1005
2024-09-17 11:42:33.334000,415.3861465019186,6
2024-09-17 11:42:33.347000,415.4397998139507,1005
2024-09-17 11:42:33.398000,415.3930865952853,996
2024-09-17 11:42:33.398000,415.3915606469909,1003
2024-09-17 11:42:33.469000,415.38382085171486,1001
2024-09-17 11:42:33.501000,415.3916233272491,999
2024-09-17 11:42:33.609000,415.4255302248554,95
2024-09-17 11:42:33.755000,415.45752813928425,7
2024-09-17 11:42:33.784000,415.3981178697509,102
2024-09-17 11:42:33.825000,415.45437622601446,6
2024-09-17 11:42:33.842000,415.4715651526356,98
2024-09-17 11:42:33.860000,415.4057151211098,98
2024-09-17 11:42:33.862000,415.397050434124,7
2024-09-17 11:42:33.866000,415.44887498549343,1003
2024-09-17 11:42:33.900000,415.4142215287767,997
2024-09-17 11:42:33.903000,415.44961204527607,101
2024-09-17 11:42:33.931000,415.4779072111485,9
2024-09-17 11:42:33.993000,415.4107890440597,104
2024-09-17 11:42:34.015000,415.43786672372335,104
2024-09-17 11:42:34.056000,415.4552835917463,14
2024-09-17 11:42:34.058000,415.4471641760718,997
2024-09-17 11:42:34.074000,415.45045407612486,1001
2024-09-17 11:42:34.127000,415.45175621110593,15
2024-09-17 11:42:34.147000,415.4452341026602,12
2024-09-17 11:42:34.215000,415.4621237855768,104
2024-09-17 11:42:34.222000,415.4645357360768,996
2024-09-17 11:42:34.238000,415.44082831546064,7
2024-09-17 11:42:34.260000,415.4304258975056,101
2024-09-17 11:42:34.314000,415.4590364758999,15
2024-09-17 11:42:34.334000,415.42783500437776,998
2024-09-17 11:42:34.383000,415.4482593974664,1004
2024-09-17 11:42:34.555000,415.4726246864789,999
2024-09-17 11:42:34.654000,415.4316908330904,97
2024-09-17 11:42:34.659000,415.4459118168318,1004
2024-09-17 11:42:34.715000,415.44644996432,8
2024-09-17 11:42:34.742000,415.4897655582849,12
2024-09-17 11:42:34.806000,415.4501452481894,101
2024-09-17 11:42:34.844000,415.4230518330886,11
2024-09-17 11:42:34.913000,415.43556356381447,997
2024-09-17 11:42:34.917000,415.4354732052434,11
2024-09-17 11:42:34.942000,415.4344509751196,103
2024-09-17 11:42:35.025000,415.51241009684526,103
2024-09-17 11:42:35.097000,415.5073650834418,102
2024-09-17 11:42:35.142000,415.53317945986487,103
2024-09-17 11:42:35.179000,415.5145152329576,1004
2024-09-17 11:42:35.209000,415.5840368349792,9
2024-09-17 11:42:35.240000,415.4919736453329,996
2024-09-17 11:42:35.277000,415.5905509772372,996
2024-09-17 11:42:35.281000,415.5041672984291,1004
2024-09-17 11:42:35.354000,415.5964402582849,12
2024-09-17 11:42:35.370000,415.53658464943936,8
2024-09-17 11:42:35.379000,415.5048440772952,1002
2024-09-17 11:42:35.459000,415.5489129947911,97
2024-09-17 11:42:35.517000,415.5332000673593,101
2024-09-17 11:42:35.555000,415.5218250435228,7
2024-09-17 11:42:35.605000,415.5084005814636,7
2024-09-17 11:42:35.616000,415.5198076873338,7
2024-09-17 11:42:35.619000,415.53559890447104,97
2024-09-17 11:42:35.628000,415.5064978143282,5
2024-09-17 11:42:35.642000,415.58631615875663,997
2024-09-17 11:42:35.718000,415.5346344246968,12
2024-09-17 11:42:35.786000,415.5240597456004,999
2024-09-17 11:42:35.848000,415.6033920847128,1005
2024-09-17 11:42:35.849000,415.5722024102049,104
2024-09-17 11:42:35.864000,415.51242707422654,9
2024-09-17 11:42:36.118000,415.5795563738971,15
2024-09-17 11:42:36.175000,415.5859051648672,995
2024-09-17 11:42:36.231000,415.57808470079937,15
2024-09-17 11:42:36.712000,415.6034451459577,7
2024-09-17 11:42:36.722000,415.5813447328616,104
2024-09-17 11:42:36.812000,415.6075909772599,102
2024-09-17 11:42:36.920000,415.6017035354305,5
2024-09-17 11:42:37.009000,415.6496672633563,15
2024-09-17 11:42:37.055000,415.6623878230228,6
2024-09-17 11:42:37.077000,415.5805134278332,1005
2024-09-17 11:42:37.094000,415.6856757747274,13
2024-09-17 11:42:37.176000,415.6634290973887,997
2024-09-17 11:42:37.314000,415.5879799441596,1001
2024-09-17 11:42:37.349000,415.5766960332276,96
2024-09-17 11:42:37.350000,415.6437374355202,99
2024-09-17 11:42:37.355000,415.6196064224587,1005
2024-09-17 11:42:37.398000,415.5787879535308,1003
2024-09-17 11:42:37.413000,415.6384281087452,101
2024-09-17 11:42:37.456000,415.6045452322598,1004
2024-09-17 11:42:37.473000,415.6211851324643,1002
2024-09-17 11:42:37.473000,415.57810646988463,96
2024-09-17 11:42:37.524000,415.6321690378765,105
2024-09-17 11:42:37.545000,415.5745029284162,5
2024-09-17 11:42:37.545000,415.628231410311,96
2024-09-17 11:42:37.556000,415.65391120794607,98
2024-09-17 11:42:37.611000,415.5703126542845,998
2024-09-17 11:42:37.670000,415.6785561148445,95
2024-09-17 11:42:37.729000,415.5993127891829,100
2024-09-17 11:42:37.759000,415.6243779732399,100
2024-09-17 11:42:37.791000,415.6385571095832,7
2024-09-17 11:42:37.838000,415.584986493421,95
2024-09-17 11:42:37.852000,415.6452790045359,10
2024-09-17 11:42:37.898000,415.65382928594136,1001
2024-09-17 11:42:37.969000,415.6156740995346,999
2024-09-17 11:42:38.093000,415.6513282668408,105
2024-09-17 11:42:38.107000,415.68519170660943,105
2024-09-17 11:42:38.182000,415.6580093314436,8
2024-09-17 11:42:38.197000,415.6886529782595,13
2024-09-17 11:42:38.223000,415.6813755623888,102
2024-09-17 11:42:38.297000,415.68462214732665,100
2024-09-17 11:42:38.368000,415.66560698046055,104
2024-09-17 11:42:38.375000,415.6044639276208,101
2024-09-17 11:42:38.407000,415.6381758861723,7
2024-09-17 11:42:38.493000,415.65333356909656,101
2024-09-17 11:42:38.552000,415.6100658420141,5
2024-09-17 11:42:38.640000,415.5979319486453,11
2024-09-17 11:42:38.671000,415.6759436026446,998
2024-09-17 11:42:38.678000,415.650792353461,98
2024-09-17 11:42:38.703000,415.6683579292483,10
2024-09-17 11:42:38.786000,415.68150760349016,995
2024-09-17 11:42:38.944000,415.678943622837,1005
2024-09-17 11:42:38.951000,415.6192702861343,98
2024-09-17 11:42:38.976000,415.6874036629285,9
2024-09-17 11:42:39.009000,415.5526539602072,8
2024-09-17 11:42:39.023000,415.5357872147528,105
2024-09-17 11:42:39.236000,415.575300302664,100
2024-09-17 11:42:39.239000,415.5476364915696,1004
2024-09-17 11:42:39.283000,415.5774322232621,102
2024-09-17 11:42:39.387000,415.54347797127775,97
2024-09-17 11:42:39.400000,415.5899019690063,996
2024-09-17 11:42:39.448000,415.5353390868637,97
2024-09-17 11:42:39.451000,415.5471435491098,998
2024-09-17 11:42:39.597000,415.54143255036695,101
2024-09-17 11:42:39.679000,415.5392051708338,996
2024-09-17 11:42:39.690000,415.5655941325099,11
2024-09-17 11:42:39.693000,415.5483794414227,9
2024-09-17 11:42:39.715000,415.5220838726208,1004
2024-09-17 11:42:39.733000,415.5719644451684,103
2024-09-17 11:42:39.807000,415.524676036702,10
2024-09-17 11:42:39.823000,415.56595446075545,96
2024-09-17 11:42:39.948000,415.546457034887,95
2024-09-17 11:42:40.154000,415.584490712894,1001
2024-09-17 11:42:40.162000,415.56782707350936,15
2024-09-17 11:42:40.538000,415.5712158425791,105
2024-09-17 11:42:40.668000,415.5641902756205,5
2024-09-17 11:42:40.728000,415.5851045816209,8
2024-09-17 11:42:40.902000,415.562029843278,1003
2024-09-17 11:42:40.923000,415.5788188835836,98
2024-09-17 11:42:42.096000,415.5415180741985,1002
2024-09-17 11:42:42.131000,415.536434645767,8
2024-09-17 11:42:42.403000,415.5535542425249,6
2024-09-17 11:42:42.493000,415.5573712790378,5
2024-09-17 11:42:42.777000,415.52850133913006,98
2024-09-17 11:42:43.040000,415.52473491849935,105
2024-09-17 11:42:43.105000,415.53824202027215,1004
2024-09-17 11:42:43.135000,415.4826499463835,13
2024-09-17 11:42:43.144000,415.4967128241681,5
2024-09-17 11:42:43.187000,415.5006643999359,101
2024-09-17 11:42:43.223000,415.5246582027412,999
2024-09-17 11:42:43.365000,415.51990790781537,105
2024-09-17 11:42:43.382000,415.4727634105585,997
2024-09-17 11:42:43.394000,415.4642767156637,995
2024-09-17 11:42:43.412000,415.4733783499371,11
2024-09-17 11:42:43.494000,415.4983755127681,1003
2024-09-17 11:42:43.500000,415.5253467345438,97
2024-09-17 11:42:43.578000,415.459896139362,999
2024-09-17 11:42:43.601000,415.4873032390414,15
2024-09-17 11:42:43.629000,415.4992434996689,996
2024-09-17 11:42:43.667000,415.5214665949442,12
2024-09-17 11:42:43.667000,415.4554155778888,14
2024-09-17 11:42:43.839000,415.5294136324944,98
2024-09-17 11:42:43.876000,415.4819061039222,13
2024-09-17 11:42:43.923000,415.5313446455246,15
2024-09-17 11:42:43.959000,415.4737261449644,997
2024-09-17 11:42:43.984000,415.4828498472332,12
2024-09-17 11:42:44.001000,415.4084701761225,95
2024-09-17 11:42:44.016000,415.47410480554834,12
2024-09-17 11:42:44.061000,415.4142464402469,96
2024-09-17 11:42:44.235000,415.42495986030457,100
2024-09-17 11:42:44.455000,415.4504471496898,998
2024-09-17 11:42:44.472000,415.4766816160053,11
2024-09-17 11:42:44.492000,415.44829459513,7
2024-09-17 11:42:44.555000,415.4356782403672,5
2024-09-17 11:42:44.561000,415.45976479442345,9
2024-09-17 11:42:44.625000,415.4567266058853,11
2024-09-17 11:42:44.819000,415.4376021588896,99
2024-09-17 11:42:44.896000,415.4614639109029,998
2024-09-17 11:42:45.121000,415.431872153469,999
2024-09-17 11:42:45.165000,415.4412665197463,97
2024-09-17 11:42:45.334000,415.4425814764807,1003
2024-09-17 11:42:45.352000,415.4321755623941,96
2024-09-17 11:42:45.524000,415.4328461638462,13
2024-09-17 11:42:45.547000,415.4236831517202,997
2024-09-17 11:42:45.644000,415.43422103937087,999
2024-09-17 11:42:45.800000,415.436434602811,996
2024-09-17 11:42:46.068000,415.5425370506296,97
2024-09-17 11:42:46.097000,415.4462207201029,5
2024-09-17 11:42:46.176000,415.5489027379568,995
2024-09-17 11:42:46.198000,415.538988577165,1002
2024-09-17 11:42:46.228000,415.4483954691418,1000
2024-09-17 11:42:46.267000,415.5495311946336,97
2024-09-17 11:42:46.289000,415.4783769245497,99
2024-09-17 11:42:46.291000,415.5430298248405,102
2024-09-17 11:42:46.300000,415.5477029839935,9
2024-09-17 11:42:46.387000,415.454636005226,98
2024-09-17 11:42:46.399000,415.5330440846643,8
2024-09-17 11:42:46.405000,415.529725578721,13
2024-09-17 11:42:46.406000,415.5454129296253,995
2024-09-17 11:42:46.440000,415.5343921626699,7
2024-09-17 11:42:46.476000,415.5280461433333,104
2024-09-17 11:42:46.506000,415.5504532249543,5
2024-09-17 11:42:46.523000,415.5196482925093,1004
2024-09-17 11:42:46.647000,415.5052823657368,100
2024-09-17 11:42:46.648000,415.5196988898071,1001
2024-09-17 11:42:46.716000,415.5423847193916,1004
2024-09-17 11:42:46.732000,415.5105473042779,995
2024-09-17 11:42:46.756000,415.5299790291224,7
2024-09-17 11:42:46.897000,415.5379246882053,7
2024-09-17 11:42:46.920000,415.5315807697043,5
2024-09-17 11:42:46.949000,415.528539259972,1003
2024-09-17 11:42:46.968000,415.5387710881308,105
2024-09-17 11:42:47.288000,415.5836688649784,1005
2024-09-17 11:42:47.335000,415.5602011136549,99
2024-09-17 11:42:47.384000,415.5848640475295,98
2024-09-17 11:42:47.480000,415.5825394720291,999
2024-09-17 11:42:47.552000,415.5865283666065,13
2024-09-17 11:42:48.006000,415.6359286219624,11
2024-09-17 11:42:48.017000,415.68530513555015,100
2024-09-17 11:42:48.066000,415.7017888242847,101
2024-09-17 11:42:48.099000,415.613517405794,98
2024-09-17 11:42:48.176000,415.6357934717774,105
2024-09-17 11:42:48.314000,415.6509321501409,99
2024-09-17 11:42:48.321000,415.5916275427403,13
2024-09-17 11:42:48.321000,415.687619444342,9
2024-09-17 11:42:48.337000,415.6758305076858,1001
2024-09-17 11:42:48.442000,415.6987474387629,999
2024-09-17 11:42:48.653000,415.6135119019229,98
2024-09-17 11:42:48.786000,415.6223514945422,13
2024-09-17 11:42:48.895000,415.6424612031364,5
2024-09-17 11:42:49.053000,415.6588891722448,99
2024-09-17 11:42:49.072000,415.6832027738072,14
2024-09-17 11:42:49.090000,415.6632119336961,1000
2024-09-17 11:42:49.110000,415.7001069390827,13
2024-09-17 11:42:49.141000,415.6414262317604,95
2024-09-17 11:42:49.151000,415.6501773139565,103
2024-09-17 11:42:49.206000,415.70398532209225,100
2024-09-17 11:42:49.302000,415.6809067908228,999
2024-09-17 11:42:49.326000,415.6480631701567,6
2024-09-17 11:42:49.403000,415.6713059827874,96
2024-09-17 11:42:49.446000,415.6791777038234,9
2024-09-17 11:42:49.579000,415.66744760813,96
2024-09-17 11:42:49.625000,415.7062869708338,1004
2024-09-17 11:42:49.642000,415.6656182311356,5
2024-09-17 11:42:49.645000,415.69707545499887,997
2024-09-17 11:42:49.680000,415.67502871659207,1001
2024-09-17 11:42:49.693000,415.69157520840827,14
2024-09-17 11:42:49.700000,415.7054870223904,96
2024-09-17 11:42:49.852000,415.6751685613421,9
2024-09-17 11:42:49.911000,415.6617470996909,1001
2024-09-17 11:42:49.974000,415.6352473598225,1002
2024-09-17 11:42:49.992000,415.6644380422867,11
2024-09-17 11:42:50.020000,415.66929422672825,1005
2024-09-17 11:42:50.078000,415.6779827599518,99
2024-09-17 11:42:50.225000,415.6497947837632,13
2024-09-17 11:42:50.307000,415.6834271948359,9
2024-09-17 11:42:50.377000,415.6384803052679,104
2024-09-17 11:42:50.473000,415.6828798871152,5
2024-09-17 11:42:50.483000,415.6557718060748,9
2024-09-17 11:42:50.541000,415.64411975022097,102
2024-09-17 11:42:50.549000,415.66703708641904,97
2024-09-17 11:42:50.628000,415.6457569261608,100
2024-09-17 11:42:50.660000,415.6805399303244,6
2024-09-17 11:42:50.871000,415.6696672075611,14
2024-09-17 11:42:50.914000,415.6547971430388,5
2024-09-17 11:42:50.944000,415.6652376475287,998
2024-09-17 11:42:50.950000,415.6712607862343,1001
2024-09-17 11:42:51.202000,415.6933688256769,1003
2024-09-17 11:42:51.311000,415.6711194553138,11
2024-09-17 11:42:51.479000,415.6794941690897,97
2024-09-17 11:42:52.090000,415.676940549502,6
2024-09-17 11:42:52.129000,415.6773651146973,1001
2024-09-17 11:42:52.189000,415.6848219048964,13
2024-09-17 11:42:52.198000,415.6669633244954,98
2024-09-17 11:42:52.207000,415.6639500902575,97
2024-09-17 11:42:52.210000,415.66862245294647,13
2024-09-17 11:42:52.231000,415.6699714314007,100
2024-09-17 11:42:52.261000,415.6548977741508,102
2024-09-17 11:42:52.263000,415.6917426278401,97
2024-09-17 11:42:52.268000,415.6720584813853,9
2024-09-17 11:42:52.310000,415.6703001147166,96
2024-09-17 11:42:52.353000,415.6984904262259,997
2024-09-17 11:42:52.376000,415.6650600379687,1000
2024-09-17 11:42:52.431000,415.68832438769255,15
2024-09-17 11:42:52.481000,415.6804064927671,102
2024-09-17 11:42:52.550000,415.6987203211425,995
2024-09-17 11:42:52.557000,415.6779499451485,13
2024-09-17 11:42:52.564000,415.6915294417154,103
2024-09-17 11:42:52.574000,415.6769992387297,102
2024-09-17 11:42:52.667000,415.6581466322507,1001
2024-09-17 11:42:52.670000,415.6986611202194,96
2024-09-17 11:42:52.690000,415.6479672842935,100
2024-09-17 11:42:52.693000,415.6698498674908,9
2024-09-17 11:42:52.746000,415.6529671097791,1004
2024-09-17 11:42:52.776000,415.6828408344708,15
2024-09-17 11:42:52.954000,415.6679109601588,101
2024-09-17 11:42:52.958000,415.6773283720528,6
2024-09-17 11:42:53.005000,415.67317607992135,14
2024-09-17 11:42:53.017000,415.7008077254231,10
2024-09-17 11:42:53.045000,415.66850980533593,95
2024-09-17 11:42:53.053000,415.6782187057575,103
2024-09-17 11:42:53.070000,415.6144830011677,10
2024-09-17 11:42:53.105000,415.695229877588,10
2024-09-17 11:42:53.122000,415.65672907481127,1002
2024-09-17 11:42:53.267000,415.6809220061113,995
2024-09-17 11:42:53.339000,415.64132059376624,9
2024-09-17 11:42:53.364000,415.68309270044136,11
2024-09-17 11:42:53.378000,415.6238121344158,1005
2024-09-17 11:42:53.408000,415.6763665131313,1005
2024-09-17 11:42:53.419000,415.6228704708238,6
2024-09-17 11:42:53.451000,415.6745418745824,996
2024-09-17 11:42:53.510000,415.61226248661774,999
2024-09-17 11:42:53.577000,415.6835375068699,12
2024-09-17 11:42:53.586000,415.6719446041325,12
2024-09-17 11:42:53.725000,415.6171353573816,95
2024-09-17 11:42:53.751000,415.66366113275103,996
2024-09-17 11:42:53.783000,415.6675671805194,104
2024-09-17 11:42:53.916000,415.6826143529645,13
2024-09-17 11:42:53.963000,415.62722704712303,1000
2024-09-17 11:42:53.969000,415.6675959119425,99
2024-09-17 11:42:53.972000,415.6558456144581,1001
2024-09-17 11:42:53.998000,415.6762980433759,102
2024-09-17 11:42:54.047000,415.55964965084655,9
2024-09-17 11:42:54.309000,415.59045167794994,999
2024-09-17 11:42:54.342000,415.5833630839157,100
2024-09-17 11:42:54.368000,415.58254448095056,995
2024-09-17 11:42:54.413000,415.5624791711281,104
2024-09-17 11:42:54.495000,415.5799534650138,103
2024-09-17 11:42:54.504000,415.5936003475665,997
2024-09-17 11:42:54.518000,415.5687642877319,1000
2024-09-17 11:42:54.548000,415.55825885589513,6
2024-09-17 11:42:54.652000,415.5800122309352,13
2024-09-17 11:42:54.741000,415.56836953445776,99
2024-09-17 11:42:54.860000,415.5743512293217,14
2024-09-17 11:42:54.870000,415.6042127097943,9
2024-09-17 11:42:54.872000,415.5473952749476,1001
2024-09-17 11:42:54.921000,415.55290892850775,96
2024-09-17 11:42:55.008000,415.58361212584447,97
2024-09-17 11:42:55.039000,415.57572448326215,1002
2024-09-17 11:42:55.181000,415.58886038464897,102
2024-09-17 11:42:55.183000,415.5763826533844,10
2024-09-17 11:42:55.412000,415.585595105015,99
2024-09-17 11:42:55.529000,415.5657883839903,5
2024-09-17 11:42:55.786000,415.5763056674044,995
2024-09-17 11:42:55.816000,415.61340480239073,12
2024-09-17 11:42:56.026000,415.63659951542144,11
2024-09-17 11:42:56.272000,415.6039148678013,998
2024-09-17 11:42:56.533000,415.6252754682587,999
2024-09-17 11:42:56.598000,415.6269749796856,1005
2024-09-17 11:42:56.600000,415.6133049139264,995
2024-09-17 11:42:56.644000,415.60395054998406,97
2024-09-17 11:42:56.764000,415.62696548782645,104
2024-09-17 11:42:56.906000,415.5960949712107,96
2024-09-17 11:42:56.980000,415.6228962218879,9
2024-09-17 11:42:56.991000,415.6375063918498,1002
2024-09-17 11:42:56.994000,415.60873292991846,1002
2024-09-17 11:42:57.006000,415.7484370351615,11
2024-09-17 11:42:57.032000,415.7549952735591,5
2024-09-17 11:42:57.062000,415.6087440794505,98
2024-09-17 11:42:57.096000,415.62183143988864,12
2024-09-17 11:42:57.230000,415.7357717026592,13
2024-09-17 11:42:57.293000,415.7613652224373,96
2024-09-17 11:42:57.306000,415.74416370945534,1003
2024-09-17 11:42:57.309000,415.69772798783015,7
2024-09-17 11:42:57.367000,415.7660967366927,7
2024-09-17 11:42:57.440000,415.7531698226372,1004
2024-09-17 11:42:57.450000,415.6242887554076,96
2024-09-17 11:42:57.516000,415.7280894558927,1004
2024-09-17 11:42:57.531000,415.7568308497526,1001
2024-09-17 11:42:57.641000,415.741910671639,102
2024-09-17 11:42:57.755000,415.7685496925431,5
2024-09-17 11:42:57.791000,415.6578218894972,1004
2024-09-17 11:42:57.866000,415.7441593486732,14
2024-09-17 11:42:57.918000,415.73540907433846,101
2024-09-17 11:42:57.930000,415.7434420023399,1000
2024-09-17 11:42:57.965000,415.74036709751806,13
2024-09-17 11:42:57.998000,415.69801261838506,1003
2024-09-17 11:42:58.015000,415.77545573259135,6
2024-09-17 11:42:58.035000,415.81688278659743,95
2024-09-17 11:42:58.184000,415.7663230426351,95
2024-09-17 11:42:58.296000,415.7684049380008,9
2024-09-17 11:42:58.315000,415.77496832943535,996
2024-09-17 11:42:58.329000,415.75859818927097,1002
2024-09-17 11:42:58.516000,415.7864924884201,99
2024-09-17 11:42:58.592000,415.7992369134072,95
2024-09-17 11:42:58.624000,415.7990011148375,95
2024-09-17 11:42:58.676000,415.7695628663966,1005
2024-09-17 11:42:58.739000,415.8029988651522,10
2024-09-17 11:42:58.794000,415.8099538937148,13
2024-09-17 11:42:58.800000,415.80174439939816,95
2024-09-17 11:42:58.808000,415.8089167973145,998
2024-09-17 11:42:58.910000,415.810471302958,100
2024-09-17 11:42:58.929000,415.807969860934,11
2024-09-17 11:42:58.935000,415.76985011106086,1004
2024-09-17 11:42:59.110000,415.7272109812221,998
2024-09-17 11:42:59.119000,415.763360650614,10
2024-09-17 11:42:59.180000,415.71728044520864,98
2024-09-17 11:42:59.245000,415.7275677971313,8
2024-09-17 11:42:59.370000,415.759221176926,12
2024-09-17 11:42:59.374000,415.7314361711058,996
2024-09-17 11:42:59.383000,415.7362066857757,105
2024-09-17 11:42:59.411000,415.7220662243007,996
2024-09-17 11:42:59.457000,415.7309624240967,1001
2024-09-17 11:42:59.478000,415.7178035788808,1002
2024-09-17 11:42:59.485000,415.7322896484801,97
2024-09-17 11:42:59.533000,415.72607334059984,13
2024-09-17 11:42:59.564000,415.7482223406011,12
2024-09-17 11:42:59.640000,415.75919484842586,997
2024-09-17 11:42:59.649000,415.7491542923472,1000
2024-09-17 11:42:59.672000,415.7443956332509,98
2024-09-17 11:42:59.675000,415.7391250663416,96
2024-09-17 11:42:59.689000,415.75648224350414,99
2024-09-17 11:42:59.997000,415.72088208960906,9
