Timestamp,Price,Size
2024-09-17 14:02:00.002000,402.0757675336384,100
2024-09-17 14:02:00.035000,402.0715163706194,12
2024-09-17 14:02:00.051000,402.0565943688768,99
2024-09-17 14:02:00.148000,402.030440780215,6
2024-09-17 14:02:00.185000,402.1330644560424,1000
2024-09-17 14:02:00.196000,402.0831254438373,13
2024-09-17 14:02:00.328000,402.05837848360426,98
2024-09-17 14:02:00.361000,402.0647239288264,996
2024-09-17 14:02:00.364000,402.0599359903624,15
2024-09-17 14:02:00.378000,402.10482359360304,6
2024-09-17 14:02:00.399000,402.1279037046948,995
2024-09-17 14:02:00.403000,402.058677492964,1002
2024-09-17 14:02:00.409000,402.06533496003146,100
2024-09-17 14:02:00.442000,402.07889842651787,13
2024-09-17 14:02:00.469000,402.0801978218298,95
2024-09-17 14:02:00.501000,402.0677440516545,104
2024-09-17 14:02:00.508000,402.11499512544,995
2024-09-17 14:02:00.515000,402.0591736481518,998
2024-09-17 14:02:00.621000,402.0839511049352,15
2024-09-17 14:02:00.657000,402.03388350975575,103
2024-09-17 14:02:00.675000,402.08297529511856,998
2024-09-17 14:02:00.676000,402.0796779982775,1001
2024-09-17 14:02:00.778000,402.0944678662357,999
2024-09-17 14:02:00.876000,402.09203331591135,1000
2024-09-17 14:02:00.931000,402.0935397722671,12
2024-09-17 14:02:00.965000,402.0527829843022,1002
2024-09-17 14:02:01.048000,402.1818023957368,1000
2024-09-17 14:02:01.056000,402.1352440540479,1004
2024-09-17 14:02:01.155000,402.1492492859376,1005
2024-09-17 14:02:01.198000,402.1066022297911,5
2024-09-17 14:02:01.207000,402.1416710374558,14
2024-09-17 14:02:01.207000,402.1824317141202,999
2024-09-17 14:02:01.268000,402.1402718709521,103
2024-09-17 14:02:01.279000,402.1772384542274,97
2024-09-17 14:02:01.291000,402.1466520566764,13
2024-09-17 14:02:01.309000,402.15795424623707,1000
2024-09-17 14:02:01.364000,402.1732264550377,98
2024-09-17 14:02:01.393000,402.1689938740621,9
2024-09-17 14:02:01.399000,402.1530781290073,1002
2024-09-17 14:02:01.483000,402.15399864288406,8
2024-09-17 14:02:01.506000,402.1708067756797,103
2024-09-17 14:02:01.509000,402.16811113439945,100
2024-09-17 14:02:01.564000,402.14644502113214,14
2024-09-17 14:02:01.575000,402.1512765469359,998
2024-09-17 14:02:01.577000,402.15034944145503,10
2024-09-17 14:02:01.578000,402.1450821034431,100
2024-09-17 14:02:01.587000,402.1091276536086,96
2024-09-17 14:02:01.591000,402.1711403393684,6
2024-09-17 14:02:01.603000,402.162544232878,1005
2024-09-17 14:02:01.926000,402.1514980649422,6
2024-09-17 14:02:01.930000,402.1158334131169,5
2024-09-17 14:02:01.942000,402.14727551768186,95
2024-09-17 14:02:02.044000,402.1787710091033,10
2024-09-17 14:02:02.066000,402.1415044900236,10
2024-09-17 14:02:02.143000,402.1348373693368,997
2024-09-17 14:02:02.241000,402.17492247951424,97
2024-09-17 14:02:02.294000,402.14816119721263,12
2024-09-17 14:02:02.341000,402.16797297481617,14
2024-09-17 14:02:02.444000,402.1432138183126,996
2024-09-17 14:02:02.486000,402.1745516151235,15
2024-09-17 14:02:02.591000,402.1514755104333,9
2024-09-17 14:02:02.837000,402.1695483247116,11
2024-09-17 14:02:02.881000,402.1730515361453,97
2024-09-17 14:02:02.886000,402.13871038798095,1003
2024-09-17 14:02:02.919000,402.1776389686034,5
2024-09-17 14:02:02.922000,402.14489141332666,1002
2024-09-17 14:02:02.935000,402.1758076520617,96
2024-09-17 14:02:03.064000,402.1123146983402,104
2024-09-17 14:02:03.078000,402.1163643953284,13
2024-09-17 14:02:03.096000,402.1193729144893,100
2024-09-17 14:02:03.286000,402.1190936350906,1005
2024-09-17 14:02:03.301000,402.0831348039199,98
2024-09-17 14:02:03.323000,402.1082640968284,1003
2024-09-17 14:02:03.372000,402.1297104203975,105
2024-09-17 14:02:03.472000,402.0969939480005,14
2024-09-17 14:02:03.718000,402.1084675838213,8
2024-09-17 14:02:03.787000,402.1026707723585,12
2024-09-17 14:02:03.955000,402.1105697040096,1003
2024-09-17 14:02:04.025000,402.0456110606951,1002
2024-09-17 14:02:04.050000,401.9795819116618,1004
2024-09-17 14:02:04.110000,401.95579384315664,1000
2024-09-17 14:02:04.232000,402.093128284777,11
2024-09-17 14:02:04.237000,401.9566103796274,996
2024-09-17 14:02:04.253000,402.0178506623505,97
2024-09-17 14:02:04.268000,401.9398481109238,98
2024-09-17 14:02:04.284000,402.0836571416709,96
2024-09-17 14:02:04.306000,402.0341619806251,13
2024-09-17 14:02:04.415000,401.9564032355706,105
2024-09-17 14:02:04.425000,402.0295642508421,12
2024-09-17 14:02:04.435000,402.0144382691408,995
2024-09-17 14:02:04.508000,402.0920023039463,999
2024-09-17 14:02:04.524000,402.0747886459661,7
2024-09-17 14:02:04.587000,402.0823021187381,10
2024-09-17 14:02:04.596000,402.0177399258985,12
2024-09-17 14:02:04.603000,402.0504700488305,1000
2024-09-17 14:02:04.607000,402.0665739240448,105
2024-09-17 14:02:04.632000,402.0007335026008,1003
2024-09-17 14:02:04.634000,402.09687056638535,6
2024-09-17 14:02:04.705000,401.9452079401774,13
2024-09-17 14:02:04.817000,401.9990965118572,1003
2024-09-17 14:02:04.823000,402.0412812978351,104
2024-09-17 14:02:04.901000,402.0603582746547,998
2024-09-17 14:02:04.941000,402.0762307545896,14
2024-09-17 14:02:04.950000,402.082599631316,999
2024-09-17 14:02:04.973000,402.0457124357393,10
2024-09-17 14:02:05.092000,401.9513303685614,1001
2024-09-17 14:02:05.171000,401.9602460799505,998
2024-09-17 14:02:05.172000,401.9544762768744,96
2024-09-17 14:02:05.255000,401.9237271293308,995
2024-09-17 14:02:05.427000,401.93630776498486,999
2024-09-17 14:02:05.439000,401.9443390251527,996
2024-09-17 14:02:05.623000,401.9300400741064,102
2024-09-17 14:02:05.690000,401.95590956082617,999
2024-09-17 14:02:05.776000,401.9459271579273,13
2024-09-17 14:02:05.814000,401.93879760372994,997
2024-09-17 14:02:05.837000,401.9549264035813,14
2024-09-17 14:02:05.872000,401.919698443775,996
2024-09-17 14:02:06.091000,401.926127393194,11
2024-09-17 14:02:06.095000,401.918816861084,101
2024-09-17 14:02:06.171000,401.9233337093149,999
2024-09-17 14:02:06.213000,401.9238320292647,15
2024-09-17 14:02:06.333000,401.93050908521946,1005
2024-09-17 14:02:06.337000,401.9253002198522,1004
2024-09-17 14:02:06.361000,401.9384171286746,10
2024-09-17 14:02:06.496000,401.9691167412432,12
2024-09-17 14:02:06.521000,401.9497760556691,1003
2024-09-17 14:02:06.735000,401.92277561816,9
2024-09-17 14:02:06.847000,401.93832190236776,15
2024-09-17 14:02:07.044000,401.95891294032737,7
2024-09-17 14:02:07.085000,401.9605659470984,5
2024-09-17 14:02:07.098000,401.9261738434644,101
2024-09-17 14:02:07.132000,401.9656596452477,9
2024-09-17 14:02:07.143000,401.979655233916,98
2024-09-17 14:02:07.340000,401.8493758531282,9
2024-09-17 14:02:07.364000,401.8984714129039,999
2024-09-17 14:02:07.366000,401.9756144595372,99
2024-09-17 14:02:07.443000,401.9964366257001,1005
2024-09-17 14:02:07.450000,401.97729263592737,998
2024-09-17 14:02:07.487000,401.9681118352334,998
2024-09-17 14:02:07.522000,401.9706531551146,15
2024-09-17 14:02:07.524000,401.9534799651405,104
2024-09-17 14:02:07.550000,401.9688342035718,103
2024-09-17 14:02:07.566000,401.9520958639832,96
2024-09-17 14:02:07.604000,401.9453338600701,1004
2024-09-17 14:02:07.632000,401.9741242092538,8
2024-09-17 14:02:07.650000,401.94951770105047,1005
2024-09-17 14:02:07.691000,401.9932522823328,98
2024-09-17 14:02:07.725000,401.976434877143,995
2024-09-17 14:02:07.742000,401.9484526652277,995
2024-09-17 14:02:07.758000,401.8737814808039,12
2024-09-17 14:02:07.826000,401.9911576444566,8
2024-09-17 14:02:07.893000,401.9994563094056,13
2024-09-17 14:02:07.902000,401.967737565831,13
2024-09-17 14:02:07.977000,401.9863087328568,6
2024-09-17 14:02:08.012000,401.8225428698653,98
2024-09-17 14:02:08.062000,401.8237259103947,13
2024-09-17 14:02:08.097000,401.8065073353485,6
2024-09-17 14:02:08.150000,401.8293780006908,996
2024-09-17 14:02:08.164000,401.8182101523082,5
2024-09-17 14:02:08.186000,401.8419005860181,995
2024-09-17 14:02:08.194000,401.8326901486057,996
2024-09-17 14:02:08.220000,401.83663517858736,103
2024-09-17 14:02:08.320000,401.8462507197,105
2024-09-17 14:02:08.456000,401.8359862769634,12
2024-09-17 14:02:08.528000,401.8454141206564,1004
2024-09-17 14:02:08.542000,401.8294209255184,105
2024-09-17 14:02:08.606000,401.8402058399772,101
2024-09-17 14:02:08.713000,401.85449156885744,15
2024-09-17 14:02:08.757000,401.8072695931052,1005
2024-09-17 14:02:08.777000,401.8179594107931,95
2024-09-17 14:02:08.966000,401.821647159948,999
2024-09-17 14:02:08.968000,401.8232849937477,105
2024-09-17 14:02:08.994000,401.841813090343,96
2024-09-17 14:02:09.124000,401.8322031259426,10
2024-09-17 14:02:09.137000,401.8595362446748,999
2024-09-17 14:02:09.150000,401.8560319403299,95
2024-09-17 14:02:09.217000,401.8326374815941,998
2024-09-17 14:02:09.224000,401.8590770507322,998
2024-09-17 14:02:09.257000,401.8568631079031,95
2024-09-17 14:02:09.413000,401.86874239788426,11
2024-09-17 14:02:09.415000,401.8478069948683,104
2024-09-17 14:02:09.607000,401.8796406721741,7
2024-09-17 14:02:09.633000,401.8555377628469,11
2024-09-17 14:02:09.695000,401.8430557429146,8
2024-09-17 14:02:09.816000,401.8838502743821,1002
2024-09-17 14:02:09.897000,401.8400360133908,97
2024-09-17 14:02:09.955000,401.8486697650122,97
2024-09-17 14:02:09.996000,401.8606714174754,103
2024-09-17 14:02:10.016000,401.8022736496232,1000
2024-09-17 14:02:10.032000,401.78830796720297,1001
2024-09-17 14:02:10.096000,401.8508250108405,1000
2024-09-17 14:02:10.150000,401.7773823385603,1004
2024-09-17 14:02:10.307000,401.8404554680781,100
2024-09-17 14:02:10.352000,401.81518327586383,15
2024-09-17 14:02:10.471000,401.8595582098504,8
2024-09-17 14:02:10.641000,401.8559895820408,999
2024-09-17 14:02:10.642000,401.8031207181528,96
2024-09-17 14:02:10.745000,401.83851146259417,1003
2024-09-17 14:02:10.761000,401.856937538632,95
2024-09-17 14:02:10.853000,401.7699337477929,6
2024-09-17 14:02:10.866000,401.82065751670336,9
2024-09-17 14:02:10.870000,401.8490539832457,1000
2024-09-17 14:02:10.930000,401.7873569612019,1003
2024-09-17 14:02:11.112000,401.8408894991079,103
2024-09-17 14:02:11.187000,401.8694686344617,1003
2024-09-17 14:02:11.237000,401.8515934638293,1004
2024-09-17 14:02:11.307000,401.8611276303487,6
2024-09-17 14:02:11.361000,401.8696816427638,7
2024-09-17 14:02:11.405000,401.85736995305854,1002
2024-09-17 14:02:11.438000,401.8760312024978,8
2024-09-17 14:02:11.503000,401.8474576466951,998
2024-09-17 14:02:11.521000,401.8202283527193,14
2024-09-17 14:02:11.650000,401.85623905631184,97
2024-09-17 14:02:11.731000,401.7974370470762,998
2024-09-17 14:02:11.751000,401.8168042266479,997
2024-09-17 14:02:11.757000,401.8658309658392,100
2024-09-17 14:02:11.787000,401.8421947251997,99
2024-09-17 14:02:11.791000,401.85330384249744,10
2024-09-17 14:02:11.845000,401.86202190683485,99
2024-09-17 14:02:11.868000,401.847561123473,95
2024-09-17 14:02:11.917000,401.8560143790749,998
2024-09-17 14:02:11.970000,401.8037641213908,100
2024-09-17 14:02:11.971000,401.8512706377682,15
2024-09-17 14:02:11.989000,401.8206995924192,5
2024-09-17 14:02:12.044000,401.8594211030939,12
2024-09-17 14:02:12.046000,401.8441727787077,99
2024-09-17 14:02:12.089000,401.8906484608581,13
2024-09-17 14:02:12.223000,401.8787155216061,996
2024-09-17 14:02:12.238000,401.8500911655794,1004
2024-09-17 14:02:12.261000,401.83948104405545,104
2024-09-17 14:02:12.356000,401.856211692717,6
2024-09-17 14:02:12.595000,401.8928893726905,996
2024-09-17 14:02:12.776000,401.8587740464091,14
2024-09-17 14:02:12.819000,401.82961330140927,9
2024-09-17 14:02:12.964000,401.8868559341351,96
2024-09-17 14:02:13.236000,401.8792631892721,1003
2024-09-17 14:02:14.091000,401.9231728391133,1002
2024-09-17 14:02:14.206000,401.9425904335748,10
2024-09-17 14:02:14.264000,401.9169633759549,1003
2024-09-17 14:02:14.277000,401.9708530609016,9
2024-09-17 14:02:14.283000,401.9255217871226,104
2024-09-17 14:02:14.298000,401.9379639742512,15
2024-09-17 14:02:14.360000,401.9584745259033,995
2024-09-17 14:02:14.373000,401.9386523853663,996
2024-09-17 14:02:14.379000,401.9118464993444,999
2024-09-17 14:02:14.438000,401.9438285554456,101
2024-09-17 14:02:14.469000,401.87524536968425,1004
2024-09-17 14:02:14.531000,401.9357441598567,15
2024-09-17 14:02:14.561000,401.9244386228027,15
2024-09-17 14:02:14.669000,401.90485646254047,104
2024-09-17 14:02:14.730000,401.9428578181822,1002
2024-09-17 14:02:14.855000,401.9511198300012,98
2024-09-17 14:02:14.941000,401.9422478821249,995
2024-09-17 14:02:14.955000,401.932305145048,97
2024-09-17 14:02:14.958000,401.9462409878719,1000
2024-09-17 14:02:14.974000,401.9615397231712,13
2024-09-17 14:02:14.980000,401.9328272702234,1002
2024-09-17 14:02:15.066000,401.9389216313859,101
2024-09-17 14:02:15.143000,401.9562050545047,99
2024-09-17 14:02:15.247000,401.9540615007098,995
2024-09-17 14:02:15.267000,401.94218667537086,98
2024-09-17 14:02:15.294000,401.9293404828287,995
2024-09-17 14:02:15.390000,401.9508421859278,997
2024-09-17 14:02:15.455000,401.9476298694772,1001
2024-09-17 14:02:15.457000,401.933716801252,1003
2024-09-17 14:02:15.499000,401.9723965529288,96
2024-09-17 14:02:15.546000,401.9393039813336,999
2024-09-17 14:02:15.570000,401.9503009291848,8
2024-09-17 14:02:15.604000,401.9634324729674,998
2024-09-17 14:02:15.631000,401.96175117108095,13
2024-09-17 14:02:15.651000,401.96359712686376,1001
2024-09-17 14:02:15.655000,401.9469081251557,100
2024-09-17 14:02:15.658000,401.9515816477756,9
2024-09-17 14:02:15.745000,401.9351581922975,1003
2024-09-17 14:02:15.762000,401.92813349395374,1005
2024-09-17 14:02:15.765000,401.9561463674156,995
2024-09-17 14:02:15.767000,401.9362669114889,995
2024-09-17 14:02:15.774000,401.94767312374944,100
2024-09-17 14:02:15.842000,401.9492991312582,11
2024-09-17 14:02:15.853000,401.94467546249984,1005
2024-09-17 14:02:16.004000,401.95406431533416,997
2024-09-17 14:02:16.031000,402.016836274096,997
2024-09-17 14:02:16.056000,402.02182447684544,1003
2024-09-17 14:02:16.076000,401.9390763002806,12
2024-09-17 14:02:16.088000,402.0358527312874,99
2024-09-17 14:02:16.121000,401.9691053090247,1004
2024-09-17 14:02:16.124000,402.01253883305503,100
2024-09-17 14:02:16.137000,401.94367517165045,97
2024-09-17 14:02:16.191000,401.9556906495695,99
2024-09-17 14:02:16.218000,401.9489048993343,996
2024-09-17 14:02:16.222000,401.9908735596406,96
2024-09-17 14:02:16.260000,402.035533505084,98
2024-09-17 14:02:16.347000,401.9595749545384,11
2024-09-17 14:02:16.467000,402.0051440227148,999
2024-09-17 14:02:16.482000,401.9894516709791,1001
2024-09-17 14:02:16.491000,401.9797850609485,1005
2024-09-17 14:02:16.540000,402.0249290997463,1002
2024-09-17 14:02:16.663000,401.9778140439647,100
2024-09-17 14:02:16.717000,401.9480350825398,99
2024-09-17 14:02:16.735000,401.9810179926295,102
2024-09-17 14:02:16.751000,401.9790979236242,9
2024-09-17 14:02:16.796000,401.9338339203812,97
2024-09-17 14:02:16.860000,401.9958517639928,1002
2024-09-17 14:02:16.905000,401.9910186432093,101
2024-09-17 14:02:16.909000,401.9801864532619,99
2024-09-17 14:02:16.922000,401.9467064878711,999
2024-09-17 14:02:16.937000,402.0053961441552,1001
2024-09-17 14:02:16.940000,401.98892170018553,99
2024-09-17 14:02:17.141000,402.0553091638737,10
2024-09-17 14:02:17.183000,402.03142223665486,96
2024-09-17 14:02:17.268000,402.044618235438,102
2024-09-17 14:02:17.282000,402.0562163928861,13
2024-09-17 14:02:17.329000,402.07458062113,999
2024-09-17 14:02:17.331000,402.03645212516966,995
2024-09-17 14:02:17.480000,402.0306734690968,95
2024-09-17 14:02:17.655000,402.0749770492167,1004
2024-09-17 14:02:17.709000,402.0602841904848,1004
2024-09-17 14:02:17.758000,402.0427614051648,997
2024-09-17 14:02:17.825000,402.06689227043705,1002
2024-09-17 14:02:17.924000,402.0464278833596,9
2024-09-17 14:02:17.942000,402.0391303263312,7
2024-09-17 14:02:18.170000,402.0891063271324,103
2024-09-17 14:02:18.217000,402.0776033185188,104
2024-09-17 14:02:18.244000,402.0940063330089,1003
2024-09-17 14:02:18.412000,402.0845973155184,6
2024-09-17 14:02:18.492000,402.0832076806335,1000
2024-09-17 14:02:18.597000,402.0890526482297,1004
2024-09-17 14:02:18.638000,402.0969197499433,104
2024-09-17 14:02:18.834000,402.0687833201699,13
2024-09-17 14:02:18.945000,402.0804666212999,1002
2024-09-17 14:02:19.025000,402.11513087837113,13
2024-09-17 14:02:19.084000,402.1094432376321,15
2024-09-17 14:02:19.345000,402.1081347815874,1004
2024-09-17 14:02:19.375000,402.10434872507136,1002
2024-09-17 14:02:19.677000,402.09088563897154,100
2024-09-17 14:02:19.714000,402.1199954570304,9
2024-09-17 14:02:19.788000,402.101297047829,995
2024-09-17 14:02:19.841000,402.0917022804373,98
2024-09-17 14:02:20.004000,402.1129287158626,10
2024-09-17 14:02:20.109000,402.11135359910855,995
2024-09-17 14:02:20.110000,402.1303972780058,102
2024-09-17 14:02:20.195000,402.078050059391,100
2024-09-17 14:02:20.213000,402.1297128364941,1002
2024-09-17 14:02:20.261000,402.0858307581129,1002
2024-09-17 14:02:20.270000,402.1315253377316,6
2024-09-17 14:02:20.275000,402.10265688821454,5
2024-09-17 14:02:20.303000,402.1135792386468,1000
2024-09-17 14:02:20.378000,402.1075497637125,12
2024-09-17 14:02:20.469000,402.104239213672,11
2024-09-17 14:02:20.541000,402.1056790887384,6
2024-09-17 14:02:20.569000,402.0982910296769,102
2024-09-17 14:02:20.617000,402.101787059507,96
2024-09-17 14:02:20.843000,402.1085522975858,103
2024-09-17 14:02:20.847000,402.0745740584002,14
2024-09-17 14:02:20.870000,402.0795234598777,13
2024-09-17 14:02:20.935000,402.1096344811132,96
2024-09-17 14:02:20.957000,402.1270978317523,1005
2024-09-17 14:02:20.966000,402.12782356636137,1002
2024-09-17 14:02:21.361000,402.1259921846093,100
2024-09-17 14:02:21.447000,402.1423540956736,998
2024-09-17 14:02:21.472000,402.15072844115787,99
2024-09-17 14:02:21.497000,402.1240036088823,1002
2024-09-17 14:02:21.626000,402.1223375448469,104
2024-09-17 14:02:21.825000,402.1270068296009,14
2024-09-17 14:02:22.118000,402.051919164998,7
2024-09-17 14:02:22.141000,402.056942377285,12
2024-09-17 14:02:22.187000,402.072275325386,12
2024-09-17 14:02:22.199000,402.082858607746,998
2024-09-17 14:02:22.220000,402.1127028816104,1003
2024-09-17 14:02:22.312000,402.11513517790655,100
2024-09-17 14:02:22.320000,402.1131448598612,98
2024-09-17 14:02:22.340000,402.04155008333936,99
2024-09-17 14:02:22.347000,402.1017727854812,10
2024-09-17 14:02:22.347000,402.047718241092,96
2024-09-17 14:02:22.354000,402.0582230823386,10
2024-09-17 14:02:22.362000,402.077422310997,9
2024-09-17 14:02:22.394000,402.1035932478703,8
2024-09-17 14:02:22.456000,402.0712439309947,1003
2024-09-17 14:02:22.469000,402.0427463011184,996
2024-09-17 14:02:22.486000,402.1144387743398,1001
2024-09-17 14:02:22.496000,402.0726827835642,98
2024-09-17 14:02:22.515000,402.06130603200114,100
2024-09-17 14:02:22.521000,402.0611751538655,15
2024-09-17 14:02:22.532000,402.11251136998817,9
2024-09-17 14:02:22.555000,402.0689124079536,103
2024-09-17 14:02:22.698000,402.0853911382728,8
2024-09-17 14:02:22.750000,402.0601348488629,7
2024-09-17 14:02:22.853000,402.07453566975903,100
2024-09-17 14:02:22.875000,402.0820459307445,1002
2024-09-17 14:02:22.960000,402.1310633492433,13
2024-09-17 14:02:22.999000,402.057295463424,11
2024-09-17 14:02:23.077000,402.0763378897185,10
2024-09-17 14:02:23.216000,402.0641715540029,11
2024-09-17 14:02:23.238000,402.0404364172412,995
2024-09-17 14:02:23.390000,402.1269363519848,15
2024-09-17 14:02:23.527000,402.1186696441389,100
2024-09-17 14:02:23.538000,402.0411620678798,998
2024-09-17 14:02:23.595000,402.0902017086593,996
2024-09-17 14:02:23.610000,402.0849483333164,1003
2024-09-17 14:02:23.645000,402.1228316278071,1000
2024-09-17 14:02:23.745000,402.07170379223646,998
2024-09-17 14:02:23.879000,402.1094142308414,104
2024-09-17 14:02:24.036000,402.1237081875598,998
2024-09-17 14:02:24.041000,402.119304417736,995
2024-09-17 14:02:24.058000,402.1775799706456,95
2024-09-17 14:02:24.080000,402.1480145626181,1000
2024-09-17 14:02:24.087000,402.11933974026056,99
2024-09-17 14:02:24.197000,402.1879457919717,11
2024-09-17 14:02:24.277000,402.1337679714492,7
2024-09-17 14:02:24.387000,402.1380618166368,996
2024-09-17 14:02:24.397000,402.1579527198813,97
2024-09-17 14:02:24.426000,402.1412457548,1003
2024-09-17 14:02:24.458000,402.13373663206914,1004
2024-09-17 14:02:24.518000,402.1272437424146,100
2024-09-17 14:02:24.644000,402.14882856214905,5
2024-09-17 14:02:24.644000,402.1375884626239,1004
2024-09-17 14:02:24.671000,402.1743319115505,99
2024-09-17 14:02:24.673000,402.1469193535351,5
2024-09-17 14:02:24.725000,402.1409072310453,103
2024-09-17 14:02:24.763000,402.1332866969397,7
2024-09-17 14:02:24.799000,402.1438194079816,10
2024-09-17 14:02:24.803000,402.157446320425,104
2024-09-17 14:02:24.805000,402.1424538022292,100
2024-09-17 14:02:24.807000,402.18758753045125,97
2024-09-17 14:02:24.843000,402.1216713083029,1005
2024-09-17 14:02:24.847000,402.1202281800434,10
2024-09-17 14:02:24.847000,402.166194574882,102
2024-09-17 14:02:24.863000,402.1457306525068,1000
2024-09-17 14:02:24.887000,402.1726514384801,1000
2024-09-17 14:02:24.994000,402.173434696796,98
2024-09-17 14:02:25.042000,402.2698294622883,1002
2024-09-17 14:02:25.082000,402.2236076642555,99
2024-09-17 14:02:25.102000,402.1648447285363,13
2024-09-17 14:02:25.336000,402.177482797408,6
2024-09-17 14:02:25.342000,402.1679777748983,6
2024-09-17 14:02:25.372000,402.17028715521855,10
2024-09-17 14:02:25.430000,402.24851227894686,997
2024-09-17 14:02:25.467000,402.2380867882555,1005
2024-09-17 14:02:25.488000,402.1581915980596,1003
2024-09-17 14:02:25.578000,402.18660179832,95
2024-09-17 14:02:25.676000,402.2248863878412,102
2024-09-17 14:02:25.767000,402.18856978871617,8
2024-09-17 14:02:25.776000,402.1556851144517,1000
2024-09-17 14:02:25.830000,402.2154863502324,98
2024-09-17 14:02:25.974000,402.2678859095898,8
2024-09-17 14:02:26.021000,402.2548635938135,996
2024-09-17 14:02:26.205000,402.2851556854925,1000
2024-09-17 14:02:26.223000,402.2710178920164,9
2024-09-17 14:02:26.269000,402.2719645524426,98
2024-09-17 14:02:26.406000,402.2786904151827,15
2024-09-17 14:02:26.664000,402.2759608896265,8
2024-09-17 14:02:26.723000,402.2711991289687,103
2024-09-17 14:02:26.758000,402.26862788221615,1002
2024-09-17 14:02:27.113000,402.3026023247178,15
2024-09-17 14:02:27.510000,402.29852768835326,99
2024-09-17 14:02:27.680000,402.2985050527292,1000
2024-09-17 14:02:27.708000,402.3013439436773,1003
2024-09-17 14:02:27.788000,402.30991332646073,1003
2024-09-17 14:02:28.003000,402.2847354185133,997
2024-09-17 14:02:28.019000,402.3625530813936,7
2024-09-17 14:02:28.104000,402.2958781890505,997
2024-09-17 14:02:28.191000,402.3508900704456,1002
2024-09-17 14:02:28.448000,402.2765698095235,100
2024-09-17 14:02:28.534000,402.29183255064754,100
2024-09-17 14:02:28.644000,402.3581431025205,102
2024-09-17 14:02:28.667000,402.3430847705415,13
2024-09-17 14:02:28.782000,402.2829228698026,1002
2024-09-17 14:02:28.824000,402.3163477175186,6
2024-09-17 14:02:28.905000,402.3117313480756,104
2024-09-17 14:02:29.035000,402.3550080200752,100
2024-09-17 14:02:29.231000,402.3369035850397,104
2024-09-17 14:02:29.233000,402.35108833166345,996
2024-09-17 14:02:29.256000,402.3519735198249,12
2024-09-17 14:02:29.301000,402.3533050345436,95
2024-09-17 14:02:29.319000,402.3519682003741,1001
2024-09-17 14:02:29.518000,402.35324112641416,8
2024-09-17 14:02:29.527000,402.352950663922,1000
2024-09-17 14:02:29.534000,402.3574824558906,97
2024-09-17 14:02:29.544000,402.3342188725612,14
2024-09-17 14:02:29.548000,402.34800633352427,7
2024-09-17 14:02:29.603000,402.3449002655768,11
2024-09-17 14:02:29.710000,402.33954862043777,14
2024-09-17 14:02:29.745000,402.3418554642328,13
2024-09-17 14:02:29.757000,402.3432605472572,5
2024-09-17 14:02:29.808000,402.3392548061703,103
2024-09-17 14:02:29.902000,402.34439037609394,13
2024-09-17 14:02:29.912000,402.3458767787177,13
2024-09-17 14:02:29.970000,402.3623580107363,100
2024-09-17 14:02:30.333000,402.3289253916773,104
2024-09-17 14:02:30.365000,402.33957655921273,14
2024-09-17 14:02:30.423000,402.3532509024636,14
2024-09-17 14:02:30.599000,402.333839411853,1002
2024-09-17 14:02:30.747000,402.352613479116,997
2024-09-17 14:02:30.841000,402.328744919099,99
2024-09-17 14:02:30.869000,402.3268658939836,98
2024-09-17 14:02:30.950000,402.315732933364,12
2024-09-17 14:02:30.969000,402.3583057672452,102
2024-09-17 14:02:31.094000,402.3415653708258,12
2024-09-17 14:02:31.258000,402.3306965345862,12
2024-09-17 14:02:31.426000,402.315156067969,95
2024-09-17 14:02:31.723000,402.3003177100827,1000
2024-09-17 14:02:31.901000,402.3305315492342,9
2024-09-17 14:02:31.938000,402.31598988958126,5
2024-09-17 14:02:31.978000,402.3361760589694,103
2024-09-17 14:02:32.076000,402.3379648641063,14
2024-09-17 14:02:32.206000,402.32392954743887,102
2024-09-17 14:02:32.242000,402.32559133556,15
2024-09-17 14:02:32.269000,402.3242914747773,1003
2024-09-17 14:02:32.465000,402.3191356976407,13
2024-09-17 14:02:32.466000,402.3150171980532,995
2024-09-17 14:02:32.483000,402.3330015946663,1000
2024-09-17 14:02:32.518000,402.35046360879295,98
2024-09-17 14:02:32.703000,402.3188672947564,996
2024-09-17 14:02:32.711000,402.33353932247314,996
2024-09-17 14:02:32.942000,402.31720090514864,7
2024-09-17 14:02:34.383000,402.3079759550183,8
2024-09-17 14:02:35.032000,402.2724883101441,104
2024-09-17 14:02:35.048000,402.2702858178442,12
2024-09-17 14:02:35.069000,402.26195584093256,12
2024-09-17 14:02:35.169000,402.2714353995971,103
2024-09-17 14:02:35.219000,402.26474842102766,15
2024-09-17 14:02:35.335000,402.28400274199737,5
2024-09-17 14:02:35.399000,402.2644191303365,101
2024-09-17 14:02:35.431000,402.2968065133242,104
2024-09-17 14:02:35.444000,402.2589672484462,97
2024-09-17 14:02:35.465000,402.26940348469327,97
2024-09-17 14:02:35.538000,402.2993004325008,995
2024-09-17 14:02:35.551000,402.277948068978,7
2024-09-17 14:02:35.557000,402.26372223809705,10
2024-09-17 14:02:35.700000,402.2630868119824,997
2024-09-17 14:02:35.804000,402.2643295385072,1002
2024-09-17 14:02:35.914000,402.27142969727447,8
2024-09-17 14:02:35.921000,402.2657795973533,98
2024-09-17 14:02:35.945000,402.2767730595856,15
2024-09-17 14:02:37.012000,402.2906816524988,999
2024-09-17 14:02:37.032000,402.2362636301884,101
2024-09-17 14:02:37.291000,402.2893376213343,95
2024-09-17 14:02:37.292000,402.2865025956626,8
2024-09-17 14:02:37.341000,402.2513408175173,15
2024-09-17 14:02:37.502000,402.2566571340744,13
2024-09-17 14:02:37.564000,402.2424808333599,999
2024-09-17 14:02:37.624000,402.2838735965517,95
2024-09-17 14:02:37.628000,402.22367496827167,997
2024-09-17 14:02:37.680000,402.2966714848322,8
2024-09-17 14:02:37.808000,402.2278348298533,8
2024-09-17 14:02:37.906000,402.266161528018,101
2024-09-17 14:02:37.968000,402.2859312688295,998
2024-09-17 14:02:37.972000,402.2648408002054,105
2024-09-17 14:02:38.003000,402.2166687724605,1005
2024-09-17 14:02:38.098000,402.2403310281984,14
2024-09-17 14:02:38.102000,402.23953087427935,999
2024-09-17 14:02:38.128000,402.2130152293008,14
2024-09-17 14:02:38.129000,402.2437335282666,100
2024-09-17 14:02:38.202000,402.2244795665028,1000
2024-09-17 14:02:38.376000,402.2171794460138,8
2024-09-17 14:02:38.423000,402.2158070746487,5
2024-09-17 14:02:38.482000,402.2488666037967,1004
2024-09-17 14:02:38.498000,402.22453986895056,996
2024-09-17 14:02:38.524000,402.2297230494496,99
2024-09-17 14:02:38.559000,402.23865249949824,5
2024-09-17 14:02:38.572000,402.2176990268543,12
2024-09-17 14:02:38.699000,402.2372460236706,102
2024-09-17 14:02:38.979000,402.2406041738444,12
2024-09-17 14:02:39.041000,402.1701273473828,104
2024-09-17 14:02:39.050000,402.18123277272826,10
2024-09-17 14:02:39.056000,402.1601606616371,1001
2024-09-17 14:02:39.074000,402.1668186767729,1005
2024-09-17 14:02:39.176000,402.15877576269634,98
2024-09-17 14:02:39.227000,402.1664963579138,6
2024-09-17 14:02:39.321000,402.2134352356289,15
2024-09-17 14:02:39.426000,402.1713637014668,100
2024-09-17 14:02:39.494000,402.17816618504975,1003
2024-09-17 14:02:39.614000,402.1591253063445,102
2024-09-17 14:02:39.620000,402.1747737018296,1004
2024-09-17 14:02:39.627000,402.21184814656687,96
2024-09-17 14:02:39.673000,402.1742220675239,9
2024-09-17 14:02:39.856000,402.21731271732494,11
2024-09-17 14:02:39.886000,402.1923752074842,15
2024-09-17 14:02:39.959000,402.1723290881045,101
2024-09-17 14:02:39.975000,402.1806412020149,13
2024-09-17 14:02:40.004000,402.1752935892685,999
2024-09-17 14:02:40.019000,402.1437234745649,997
2024-09-17 14:02:40.135000,402.18857596255,1002
2024-09-17 14:02:40.136000,402.1501279158221,1003
2024-09-17 14:02:40.161000,402.16469311253377,96
2024-09-17 14:02:40.196000,402.11969273514393,105
2024-09-17 14:02:40.212000,402.1431691753204,8
2024-09-17 14:02:40.247000,402.1301964392336,999
2024-09-17 14:02:40.336000,402.1395801101616,1004
2024-09-17 14:02:40.365000,402.1255110651267,999
2024-09-17 14:02:40.494000,402.156884051188,12
2024-09-17 14:02:40.551000,402.12246704377327,96
2024-09-17 14:02:40.719000,402.15145114529577,103
2024-09-17 14:02:40.852000,402.1822310266409,10
2024-09-17 14:02:40.902000,402.11943798579233,8
2024-09-17 14:02:40.991000,402.12106100148526,104
2024-09-17 14:02:41.067000,402.1681698303282,1001
2024-09-17 14:02:41.145000,402.143533062299,99
2024-09-17 14:02:41.146000,402.1599026390976,13
2024-09-17 14:02:41.195000,402.17919848743327,6
2024-09-17 14:02:41.227000,402.1447118436079,98
2024-09-17 14:02:41.298000,402.1868340584271,1001
2024-09-17 14:02:41.409000,402.16465829572667,103
2024-09-17 14:02:41.419000,402.1319946811395,99
2024-09-17 14:02:41.433000,402.1780729843503,105
2024-09-17 14:02:41.437000,402.1154891346329,998
2024-09-17 14:02:41.498000,402.1199893739016,14
2024-09-17 14:02:41.525000,402.1290162238155,10
2024-09-17 14:02:41.607000,402.12927998150064,995
2024-09-17 14:02:41.647000,402.15022556845486,103
2024-09-17 14:02:41.650000,402.1255948498789,101
2024-09-17 14:02:41.723000,402.1442875867528,1001
2024-09-17 14:02:41.767000,402.1947233377246,15
2024-09-17 14:02:41.839000,402.1730933771252,6
2024-09-17 14:02:41.856000,402.12118618096025,103
2024-09-17 14:02:41.920000,402.1370386289007,1004
2024-09-17 14:02:41.949000,402.16394712324455,105
2024-09-17 14:02:41.993000,402.1580775603628,102
2024-09-17 14:02:42.196000,402.2345299897829,15
2024-09-17 14:02:42.204000,402.21848470506126,1001
2024-09-17 14:02:42.283000,402.2202405991813,96
2024-09-17 14:02:42.309000,402.19891955770015,99
2024-09-17 14:02:42.344000,402.20349953863,1002
2024-09-17 14:02:42.363000,402.2043904962523,14
2024-09-17 14:02:42.404000,402.1938612225727,97
2024-09-17 14:02:42.433000,402.2304795069113,1001
2024-09-17 14:02:42.460000,402.2049190796086,995
2024-09-17 14:02:42.584000,402.1925356856853,15
2024-09-17 14:02:42.610000,402.1968521530965,95
2024-09-17 14:02:42.636000,402.2288699231816,6
2024-09-17 14:02:42.711000,402.2022792974264,98
2024-09-17 14:02:42.737000,402.22005655411823,996
2024-09-17 14:02:42.770000,402.2293294087455,1002
2024-09-17 14:02:42.833000,402.2272518964498,998
2024-09-17 14:02:42.838000,402.2234277197524,1003
2024-09-17 14:02:42.856000,402.2147172999306,103
2024-09-17 14:02:42.858000,402.2303700582961,997
2024-09-17 14:02:42.909000,402.2023864074461,103
2024-09-17 14:02:42.929000,402.2091073511844,1000
2024-09-17 14:02:42.937000,402.18707598350767,101
2024-09-17 14:02:42.996000,402.2042831615609,98
2024-09-17 14:02:42.998000,402.2280849833009,8
2024-09-17 14:02:43.040000,402.24743208047016,12
2024-09-17 14:02:43.079000,402.256896689584,7
2024-09-17 14:02:43.165000,402.23216836484335,1004
2024-09-17 14:02:43.252000,402.2564271815952,102
2024-09-17 14:02:43.356000,402.2631153101652,1001
2024-09-17 14:02:43.363000,402.251660026196,1000
2024-09-17 14:02:43.452000,402.247789064934,95
2024-09-17 14:02:43.530000,402.26948060724885,11
2024-09-17 14:02:43.815000,402.2577841134125,12
2024-09-17 14:02:43.823000,402.2430148135907,1004
2024-09-17 14:02:43.883000,402.2623228828574,9
2024-09-17 14:02:43.981000,402.24809032733344,996
2024-09-17 14:02:44.049000,402.26479793765935,1002
2024-09-17 14:02:44.128000,402.2910199704979,15
2024-09-17 14:02:44.281000,402.2741303449988,98
2024-09-17 14:02:44.283000,402.2633977508754,10
2024-09-17 14:02:44.365000,402.2780297473368,98
2024-09-17 14:02:44.399000,402.2661573956863,998
2024-09-17 14:02:44.419000,402.2681983413469,8
2024-09-17 14:02:44.518000,402.2770294978601,102
2024-09-17 14:02:44.523000,402.2899475778887,999
2024-09-17 14:02:44.551000,402.2869261166048,100
2024-09-17 14:02:44.621000,402.2685024682468,8
2024-09-17 14:02:44.654000,402.25549987087766,104
2024-09-17 14:02:44.768000,402.2740044058523,11
2024-09-17 14:02:44.783000,402.2423453153512,998
2024-09-17 14:02:44.796000,402.29433638056656,998
2024-09-17 14:02:44.802000,402.27008603618657,1000
2024-09-17 14:02:44.901000,402.2655136885914,10
2024-09-17 14:02:44.901000,402.2659760223046,95
2024-09-17 14:02:44.906000,402.26718064067336,9
2024-09-17 14:02:44.923000,402.26892344698814,103
2024-09-17 14:02:44.940000,402.2679832457301,995
2024-09-17 14:02:45.086000,402.2387980832909,99
2024-09-17 14:02:45.230000,402.28238974115146,997
2024-09-17 14:02:45.257000,402.281843990378,998
2024-09-17 14:02:45.271000,402.2031459825927,995
2024-09-17 14:02:45.347000,402.22734966787584,1005
2024-09-17 14:02:45.506000,402.2309460388111,95
2024-09-17 14:02:45.508000,402.2612047855745,999
2024-09-17 14:02:45.569000,402.2636846364084,12
2024-09-17 14:02:45.675000,402.2831949022207,97
2024-09-17 14:02:45.816000,402.2254055069228,101
2024-09-17 14:02:45.934000,402.1783105735417,13
2024-09-17 14:02:46.242000,402.1647383972189,96
2024-09-17 14:02:46.511000,402.1509347588715,995
2024-09-17 14:02:46.511000,402.1628630176649,13
2024-09-17 14:02:46.655000,402.1600078098707,98
2024-09-17 14:02:46.670000,402.1464091392305,101
2024-09-17 14:02:46.814000,402.1643634950786,995
2024-09-17 14:02:46.901000,402.16675606254097,1001
2024-09-17 14:02:46.935000,402.1616596257534,99
2024-09-17 14:02:47.004000,402.14863681484735,998
2024-09-17 14:02:47.037000,402.15506121071934,1004
2024-09-17 14:02:47.060000,402.1601202001039,7
2024-09-17 14:02:47.115000,402.1003252915516,15
2024-09-17 14:02:47.119000,402.1251014743132,5
2024-09-17 14:02:47.213000,402.1590762616396,9
2024-09-17 14:02:47.224000,402.1689189497721,1002
2024-09-17 14:02:47.240000,402.1592399608056,1001
2024-09-17 14:02:47.259000,402.1659439810575,102
2024-09-17 14:02:47.313000,402.1603504492799,1001
2024-09-17 14:02:47.329000,402.1861867391447,9
2024-09-17 14:02:47.339000,402.1614582945553,6
2024-09-17 14:02:47.345000,402.1258065632599,96
2024-09-17 14:02:47.392000,402.1276566467067,1002
2024-09-17 14:02:47.456000,402.1581956983046,999
2024-09-17 14:02:47.480000,402.1230023983059,104
2024-09-17 14:02:47.542000,402.1186414134169,998
2024-09-17 14:02:47.611000,402.1732344783963,12
2024-09-17 14:02:47.624000,402.166366040453,10
2024-09-17 14:02:47.635000,402.1257342972859,1005
2024-09-17 14:02:47.666000,402.1049320080978,1001
2024-09-17 14:02:47.678000,402.1235808754255,10
2024-09-17 14:02:47.705000,402.17441384680177,13
2024-09-17 14:02:47.848000,402.1171068683245,998
2024-09-17 14:02:47.882000,402.1168715627633,999
2024-09-17 14:02:47.908000,402.1622560977685,1000
2024-09-17 14:02:47.911000,402.1569931540969,1004
2024-09-17 14:02:47.922000,402.150006263881,995
2024-09-17 14:02:47.962000,402.1680890494458,9
2024-09-17 14:02:48.105000,402.1356923357528,104
2024-09-17 14:02:48.146000,402.1306664832868,997
2024-09-17 14:02:48.538000,402.1317050290226,996
2024-09-17 14:02:48.608000,402.1229414572581,99
2024-09-17 14:02:49.214000,402.1210438181876,8
2024-09-17 14:02:49.215000,402.10544927824446,8
2024-09-17 14:02:49.393000,402.1137323473336,1001
2024-09-17 14:02:49.500000,402.124065180734,99
2024-09-17 14:02:49.732000,402.13921855090905,104
2024-09-17 14:02:49.828000,402.11385088016885,12
2024-09-17 14:02:49.945000,402.1411888066386,101
2024-09-17 14:02:49.974000,402.1364965962115,9
2024-09-17 14:02:50.138000,402.1272618086859,998
2024-09-17 14:02:50.149000,402.1837140370581,100
2024-09-17 14:02:50.176000,402.1745465518575,1005
2024-09-17 14:02:50.187000,402.1364001906678,6
2024-09-17 14:02:50.193000,402.18222499448535,6
2024-09-17 14:02:50.291000,402.176873633994,13
2024-09-17 14:02:50.362000,402.1683189805866,100
2024-09-17 14:02:50.401000,402.1923688229721,13
2024-09-17 14:02:50.440000,402.1271270565809,13
2024-09-17 14:02:50.497000,402.141693576645,98
2024-09-17 14:02:50.550000,402.13789904754526,7
2024-09-17 14:02:50.587000,402.1823342305475,1003
2024-09-17 14:02:50.643000,402.1648929722422,995
2024-09-17 14:02:50.660000,402.1523070981524,1004
2024-09-17 14:02:50.671000,402.1916436160796,96
2024-09-17 14:02:50.674000,402.18741788274633,1002
2024-09-17 14:02:50.697000,402.1686073189718,100
2024-09-17 14:02:50.738000,402.15837286351166,7
2024-09-17 14:02:50.752000,402.14653586829394,13
2024-09-17 14:02:50.783000,402.1839056838892,105
2024-09-17 14:02:50.800000,402.1320299744714,97
2024-09-17 14:02:50.842000,402.1748552040909,14
2024-09-17 14:02:50.850000,402.1889080259996,996
2024-09-17 14:02:50.858000,402.1611414100939,8
2024-09-17 14:02:50.865000,402.1544779274288,1003
2024-09-17 14:02:50.901000,402.1656105661339,97
2024-09-17 14:02:50.917000,402.164302386964,102
2024-09-17 14:02:50.942000,402.17915863462736,14
2024-09-17 14:02:50.991000,402.17517634088506,1003
2024-09-17 14:02:51.274000,402.1849452343175,997
2024-09-17 14:02:51.312000,402.1782156878522,8
2024-09-17 14:02:51.340000,402.1783275353927,6
2024-09-17 14:02:51.350000,402.1775167360029,6
2024-09-17 14:02:51.413000,402.130256160652,96
2024-09-17 14:02:51.427000,402.1694780628381,97
2024-09-17 14:02:51.442000,402.1502232196052,96
2024-09-17 14:02:51.443000,402.1687205853936,11
2024-09-17 14:02:51.631000,402.1898503538696,995
2024-09-17 14:02:51.822000,402.1765398400461,98
2024-09-17 14:02:51.937000,402.1781730213989,11
2024-09-17 14:02:51.960000,402.15442224145454,11
2024-09-17 14:02:52.010000,402.105561174974,1004
2024-09-17 14:02:52.205000,402.1005089331207,997
2024-09-17 14:02:52.264000,402.083781527426,9
2024-09-17 14:02:52.385000,402.08255550792273,98
2024-09-17 14:02:52.434000,402.0763154371368,103
2024-09-17 14:02:52.434000,402.093163906406,1001
2024-09-17 14:02:52.461000,402.0818756387552,101
2024-09-17 14:02:52.508000,402.1246043455816,100
2024-09-17 14:02:52.527000,402.1011491686328,99
2024-09-17 14:02:52.930000,402.12301038075833,7
2024-09-17 14:02:52.948000,402.07672548294585,1002
2024-09-17 14:02:52.962000,402.1300506658572,96
2024-09-17 14:02:52.999000,402.0855921584424,8
2024-09-17 14:02:53.018000,402.1248476054428,996
2024-09-17 14:02:53.023000,402.15766588891705,995
2024-09-17 14:02:53.052000,402.1267547873886,98
2024-09-17 14:02:53.105000,402.14340728696885,995
2024-09-17 14:02:53.110000,402.092032237674,12
2024-09-17 14:02:53.172000,402.1203535242064,95
2024-09-17 14:02:53.181000,402.12984188970967,14
2024-09-17 14:02:53.198000,402.1227675631191,6
2024-09-17 14:02:53.234000,402.1249672636013,98
2024-09-17 14:02:53.288000,402.1204273213438,1000
2024-09-17 14:02:53.297000,402.125723466365,97
2024-09-17 14:02:53.377000,402.1369815906277,5
2024-09-17 14:02:53.426000,402.1301505674318,97
2024-09-17 14:02:53.540000,402.1297072926935,995
2024-09-17 14:02:53.540000,402.131772359463,101
2024-09-17 14:02:53.650000,402.1142410134547,104
2024-09-17 14:02:53.671000,402.1293560654254,104
2024-09-17 14:02:53.674000,402.1629179335483,998
2024-09-17 14:02:53.773000,402.12567422463184,996
2024-09-17 14:02:53.840000,402.1156974422625,99
2024-09-17 14:02:53.843000,402.14593821267954,12
2024-09-17 14:02:53.848000,402.1235614424105,999
2024-09-17 14:02:53.868000,402.1142783834532,103
2024-09-17 14:02:53.929000,402.1451863881664,100
2024-09-17 14:02:53.942000,402.1518702594301,99
2024-09-17 14:02:53.943000,402.11606900451113,11
2024-09-17 14:02:54.221000,402.1400681106816,997
2024-09-17 14:02:54.229000,402.1492348957366,104
2024-09-17 14:02:54.357000,402.12799128871313,1004
2024-09-17 14:02:54.396000,402.10898813168063,997
2024-09-17 14:02:54.541000,402.1299990038532,13
2024-09-17 14:02:54.557000,402.1470931230555,997
2024-09-17 14:02:54.649000,402.0947206678469,95
2024-09-17 14:02:54.789000,402.13085478259376,1001
2024-09-17 14:02:55.014000,402.1375750965745,8
2024-09-17 14:02:55.017000,402.1457523164575,99
2024-09-17 14:02:55.054000,402.1398716566939,105
2024-09-17 14:02:55.078000,402.1500827521734,1004
2024-09-17 14:02:55.118000,402.13794718153696,103
2024-09-17 14:02:55.126000,402.1508077799919,9
2024-09-17 14:02:55.147000,402.2026767406528,996
2024-09-17 14:02:55.200000,402.1479670076896,96
2024-09-17 14:02:55.235000,402.1298504200713,97
2024-09-17 14:02:55.269000,402.1560427051223,999
2024-09-17 14:02:55.339000,402.134336464668,101
2024-09-17 14:02:55.361000,402.1675702979671,100
2024-09-17 14:02:55.378000,402.18573412699226,96
2024-09-17 14:02:55.404000,402.1560078521048,100
2024-09-17 14:02:55.443000,402.1565444714262,1003
2024-09-17 14:02:55.577000,402.1404900155116,999
2024-09-17 14:02:55.593000,402.1790813718913,6
2024-09-17 14:02:55.609000,402.1398592459285,1001
2024-09-17 14:02:55.668000,402.1364217591181,15
2024-09-17 14:02:55.769000,402.1358931864554,996
2024-09-17 14:02:55.774000,402.1497681306672,100
2024-09-17 14:02:55.814000,402.1418637195585,1005
2024-09-17 14:02:55.814000,402.1427702159133,14
2024-09-17 14:02:55.817000,402.17379237055854,6
2024-09-17 14:02:55.818000,402.1340243963159,998
2024-09-17 14:02:55.906000,402.1571296340124,5
2024-09-17 14:02:55.953000,402.1482981172044,15
2024-09-17 14:02:55.970000,402.1711403036856,96
2024-09-17 14:02:56.005000,402.2060394417159,998
2024-09-17 14:02:56.059000,402.1360661067189,98
2024-09-17 14:02:56.091000,402.113574541497,10
2024-09-17 14:02:56.094000,402.1613282563346,1005
2024-09-17 14:02:56.143000,402.15682207283487,1005
2024-09-17 14:02:56.232000,402.1353501361747,1005
2024-09-17 14:02:56.282000,402.2012226103186,15
2024-09-17 14:02:56.360000,402.20855872063646,13
2024-09-17 14:02:56.387000,402.2096551997984,995
2024-09-17 14:02:56.425000,402.1497024435941,1001
2024-09-17 14:02:56.548000,402.1154894577043,96
2024-09-17 14:02:56.692000,402.1733578455875,998
2024-09-17 14:02:56.722000,402.1744033850168,1004
2024-09-17 14:02:56.876000,402.1354129288701,7
2024-09-17 14:02:56.999000,402.12276985085447,1003
2024-09-17 14:02:57.011000,402.1520493385515,14
2024-09-17 14:02:57.016000,402.150787060469,5
2024-09-17 14:02:57.215000,402.1471256950797,996
2024-09-17 14:02:57.397000,402.11372061124814,1000
2024-09-17 14:02:57.439000,402.1249739239288,97
2024-09-17 14:02:57.452000,402.15398702630233,13
2024-09-17 14:02:57.478000,402.1625711689202,11
2024-09-17 14:02:57.530000,402.14874491093474,101
2024-09-17 14:02:57.685000,402.1491171265967,10
2024-09-17 14:02:57.756000,402.11510046683344,104
2024-09-17 14:02:57.948000,402.1490590192533,105
2024-09-17 14:02:57.994000,402.1620026614038,104
2024-09-17 14:02:58.110000,402.13114284187856,103
2024-09-17 14:02:58.110000,402.12640719865647,995
2024-09-17 14:02:58.110000,402.2123483047722,996
2024-09-17 14:02:58.129000,402.1420798390088,13
2024-09-17 14:02:58.151000,402.12606533950617,14
2024-09-17 14:02:58.161000,402.1501737465208,5
2024-09-17 14:02:58.187000,402.1415012294996,7
2024-09-17 14:02:58.232000,402.1868140439112,95
2024-09-17 14:02:58.237000,402.1202933017624,1001
2024-09-17 14:02:58.262000,402.1295608781692,105
2024-09-17 14:02:58.271000,402.174132305486,5
2024-09-17 14:02:58.324000,402.20976352085256,103
2024-09-17 14:02:58.470000,402.192318504702,996
2024-09-17 14:02:58.537000,402.1148599051801,995
2024-09-17 14:02:58.543000,402.1441493730971,14
2024-09-17 14:02:58.586000,402.1390907349821,996
2024-09-17 14:02:58.702000,402.1378039002085,103
2024-09-17 14:02:58.814000,402.1279164883026,999
2024-09-17 14:02:58.915000,402.1316258477933,95
2024-09-17 14:02:58.916000,402.1731335815056,11
2024-09-17 14:02:58.944000,402.1150539255504,100
2024-09-17 14:02:58.956000,402.1436609571096,998
2024-09-17 14:02:58.990000,402.1730613274073,1002
2024-09-17 14:02:58.993000,402.1086260140436,1003
2024-09-17 14:02:59.023000,402.20992635787,1002
