Timestamp,Price,Size
2024-09-17 14:46:00.005000,408.4234052507579,98
2024-09-17 14:46:00.063000,408.4018672933864,997
2024-09-17 14:46:00.121000,408.394805790735,103
2024-09-17 14:46:00.204000,408.4204087324922,999
2024-09-17 14:46:00.205000,408.4254088800093,14
2024-09-17 14:46:00.260000,408.423927851807,14
2024-09-17 14:46:00.474000,408.4293266838538,96
2024-09-17 14:46:00.492000,408.4213127485019,95
2024-09-17 14:46:00.552000,408.4173529986269,99
2024-09-17 14:46:00.646000,408.4359975556634,13
2024-09-17 14:46:00.736000,408.3760379778618,10
2024-09-17 14:46:00.744000,408.4337806558272,11
2024-09-17 14:46:00.774000,408.40078046378704,8
2024-09-17 14:46:00.783000,408.4040381285433,997
2024-09-17 14:46:00.815000,408.40773426520497,997
2024-09-17 14:46:00.841000,408.3776978620144,105
2024-09-17 14:46:00.858000,408.4327973293961,103
2024-09-17 14:46:00.934000,408.4446784536706,995
2024-09-17 14:46:00.942000,408.4185455912194,100
2024-09-17 14:46:01.007000,408.392289775173,102
2024-09-17 14:46:01.035000,408.4168371018059,6
2024-09-17 14:46:01.371000,408.4047854082598,103
2024-09-17 14:46:01.655000,408.4046402551252,13
2024-09-17 14:46:01.664000,408.4320551423209,998
2024-09-17 14:46:01.684000,408.3968003460348,10
2024-09-17 14:46:01.753000,416.01033672782535,997
2024-09-17 14:46:02.020000,408.4065951108937,1000
2024-09-17 14:46:02.043000,408.4162931072756,8
2024-09-17 14:46:02.077000,408.39146088850543,100
2024-09-17 14:46:02.092000,408.4137201543039,101
2024-09-17 14:46:02.252000,408.4197332097379,1002
2024-09-17 14:46:02.442000,408.4128090964623,100
2024-09-17 14:46:02.526000,408.4029823074715,1002
2024-09-17 14:46:02.808000,408.4069568283702,12
2024-09-17 14:46:02.892000,408.4097761668703,5
2024-09-17 14:46:02.934000,408.42271449043096,96
2024-09-17 14:46:03.009000,408.3818916491846,8
2024-09-17 14:46:03.019000,408.43337460690265,1004
2024-09-17 14:46:03.116000,408.4186631493949,99
2024-09-17 14:46:03.146000,408.44094905222414,15
2024-09-17 14:46:03.189000,408.4309114275877,996
2024-09-17 14:46:03.201000,408.43387994601534,10
2024-09-17 14:46:03.241000,408.39846457557263,11
2024-09-17 14:46:03.286000,408.3951137083053,97
2024-09-17 14:46:03.300000,408.3604014339846,10
2024-09-17 14:46:03.316000,408.4161611132977,1003
2024-09-17 14:46:03.342000,408.42975749182506,1003
2024-09-17 14:46:03.348000,408.4377209450745,103
2024-09-17 14:46:03.384000,408.3915944235856,1003
2024-09-17 14:46:03.412000,408.4118355035523,11
2024-09-17 14:46:03.412000,408.3561944902512,1003
2024-09-17 14:46:03.412000,408.39524497964464,105
2024-09-17 14:46:03.559000,408.3527254869258,9
2024-09-17 14:46:03.592000,408.3977722879656,12
2024-09-17 14:46:03.594000,408.43905420264986,13
2024-09-17 14:46:03.620000,408.4174334760675,13
2024-09-17 14:46:03.636000,408.4058059645423,1001
2024-09-17 14:46:03.650000,408.4246492469027,1002
2024-09-17 14:46:03.675000,408.39738152025154,101
2024-09-17 14:46:03.801000,408.3775664320073,9
2024-09-17 14:46:03.839000,408.4099156233127,998
2024-09-17 14:46:03.846000,408.3908525029889,8
2024-09-17 14:46:03.872000,408.3684113951526,1005
2024-09-17 14:46:03.937000,408.4036579338275,999
2024-09-17 14:46:03.939000,408.3611356879877,1002
2024-09-17 14:46:04.009000,408.4237353234905,100
2024-09-17 14:46:04.017000,408.4434186785239,1002
2024-09-17 14:46:04.144000,408.45813622483706,1005
2024-09-17 14:46:04.177000,408.4408298700139,999
2024-09-17 14:46:04.217000,408.4390005222225,999
2024-09-17 14:46:04.292000,408.4214222971166,7
2024-09-17 14:46:04.420000,408.4206188067275,97
2024-09-17 14:46:04.422000,408.4504419292467,15
2024-09-17 14:46:04.443000,408.4566560183007,97
2024-09-17 14:46:04.460000,408.4346421375544,15
2024-09-17 14:46:04.473000,408.4421955929442,1002
2024-09-17 14:46:04.503000,408.44890895404944,5
2024-09-17 14:46:04.513000,408.4237947688876,1002
2024-09-17 14:46:04.517000,408.447800070728,11
2024-09-17 14:46:04.559000,408.4564095087667,98
2024-09-17 14:46:04.701000,408.4576095470223,1005
2024-09-17 14:46:04.854000,408.44302396424825,998
2024-09-17 14:46:04.933000,408.4384122456949,1002
2024-09-17 14:46:04.953000,408.4497559264612,102
2024-09-17 14:46:04.995000,408.422724741936,105
2024-09-17 14:46:05.075000,408.4476792353252,8
2024-09-17 14:46:05.161000,408.4585268890416,95
2024-09-17 14:46:05.384000,408.4250846929434,99
2024-09-17 14:46:06.022000,408.4931370878404,10
2024-09-17 14:46:06.092000,408.4509895349838,100
2024-09-17 14:46:06.120000,408.4622819524222,103
2024-09-17 14:46:06.184000,408.4616806188093,1000
2024-09-17 14:46:06.198000,408.4537197517425,102
2024-09-17 14:46:06.273000,408.4611678884714,1003
2024-09-17 14:46:06.285000,408.45429233364354,6
2024-09-17 14:46:06.299000,408.48676535675713,11
2024-09-17 14:46:06.331000,408.4911081966788,98
2024-09-17 14:46:06.375000,408.489509058553,998
2024-09-17 14:46:06.392000,408.45369752902246,105
2024-09-17 14:46:06.460000,408.4665200254312,9
2024-09-17 14:46:06.470000,408.4766742158214,103
2024-09-17 14:46:06.497000,408.45241872733465,102
2024-09-17 14:46:06.514000,408.4486000550081,11
2024-09-17 14:46:06.586000,408.4485072602309,1005
2024-09-17 14:46:06.596000,408.4671126868609,99
2024-09-17 14:46:06.605000,408.49387931618327,1000
2024-09-17 14:46:06.613000,408.477264849308,105
2024-09-17 14:46:06.619000,408.4589390321305,97
2024-09-17 14:46:06.626000,408.483331356127,7
2024-09-17 14:46:06.681000,408.4792455106093,1005
2024-09-17 14:46:06.684000,408.4495285561261,103
2024-09-17 14:46:06.726000,408.49375173727066,97
2024-09-17 14:46:06.773000,408.477085820431,1004
2024-09-17 14:46:06.868000,408.4653845901879,100
2024-09-17 14:46:06.895000,408.46092812902833,14
2024-09-17 14:46:06.930000,408.47654150802026,105
2024-09-17 14:46:07.150000,408.52980000056857,12
2024-09-17 14:46:07.215000,408.5343123840437,8
2024-09-17 14:46:07.692000,408.49093064566927,13
2024-09-17 14:46:07.816000,408.530197409432,998
2024-09-17 14:46:08.024000,408.4515907210457,13
2024-09-17 14:46:08.025000,408.455639566296,995
2024-09-17 14:46:08.113000,408.46241773972827,1003
2024-09-17 14:46:08.143000,408.46299296426434,105
2024-09-17 14:46:08.178000,408.4530267946516,105
2024-09-17 14:46:08.265000,408.535502494146,11
2024-09-17 14:46:08.333000,408.5419696610709,103
2024-09-17 14:46:08.477000,408.5242116303467,104
2024-09-17 14:46:08.544000,408.4572567981052,12
2024-09-17 14:46:08.558000,408.4796465028612,997
2024-09-17 14:46:08.586000,408.4530797954034,13
2024-09-17 14:46:08.607000,408.4510020847461,997
2024-09-17 14:46:08.650000,408.5231987676021,1000
2024-09-17 14:46:08.822000,408.5059041699092,1003
2024-09-17 14:46:08.828000,408.51946522030255,998
2024-09-17 14:46:09.087000,408.4924605418684,998
2024-09-17 14:46:09.140000,408.4536184086708,999
2024-09-17 14:46:09.145000,408.4662573553434,96
2024-09-17 14:46:09.147000,408.4663998526314,98
2024-09-17 14:46:09.199000,408.4810861724909,999
2024-09-17 14:46:09.199000,408.4695789823627,1003
2024-09-17 14:46:09.232000,408.4968228609969,1002
2024-09-17 14:46:09.248000,408.47243391803113,100
2024-09-17 14:46:09.248000,408.4759951407707,15
2024-09-17 14:46:09.277000,408.4708793135927,100
2024-09-17 14:46:09.329000,408.4816855913693,8
2024-09-17 14:46:09.340000,408.46269972531314,102
2024-09-17 14:46:09.383000,408.434301322601,100
2024-09-17 14:46:09.400000,408.4389689615437,97
2024-09-17 14:46:09.468000,408.4413181849425,995
2024-09-17 14:46:09.483000,408.4826523049877,104
2024-09-17 14:46:09.487000,408.45722250430913,102
2024-09-17 14:46:09.525000,408.4351594440631,104
2024-09-17 14:46:09.676000,408.49779530739687,105
2024-09-17 14:46:09.683000,408.5156206555092,8
2024-09-17 14:46:09.804000,408.50608869527736,103
2024-09-17 14:46:09.863000,408.47764355872033,6
2024-09-17 14:46:09.882000,408.45810606133466,997
2024-09-17 14:46:09.917000,408.4549909419736,1001
2024-09-17 14:46:09.929000,408.5107362973437,1002
2024-09-17 14:46:09.950000,408.49500728431394,997
2024-09-17 14:46:10.396000,408.4595862896604,998
2024-09-17 14:46:10.526000,408.4837618551385,14
2024-09-17 14:46:10.688000,408.4801764798143,997
2024-09-17 14:46:11.172000,408.4889099982644,7
2024-09-17 14:46:11.267000,408.4761158759856,1005
2024-09-17 14:46:11.286000,408.4665506380752,12
2024-09-17 14:46:11.676000,408.4992746160033,104
2024-09-17 14:46:11.981000,408.4894294932855,5
2024-09-17 14:46:11.989000,408.4838000726225,999
2024-09-17 14:46:12.025000,408.4655695928005,7
2024-09-17 14:46:12.029000,408.44165084394126,101
2024-09-17 14:46:12.090000,408.4497110981261,5
2024-09-17 14:46:12.172000,408.4225274269059,13
2024-09-17 14:46:12.187000,408.474225926733,1001
2024-09-17 14:46:12.474000,408.4213613391459,1005
2024-09-17 14:46:12.605000,408.471182204336,103
2024-09-17 14:46:12.664000,408.44204757343385,7
2024-09-17 14:46:12.668000,408.4687291532762,5
2024-09-17 14:46:12.703000,408.45108249717896,5
2024-09-17 14:46:12.705000,408.4320322428936,996
2024-09-17 14:46:12.774000,408.4198905144465,10
2024-09-17 14:46:12.945000,408.4366420494986,1003
2024-09-17 14:46:12.989000,408.418138472561,102
2024-09-17 14:46:13.012000,408.4436669434034,99
2024-09-17 14:46:13.160000,408.4279280291767,101
2024-09-17 14:46:13.179000,408.4243514533112,7
2024-09-17 14:46:13.333000,408.42165873411886,14
2024-09-17 14:46:13.757000,408.4332317631048,105
2024-09-17 14:46:13.800000,408.4358190061319,15
2024-09-17 14:46:13.867000,408.43809847015257,8
2024-09-17 14:46:14.015000,408.4197776939733,105
2024-09-17 14:46:14.060000,408.4321637098278,996
2024-09-17 14:46:14.355000,408.4250815111644,95
2024-09-17 14:46:14.391000,408.4416783919894,997
2024-09-17 14:46:14.435000,408.43299969024025,1000
2024-09-17 14:46:14.462000,408.3980314909922,13
2024-09-17 14:46:14.532000,408.43240487391535,6
2024-09-17 14:46:14.587000,408.4451452769629,104
2024-09-17 14:46:14.664000,408.4296306289604,104
2024-09-17 14:46:14.806000,408.4604246865586,97
2024-09-17 14:46:14.831000,408.4270704631109,97
2024-09-17 14:46:14.845000,408.4278042369045,1005
2024-09-17 14:46:14.857000,408.3890701100076,7
2024-09-17 14:46:14.865000,408.45060346439294,12
2024-09-17 14:46:14.925000,408.4469623469968,1000
2024-09-17 14:46:15.092000,408.448388176679,997
2024-09-17 14:46:15.142000,408.4033251111624,104
2024-09-17 14:46:15.257000,408.46442077337247,998
2024-09-17 14:46:15.304000,408.4273897967645,998
2024-09-17 14:46:15.349000,408.46683127107366,7
2024-09-17 14:46:15.352000,408.45761144303407,1003
2024-09-17 14:46:15.379000,408.4529440057362,999
2024-09-17 14:46:15.513000,408.4778685771818,103
2024-09-17 14:46:15.534000,408.44874167046027,10
2024-09-17 14:46:15.726000,408.4588315532045,5
2024-09-17 14:46:15.797000,408.4617806984387,103
2024-09-17 14:46:16.150000,408.4602672758981,1003
2024-09-17 14:46:16.356000,408.4630408274589,12
2024-09-17 14:46:16.362000,408.484715877466,13
2024-09-17 14:46:16.372000,408.4722764630513,103
2024-09-17 14:46:16.399000,408.465626099968,1004
2024-09-17 14:46:16.705000,408.4823708494939,9
2024-09-17 14:46:16.767000,408.4597111028998,95
2024-09-17 14:46:16.873000,408.4897160991662,997
2024-09-17 14:46:16.928000,408.4776888094152,1001
2024-09-17 14:46:16.967000,408.4813422350122,1003
2024-09-17 14:46:17.757000,408.47248487951697,15
2024-09-17 14:46:17.871000,408.4801428901525,1002
2024-09-17 14:46:18.004000,408.4140245564861,11
2024-09-17 14:46:18.005000,408.416172844378,5
2024-09-17 14:46:18.016000,408.4837646279309,101
2024-09-17 14:46:18.028000,408.4709714580597,101
2024-09-17 14:46:18.080000,408.4187699591493,1002
2024-09-17 14:46:18.116000,408.4606460368132,1004
2024-09-17 14:46:18.125000,408.4809712810074,1001
2024-09-17 14:46:18.184000,408.4685627115293,101
2024-09-17 14:46:18.237000,408.4178822073233,999
2024-09-17 14:46:18.285000,408.3952112441108,12
2024-09-17 14:46:18.315000,408.4134722322132,11
2024-09-17 14:46:18.361000,408.4935298705325,997
2024-09-17 14:46:18.431000,415.79463108510174,98
2024-09-17 14:46:18.435000,408.4248308041377,1003
2024-09-17 14:46:18.560000,408.4686239992356,1003
2024-09-17 14:46:18.568000,408.4807317956178,995
2024-09-17 14:46:18.582000,408.4238250548184,100
2024-09-17 14:46:18.699000,408.4440834253477,1003
2024-09-17 14:46:18.727000,408.4613409561934,998
2024-09-17 14:46:18.793000,408.4637285070636,1002
2024-09-17 14:46:18.873000,408.4676331772257,12
2024-09-17 14:46:18.903000,408.4560855531279,6
2024-09-17 14:46:18.905000,408.46745960129545,1003
2024-09-17 14:46:18.911000,408.4300728634407,5
2024-09-17 14:46:18.937000,408.4840889071382,105
2024-09-17 14:46:18.984000,408.4751679223689,995
2024-09-17 14:46:19.053000,408.3936984010374,999
2024-09-17 14:46:19.065000,408.3368073922891,98
2024-09-17 14:46:19.149000,408.4078772636576,995
2024-09-17 14:46:19.192000,408.36267748558055,1001
2024-09-17 14:46:19.208000,408.3171247823177,1001
2024-09-17 14:46:19.291000,408.3849416809955,12
2024-09-17 14:46:19.320000,408.32891730897455,99
2024-09-17 14:46:19.326000,408.3936251596149,5
2024-09-17 14:46:19.415000,408.4198018581574,102
2024-09-17 14:46:19.589000,408.38254953053183,6
2024-09-17 14:46:19.627000,408.4011663152632,1001
2024-09-17 14:46:19.647000,408.39475681851656,1004
2024-09-17 14:46:19.654000,408.4081777042682,996
2024-09-17 14:46:19.661000,408.4069902129772,13
2024-09-17 14:46:19.694000,408.3952308954415,6
2024-09-17 14:46:19.841000,408.4191208697564,995
2024-09-17 14:46:19.872000,408.3060363563215,99
2024-09-17 14:46:19.906000,408.3654890838379,13
2024-09-17 14:46:20.446000,408.3326176626752,12
2024-09-17 14:46:21.048000,408.304821456596,996
2024-09-17 14:46:21.050000,408.3643518968133,104
2024-09-17 14:46:21.058000,408.3482218606357,104
2024-09-17 14:46:21.058000,415.81841318440433,12
2024-09-17 14:46:21.089000,408.36034690026713,13
2024-09-17 14:46:21.160000,408.3570829023044,5
2024-09-17 14:46:21.166000,408.3638659538572,5
2024-09-17 14:46:21.190000,408.3509961688084,96
2024-09-17 14:46:21.221000,408.3297330796558,96
2024-09-17 14:46:21.327000,408.3704791031953,996
2024-09-17 14:46:21.376000,408.3599756220415,15
2024-09-17 14:46:21.392000,408.356204117894,100
2024-09-17 14:46:21.482000,408.34527978002825,100
2024-09-17 14:46:21.649000,408.35308213383024,13
2024-09-17 14:46:21.659000,408.362105854292,996
2024-09-17 14:46:21.662000,408.298650810415,995
2024-09-17 14:46:21.669000,408.35274824889336,13
2024-09-17 14:46:21.690000,408.3601979961494,103
2024-09-17 14:46:21.693000,408.3653180247213,99
2024-09-17 14:46:21.762000,408.366851570216,12
2024-09-17 14:46:21.778000,408.3524139352269,101
2024-09-17 14:46:21.785000,408.3473715832537,1005
2024-09-17 14:46:21.840000,415.8170443646256,5
2024-09-17 14:46:21.844000,408.293507735448,95
2024-09-17 14:46:21.855000,408.3454978126242,13
2024-09-17 14:46:21.868000,408.361320233856,104
2024-09-17 14:46:21.899000,408.3620313070271,97
2024-09-17 14:46:21.925000,408.37380820103465,5
2024-09-17 14:46:21.928000,408.32826091000607,997
2024-09-17 14:46:21.934000,408.3537342732168,14
2024-09-17 14:46:22.060000,408.3306097194047,12
2024-09-17 14:46:22.067000,408.32165113655407,14
2024-09-17 14:46:22.089000,408.3427242645456,98
2024-09-17 14:46:22.240000,408.3030073564406,103
2024-09-17 14:46:22.264000,408.30995323068805,997
2024-09-17 14:46:22.336000,408.3365918071874,10
2024-09-17 14:46:22.373000,408.33267657517655,100
2024-09-17 14:46:22.757000,408.3465876206166,7
2024-09-17 14:46:22.828000,408.29483220361146,995
2024-09-17 14:46:22.850000,408.3287539369058,6
2024-09-17 14:46:22.898000,408.3047306656197,101
2024-09-17 14:46:22.998000,408.3210482829817,102
2024-09-17 14:46:23.102000,408.3270297451002,12
2024-09-17 14:46:23.136000,408.3308142459414,1004
2024-09-17 14:46:23.193000,408.3735878164407,997
2024-09-17 14:46:23.220000,408.33273121839454,10
2024-09-17 14:46:23.335000,408.290202015842,1000
2024-09-17 14:46:23.336000,408.3375785884938,105
2024-09-17 14:46:23.392000,408.367289643052,1002
2024-09-17 14:46:23.422000,408.37472754860113,6
2024-09-17 14:46:23.444000,408.307096209782,9
2024-09-17 14:46:23.461000,408.36536836769113,98
2024-09-17 14:46:23.466000,408.3232564788993,998
2024-09-17 14:46:23.642000,408.3265681467267,1002
2024-09-17 14:46:23.729000,408.3587010071988,1002
2024-09-17 14:46:23.766000,408.33186647972326,12
2024-09-17 14:46:23.792000,408.3424801738748,1002
2024-09-17 14:46:23.810000,408.3307581284992,9
2024-09-17 14:46:23.824000,408.32784189393504,1000
2024-09-17 14:46:23.871000,408.3309253581044,8
2024-09-17 14:46:23.980000,408.3272600837996,98
2024-09-17 14:46:24.010000,408.325924053766,8
2024-09-17 14:46:24.032000,408.329891650939,6
2024-09-17 14:46:24.050000,408.3425855352668,97
2024-09-17 14:46:24.413000,408.3054674020551,1001
2024-09-17 14:46:24.420000,408.3141426284465,104
2024-09-17 14:46:24.435000,408.3122951381056,996
2024-09-17 14:46:24.525000,408.29532505041726,6
2024-09-17 14:46:24.637000,408.3528766171469,103
2024-09-17 14:46:25.023000,408.30922019272623,998
2024-09-17 14:46:25.101000,408.2909642538293,103
2024-09-17 14:46:25.185000,408.3118332403199,99
2024-09-17 14:46:25.206000,408.302494468337,14
2024-09-17 14:46:25.287000,408.302211488852,15
2024-09-17 14:46:25.400000,408.2966610637006,1005
2024-09-17 14:46:25.404000,408.30204972768354,15
2024-09-17 14:46:25.423000,408.3138737737909,105
2024-09-17 14:46:25.430000,408.3183483641088,98
2024-09-17 14:46:25.438000,408.2864430532346,96
2024-09-17 14:46:25.490000,408.29301595704135,11
2024-09-17 14:46:25.495000,408.2942011668952,997
2024-09-17 14:46:25.500000,408.2984778276914,996
2024-09-17 14:46:25.507000,408.2981033492599,11
2024-09-17 14:46:25.521000,408.3205529542255,997
2024-09-17 14:46:25.611000,408.3112365319496,9
2024-09-17 14:46:25.644000,415.8095061877177,999
2024-09-17 14:46:25.674000,408.277686007962,1005
2024-09-17 14:46:25.679000,408.3105914765366,1003
2024-09-17 14:46:25.700000,408.2976969549792,9
2024-09-17 14:46:25.799000,408.3067745666007,7
2024-09-17 14:46:25.866000,408.3048017716516,95
2024-09-17 14:46:25.888000,408.3065504590372,100
2024-09-17 14:46:25.914000,408.2903826263664,8
2024-09-17 14:46:26.098000,408.323985419618,100
2024-09-17 14:46:26.129000,408.3053119871348,1004
2024-09-17 14:46:26.240000,408.3155397966819,104
2024-09-17 14:46:26.270000,408.3043098072373,9
2024-09-17 14:46:26.325000,408.33726633258055,997
2024-09-17 14:46:26.493000,408.3401393887136,1004
2024-09-17 14:46:26.542000,408.3226954503901,13
2024-09-17 14:46:26.648000,408.3302577225026,11
2024-09-17 14:46:26.682000,408.3260662711249,998
2024-09-17 14:46:26.728000,408.3265970255089,999
2024-09-17 14:46:26.744000,408.3202134584992,15
2024-09-17 14:46:27.076000,408.25336952131886,14
2024-09-17 14:46:27.108000,408.305118159492,6
2024-09-17 14:46:27.231000,408.2681589013778,6
2024-09-17 14:46:27.299000,408.2595097100309,995
2024-09-17 14:46:27.451000,408.2991633575813,100
2024-09-17 14:46:27.475000,408.3134626152709,998
2024-09-17 14:46:27.483000,408.2584268258277,7
2024-09-17 14:46:27.495000,408.2966160620107,1001
2024-09-17 14:46:27.605000,408.31357156764216,10
2024-09-17 14:46:27.649000,408.2519714476504,98
2024-09-17 14:46:27.724000,408.27334983197954,1003
2024-09-17 14:46:27.787000,408.3030720888109,1005
2024-09-17 14:46:27.801000,408.30677862733074,995
2024-09-17 14:46:27.857000,408.30165891710936,12
2024-09-17 14:46:27.873000,408.3199275845872,995
2024-09-17 14:46:28.022000,408.2682021929712,14
2024-09-17 14:46:28.025000,408.2622899953111,1001
2024-09-17 14:46:28.050000,408.2612597447359,7
2024-09-17 14:46:28.058000,408.26564489594415,97
2024-09-17 14:46:28.066000,408.2434049204215,1003
2024-09-17 14:46:28.080000,408.2564434247111,95
2024-09-17 14:46:28.085000,408.2472624069649,104
2024-09-17 14:46:28.150000,408.2328930154578,99
2024-09-17 14:46:28.157000,408.2786909586103,14
2024-09-17 14:46:28.193000,408.2569060269088,10
2024-09-17 14:46:28.220000,408.2736548989932,8
2024-09-17 14:46:28.236000,408.2736200966564,1000
2024-09-17 14:46:28.273000,408.2580376703386,100
2024-09-17 14:46:28.286000,408.2505240372639,6
2024-09-17 14:46:28.287000,408.2817674549314,15
2024-09-17 14:46:28.336000,408.2676716280292,104
2024-09-17 14:46:28.369000,408.2718113744731,102
2024-09-17 14:46:28.392000,408.24065783548247,1004
2024-09-17 14:46:28.437000,408.2510612223165,1002
2024-09-17 14:46:28.474000,408.2819436305824,98
2024-09-17 14:46:28.593000,408.2662322827257,12
2024-09-17 14:46:28.629000,408.25378283064646,102
2024-09-17 14:46:28.656000,408.2576673880925,11
2024-09-17 14:46:28.666000,408.2335591194034,5
2024-09-17 14:46:28.684000,408.28057599369686,100
2024-09-17 14:46:28.700000,408.2546648460804,101
2024-09-17 14:46:28.756000,408.2728718421895,7
2024-09-17 14:46:28.929000,408.2469263601604,105
2024-09-17 14:46:29.042000,408.3144324802648,98
2024-09-17 14:46:29.166000,408.3012135814323,5
2024-09-17 14:46:29.464000,408.3056416809981,12
2024-09-17 14:46:29.561000,408.2937536834308,8
2024-09-17 14:46:29.566000,408.2927089257797,15
2024-09-17 14:46:29.574000,408.30029425473816,104
2024-09-17 14:46:29.719000,408.2896058406408,98
2024-09-17 14:46:29.980000,408.3302439748044,997
2024-09-17 14:46:30.079000,408.4293208427214,101
2024-09-17 14:46:30.090000,408.43449910044507,98
2024-09-17 14:46:30.148000,408.3440591148547,100
2024-09-17 14:46:30.150000,408.42499032873366,1005
2024-09-17 14:46:30.186000,408.4466143643317,13
2024-09-17 14:46:30.197000,408.4469155539356,98
2024-09-17 14:46:30.252000,408.4304519476791,101
2024-09-17 14:46:30.261000,408.4279968888428,6
2024-09-17 14:46:30.308000,408.34374962633865,998
2024-09-17 14:46:30.363000,408.4209049966089,105
2024-09-17 14:46:30.392000,408.42160775904966,996
2024-09-17 14:46:30.435000,408.43004130873487,105
2024-09-17 14:46:30.561000,408.3775669200271,104
2024-09-17 14:46:30.657000,408.4169780360832,105
2024-09-17 14:46:30.709000,408.43894726267166,999
2024-09-17 14:46:30.733000,408.3999182883292,98
2024-09-17 14:46:30.760000,408.4190940820579,1001
2024-09-17 14:46:30.825000,408.4449091484889,12
2024-09-17 14:46:30.863000,408.3328334976901,1000
2024-09-17 14:46:30.895000,408.4333218570927,9
2024-09-17 14:46:30.902000,408.4153452565142,7
2024-09-17 14:46:30.922000,408.44129110703886,96
2024-09-17 14:46:30.929000,408.4261088819128,1003
2024-09-17 14:46:30.933000,408.4431611616768,1001
2024-09-17 14:46:30.953000,408.43300759247535,101
2024-09-17 14:46:30.983000,408.3475082109669,5
2024-09-17 14:46:31.222000,408.4374044180718,1005
2024-09-17 14:46:31.246000,408.42562292633113,9
2024-09-17 14:46:31.314000,408.4040793143749,11
2024-09-17 14:46:31.409000,408.4357610129886,1002
2024-09-17 14:46:31.419000,408.4112190548177,997
2024-09-17 14:46:31.571000,408.40644378267376,12
2024-09-17 14:46:32.058000,415.7441388702261,102
2024-09-17 14:46:32.450000,408.40132515831823,103
2024-09-17 14:46:32.599000,408.3855618879404,103
2024-09-17 14:46:32.650000,408.395251354813,5
2024-09-17 14:46:32.660000,408.3789981850033,97
2024-09-17 14:46:32.936000,408.3946508901821,98
2024-09-17 14:46:33.039000,408.4735669067696,99
2024-09-17 14:46:33.040000,408.4316299598866,105
2024-09-17 14:46:33.093000,408.45956832479976,8
2024-09-17 14:46:33.123000,408.384565450528,101
2024-09-17 14:46:33.160000,408.38909417380273,999
2024-09-17 14:46:33.172000,408.3933049926026,99
2024-09-17 14:46:33.236000,408.40754800114513,105
2024-09-17 14:46:33.294000,408.4047837816242,998
2024-09-17 14:46:33.332000,408.4189975772157,995
2024-09-17 14:46:33.395000,408.4662591979607,100
2024-09-17 14:46:33.437000,408.4054289493888,1003
2024-09-17 14:46:33.449000,408.420079692431,103
2024-09-17 14:46:33.450000,408.3868960496834,998
2024-09-17 14:46:33.484000,408.4390701199336,99
2024-09-17 14:46:33.485000,408.3724504658453,99
2024-09-17 14:46:33.532000,408.4723069405599,95
2024-09-17 14:46:33.591000,408.3656938185459,8
2024-09-17 14:46:33.600000,408.4095521086227,8
2024-09-17 14:46:33.648000,408.45730633188094,14
2024-09-17 14:46:33.665000,408.3984649828644,12
2024-09-17 14:46:33.775000,408.41287661856126,1002
2024-09-17 14:46:33.782000,408.4622310445519,996
2024-09-17 14:46:33.851000,408.3976494978674,1001
2024-09-17 14:46:34.083000,408.4459610549369,1005
2024-09-17 14:46:34.115000,408.4323407541465,12
2024-09-17 14:46:34.162000,408.45253611989045,98
2024-09-17 14:46:34.177000,408.37468185757416,999
2024-09-17 14:46:34.216000,408.3797294950015,999
2024-09-17 14:46:34.267000,408.40046437678194,97
2024-09-17 14:46:34.335000,408.4416495095007,996
2024-09-17 14:46:34.430000,408.4340228006144,996
2024-09-17 14:46:34.493000,408.4084416227629,995
2024-09-17 14:46:34.754000,408.368407136821,104
2024-09-17 14:46:34.802000,408.3668000181767,12
2024-09-17 14:46:34.895000,408.4192444108128,95
2024-09-17 14:46:35.011000,408.3567715193429,998
2024-09-17 14:46:35.043000,408.38133687431446,10
2024-09-17 14:46:35.106000,408.3489893710293,11
2024-09-17 14:46:35.175000,408.3570832411664,1000
2024-09-17 14:46:35.213000,408.3554750520103,999
2024-09-17 14:46:35.578000,408.3450316772358,5
2024-09-17 14:46:35.714000,408.3490486213035,13
2024-09-17 14:46:35.745000,408.3626645970131,7
2024-09-17 14:46:35.789000,408.3318562345733,7
2024-09-17 14:46:35.792000,408.3519028958336,104
2024-09-17 14:46:35.793000,408.3709543192786,1003
2024-09-17 14:46:35.806000,408.34052069570856,7
2024-09-17 14:46:35.826000,408.3518548707916,105
2024-09-17 14:46:35.861000,408.3504174974675,104
2024-09-17 14:46:35.868000,408.3472398158356,1003
2024-09-17 14:46:35.924000,408.3560150789932,15
2024-09-17 14:46:36.031000,408.4109551185183,1004
2024-09-17 14:46:36.091000,408.3589675888354,998
2024-09-17 14:46:36.148000,408.3605858734783,102
2024-09-17 14:46:36.267000,408.4085806405775,12
2024-09-17 14:46:36.315000,408.3844450469436,1003
2024-09-17 14:46:36.428000,408.3689020183697,995
2024-09-17 14:46:36.429000,408.39394646086765,14
2024-09-17 14:46:36.527000,408.375189735264,996
2024-09-17 14:46:36.685000,408.38482746648526,7
2024-09-17 14:46:36.724000,408.3631891533601,1003
2024-09-17 14:46:36.738000,408.3935558318862,5
2024-09-17 14:46:36.767000,408.3807602380277,105
2024-09-17 14:46:36.789000,408.3772183944772,1002
2024-09-17 14:46:37.320000,408.367831451177,8
2024-09-17 14:46:37.561000,408.3600185056161,13
2024-09-17 14:46:37.716000,408.35529172904,996
2024-09-17 14:46:37.790000,408.3617796541269,14
2024-09-17 14:46:38.071000,408.3173635905385,1001
2024-09-17 14:46:38.098000,408.317745199598,101
2024-09-17 14:46:38.120000,408.35518419000925,102
2024-09-17 14:46:38.121000,408.3108781438064,95
2024-09-17 14:46:38.138000,408.3387283226781,12
2024-09-17 14:46:38.347000,408.329242453408,9
2024-09-17 14:46:38.348000,408.34143178942736,6
2024-09-17 14:46:38.533000,408.3271861837712,98
2024-09-17 14:46:38.594000,408.300325615582,104
2024-09-17 14:46:38.659000,408.29823192903416,5
2024-09-17 14:46:38.759000,408.3399413414315,995
2024-09-17 14:46:38.798000,408.31444525445096,1005
2024-09-17 14:46:38.812000,408.3291366794224,7
2024-09-17 14:46:38.827000,408.3105208022352,103
2024-09-17 14:46:38.903000,408.33882589821343,996
2024-09-17 14:46:38.918000,408.313324555472,10
2024-09-17 14:46:38.921000,408.3252209592468,10
2024-09-17 14:46:38.927000,408.2902250917724,7
2024-09-17 14:46:39,408.2683835721068,100
2024-09-17 14:46:39.080000,408.2873296346533,1001
2024-09-17 14:46:39.135000,408.33726980152073,14
2024-09-17 14:46:39.264000,408.2700306096594,12
2024-09-17 14:46:39.317000,408.2531999587692,102
2024-09-17 14:46:39.374000,408.2741180694514,102
2024-09-17 14:46:39.379000,408.27895054948544,1001
2024-09-17 14:46:39.380000,408.2664603532541,5
2024-09-17 14:46:39.391000,408.2900030617926,7
2024-09-17 14:46:39.410000,408.252872444573,98
2024-09-17 14:46:39.427000,408.32830801325855,103
2024-09-17 14:46:39.435000,408.2739532393954,6
2024-09-17 14:46:39.487000,408.28262871422993,11
2024-09-17 14:46:39.593000,408.26765229154336,1004
2024-09-17 14:46:39.639000,408.2943030824604,14
2024-09-17 14:46:39.683000,408.2695437084122,1002
2024-09-17 14:46:39.776000,408.2911549742256,1004
2024-09-17 14:46:39.841000,408.3278580966818,97
2024-09-17 14:46:39.853000,408.3091556941183,11
2024-09-17 14:46:39.902000,408.2832714280971,99
2024-09-17 14:46:39.931000,408.289013669754,6
2024-09-17 14:46:39.951000,408.2518591302918,1005
2024-09-17 14:46:40.160000,408.2832468690676,97
2024-09-17 14:46:40.165000,408.2759834165268,14
2024-09-17 14:46:40.202000,408.24540057511103,13
2024-09-17 14:46:40.299000,408.2828431340197,101
2024-09-17 14:46:40.425000,408.2538372418975,104
2024-09-17 14:46:40.495000,408.2536289609371,1003
2024-09-17 14:46:40.505000,408.2588274871662,15
2024-09-17 14:46:40.559000,408.2900015311702,15
2024-09-17 14:46:40.648000,408.2452866191863,996
2024-09-17 14:46:40.673000,408.2728923146899,6
2024-09-17 14:46:40.755000,408.2629034412912,998
2024-09-17 14:46:40.907000,408.2478189767116,103
2024-09-17 14:46:42.040000,408.26775957068566,996
2024-09-17 14:46:42.076000,408.2376806697369,996
2024-09-17 14:46:42.203000,408.2876542000558,999
2024-09-17 14:46:42.280000,408.27383274744005,15
2024-09-17 14:46:42.294000,408.2460905025087,7
2024-09-17 14:46:42.487000,408.2483809558525,12
2024-09-17 14:46:42.531000,408.232244706787,1004
2024-09-17 14:46:42.532000,408.2739876968325,996
2024-09-17 14:46:42.603000,408.21277839267816,101
2024-09-17 14:46:42.695000,408.2859256707905,1003
2024-09-17 14:46:42.823000,408.2662856631944,95
2024-09-17 14:46:43.052000,408.209487488845,997
2024-09-17 14:46:43.087000,408.2430507937192,1005
2024-09-17 14:46:43.159000,408.2639603237291,1003
2024-09-17 14:46:43.238000,408.1950338345957,1001
2024-09-17 14:46:43.251000,408.25927792476,103
2024-09-17 14:46:43.282000,408.2004766387372,1004
2024-09-17 14:46:43.283000,408.2249067630599,12
2024-09-17 14:46:43.291000,408.1971599249599,7
2024-09-17 14:46:43.354000,408.18426483589263,998
2024-09-17 14:46:43.375000,408.24611594688616,998
2024-09-17 14:46:43.378000,408.1918309499041,96
2024-09-17 14:46:43.461000,408.18666903499707,995
2024-09-17 14:46:43.569000,408.1952522881483,99
2024-09-17 14:46:43.570000,408.2082299040184,5
2024-09-17 14:46:43.758000,408.2123428150536,100
2024-09-17 14:46:43.792000,408.2098560249747,101
2024-09-17 14:46:43.821000,408.2017974125632,7
2024-09-17 14:46:43.852000,408.191804132397,99
2024-09-17 14:46:44.029000,408.2688505441942,105
2024-09-17 14:46:44.049000,408.2531524475662,101
2024-09-17 14:46:44.158000,408.2551786581024,8
2024-09-17 14:46:44.391000,408.2581516832719,95
2024-09-17 14:46:44.795000,408.2478893857673,15
2024-09-17 14:46:44.800000,408.2565466793492,97
2024-09-17 14:46:44.820000,408.2659661188746,5
2024-09-17 14:46:44.854000,408.2521357865842,6
2024-09-17 14:46:44.946000,408.2779971762919,103
2024-09-17 14:46:45.077000,408.2126070295136,103
2024-09-17 14:46:45.120000,408.233792574098,100
2024-09-17 14:46:45.144000,408.1517600070793,997
2024-09-17 14:46:45.202000,408.2183330249037,15
2024-09-17 14:46:45.209000,408.1974666393453,104
2024-09-17 14:46:45.257000,408.2332492394144,1004
2024-09-17 14:46:45.324000,408.21144172358254,10
2024-09-17 14:46:45.326000,408.13949544772754,100
2024-09-17 14:46:45.360000,408.1694004021263,998
2024-09-17 14:46:45.393000,408.1327150329668,1004
2024-09-17 14:46:45.483000,408.2118555272247,1001
2024-09-17 14:46:45.514000,408.181708625868,13
2024-09-17 14:46:45.536000,408.158772139923,101
2024-09-17 14:46:45.540000,408.17279995576695,99
2024-09-17 14:46:45.714000,408.1499381119623,6
2024-09-17 14:46:45.743000,408.21674820295374,1003
2024-09-17 14:46:45.786000,408.20463555382713,1002
2024-09-17 14:46:45.837000,408.250579474249,997
2024-09-17 14:46:45.867000,408.22336954417176,97
2024-09-17 14:46:45.928000,408.20698356296543,99
2024-09-17 14:46:45.936000,408.2045230368061,997
2024-09-17 14:46:45.975000,408.2485796604512,99
2024-09-17 14:46:46.040000,408.1767053604162,105
2024-09-17 14:46:46.216000,408.1628551786,1004
2024-09-17 14:46:46.340000,408.1533109965153,99
2024-09-17 14:46:46.723000,408.15796507173445,100
2024-09-17 14:46:47,408.1591197893459,101
2024-09-17 14:46:47.119000,408.1629672861294,9
2024-09-17 14:46:47.153000,408.16864732552057,100
2024-09-17 14:46:47.337000,408.1535999806104,99
2024-09-17 14:46:47.371000,408.1483521548673,1003
2024-09-17 14:46:47.386000,408.18026074135344,105
2024-09-17 14:46:47.619000,408.1590497660801,1003
2024-09-17 14:46:47.632000,408.1600798641688,6
2024-09-17 14:46:47.678000,408.12408546501285,7
2024-09-17 14:46:47.696000,408.1684287079557,99
2024-09-17 14:46:47.701000,408.163280429402,1000
2024-09-17 14:46:47.769000,408.1296537170569,5
2024-09-17 14:46:47.771000,408.16216815216734,9
2024-09-17 14:46:47.788000,408.1431332198264,1001
2024-09-17 14:46:47.826000,408.1703134329676,13
2024-09-17 14:46:47.826000,408.1269090523211,104
2024-09-17 14:46:47.839000,408.1448348470607,997
2024-09-17 14:46:47.855000,408.1114523612644,1005
2024-09-17 14:46:47.933000,408.18433715621256,96
2024-09-17 14:46:48.184000,408.108972868271,95
2024-09-17 14:46:48.255000,408.12242966737386,15
2024-09-17 14:46:48.325000,408.11961276927866,997
2024-09-17 14:46:48.339000,408.1197761007074,8
2024-09-17 14:46:48.779000,408.1183461606324,100
2024-09-17 14:46:49.173000,408.0631382840193,9
2024-09-17 14:46:49.303000,408.10357388002507,13
2024-09-17 14:46:49.309000,408.10074451321685,99
2024-09-17 14:46:49.338000,408.0524723103175,9
2024-09-17 14:46:49.406000,408.1024063324776,99
2024-09-17 14:46:49.448000,408.0800621101986,6
2024-09-17 14:46:49.449000,408.1106994105856,105
2024-09-17 14:46:49.455000,408.08004144339776,7
2024-09-17 14:46:49.696000,408.0730944094453,12
2024-09-17 14:46:49.784000,408.06101962708505,995
2024-09-17 14:46:49.927000,408.0670927056383,14
2024-09-17 14:46:50.120000,408.1476230069223,96
2024-09-17 14:46:50.135000,408.16849122821566,997
2024-09-17 14:46:50.159000,408.172904077325,98
2024-09-17 14:46:50.179000,408.09626836089694,7
2024-09-17 14:46:50.207000,408.1273097537987,11
2024-09-17 14:46:50.281000,408.1572171610509,96
2024-09-17 14:46:50.287000,408.1558820838145,100
2024-09-17 14:46:50.331000,408.1498504001773,1002
2024-09-17 14:46:50.375000,408.137112128126,95
2024-09-17 14:46:50.386000,408.1554867997357,105
2024-09-17 14:46:50.456000,408.0789044202567,996
2024-09-17 14:46:50.515000,408.1341268095141,12
2024-09-17 14:46:50.548000,408.0927003459505,1004
2024-09-17 14:46:50.598000,408.18990711735154,12
2024-09-17 14:46:50.614000,408.1610965415404,96
2024-09-17 14:46:50.718000,408.16119708742747,1005
2024-09-17 14:46:50.759000,408.16572946027605,98
2024-09-17 14:46:50.798000,408.1550552874412,1001
2024-09-17 14:46:50.893000,408.14429035943874,97
2024-09-17 14:46:51.049000,408.1952154972972,6
2024-09-17 14:46:51.809000,408.19971228536417,998
2024-09-17 14:46:52.031000,408.23722281846585,1003
2024-09-17 14:46:52.052000,408.2218286031794,103
2024-09-17 14:46:52.182000,408.25040128893824,8
2024-09-17 14:46:52.236000,408.2516988143002,10
2024-09-17 14:46:52.296000,408.2526473271009,998
2024-09-17 14:46:52.332000,408.2468270266177,97
2024-09-17 14:46:52.342000,408.2561193180554,998
2024-09-17 14:46:52.348000,408.2104567432169,96
2024-09-17 14:46:52.380000,408.2079261151484,102
2024-09-17 14:46:52.477000,408.2589015973808,996
2024-09-17 14:46:52.496000,408.2728431631853,8
2024-09-17 14:46:52.580000,408.2305596349864,996
2024-09-17 14:46:52.727000,408.2694469846337,9
2024-09-17 14:46:52.752000,408.2339383565821,96
2024-09-17 14:46:52.758000,408.2443855824048,104
2024-09-17 14:46:52.780000,408.2268616338348,1003
2024-09-17 14:46:52.793000,408.2332920787389,5
2024-09-17 14:46:52.809000,408.2690978339544,12
2024-09-17 14:46:52.818000,408.2085909951596,995
2024-09-17 14:46:52.879000,408.23881520190855,101
2024-09-17 14:46:52.883000,408.25179994109465,13
2024-09-17 14:46:52.888000,408.2328979793392,102
2024-09-17 14:46:52.898000,408.2538577143597,7
2024-09-17 14:46:52.909000,408.2424240008254,11
2024-09-17 14:46:52.917000,408.25151698736113,995
2024-09-17 14:46:52.922000,408.25229543377617,100
2024-09-17 14:46:53.007000,408.2602835499124,1001
2024-09-17 14:46:53.052000,408.2354230327364,102
2024-09-17 14:46:53.063000,408.2473032297335,996
2024-09-17 14:46:53.086000,408.23626907060685,999
2024-09-17 14:46:53.090000,408.237177177719,6
2024-09-17 14:46:53.146000,408.225219039879,99
2024-09-17 14:46:53.167000,408.2389417260384,1004
2024-09-17 14:46:53.173000,408.2308272824294,105
2024-09-17 14:46:53.235000,408.2128942430194,5
2024-09-17 14:46:53.247000,408.231481183417,95
2024-09-17 14:46:53.364000,408.2595274102563,1002
2024-09-17 14:46:53.437000,408.2514576608879,105
2024-09-17 14:46:53.464000,408.2753419253317,15
2024-09-17 14:46:53.510000,408.2727941200622,105
2024-09-17 14:46:53.571000,408.2860938901926,8
2024-09-17 14:46:53.593000,408.2440389680729,1001
2024-09-17 14:46:53.682000,408.2388066618381,100
2024-09-17 14:46:53.714000,408.2855923396842,6
2024-09-17 14:46:53.751000,408.2286216606798,995
2024-09-17 14:46:53.760000,408.2436774962296,9
2024-09-17 14:46:53.795000,408.2334961298443,11
2024-09-17 14:46:53.796000,408.24628908917424,15
2024-09-17 14:46:53.864000,408.2302886026873,13
2024-09-17 14:46:53.916000,408.2212075893156,103
2024-09-17 14:46:53.959000,408.226172338234,15
2024-09-17 14:46:53.981000,408.2871858313667,13
2024-09-17 14:46:54.116000,408.23370865089606,7
2024-09-17 14:46:54.134000,408.2571780618839,101
2024-09-17 14:46:54.259000,408.2254134164848,13
2024-09-17 14:46:54.283000,408.2304932666474,10
2024-09-17 14:46:54.305000,408.251620228176,6
2024-09-17 14:46:54.305000,408.2205912157122,1001
2024-09-17 14:46:54.549000,408.2458876633234,99
2024-09-17 14:46:54.612000,408.2599715126328,1002
2024-09-17 14:46:54.720000,408.2725582606356,101
2024-09-17 14:46:54.753000,408.2517581470542,104
2024-09-17 14:46:54.899000,408.2654601633527,11
2024-09-17 14:46:54.903000,408.2313530711334,997
2024-09-17 14:46:54.920000,408.212455668676,1005
2024-09-17 14:46:54.945000,415.48256503073225,5
2024-09-17 14:46:55.033000,408.2381763849208,7
2024-09-17 14:46:55.117000,408.2390734122112,104
2024-09-17 14:46:55.155000,408.2134144204328,996
2024-09-17 14:46:55.196000,408.20739030779146,95
2024-09-17 14:46:55.302000,408.2277366283879,96
2024-09-17 14:46:55.424000,408.197654152642,100
2024-09-17 14:46:55.454000,408.1944568137184,14
2024-09-17 14:46:55.458000,408.225744077556,98
2024-09-17 14:46:55.502000,408.2311829787747,15
2024-09-17 14:46:55.516000,408.224849872714,1003
2024-09-17 14:46:55.518000,408.20322778461343,996
2024-09-17 14:46:55.527000,408.2194293888272,997
2024-09-17 14:46:55.613000,408.2102349358756,101
2024-09-17 14:46:55.629000,408.2280928102082,100
2024-09-17 14:46:55.749000,408.2112841535312,105
2024-09-17 14:46:55.796000,408.20724019739686,100
2024-09-17 14:46:55.818000,408.2291634817556,101
2024-09-17 14:46:55.837000,408.2209040971843,13
2024-09-17 14:46:55.856000,408.2296574891795,995
2024-09-17 14:46:56.588000,408.2299475687111,998
2024-09-17 14:46:56.923000,408.2229659512819,13
2024-09-17 14:46:57.123000,408.2064214840369,1001
2024-09-17 14:46:57.190000,408.2062687302371,103
2024-09-17 14:46:57.218000,408.2076028221389,1004
2024-09-17 14:46:57.342000,408.2154417603973,14
2024-09-17 14:46:57.365000,408.2269961228115,7
2024-09-17 14:46:57.423000,408.2309946818143,97
2024-09-17 14:46:57.503000,408.2036319948394,102
2024-09-17 14:46:57.601000,408.2389129311799,1002
2024-09-17 14:46:57.627000,408.1983783444914,96
2024-09-17 14:46:57.652000,415.6690745609935,5
2024-09-17 14:46:57.724000,408.2218509362017,998
2024-09-17 14:46:57.730000,408.2035942618229,14
2024-09-17 14:46:57.761000,408.2280697719008,96
2024-09-17 14:46:57.844000,408.2467096258395,1001
2024-09-17 14:46:57.938000,408.1881685906015,100
2024-09-17 14:46:58.050000,408.10301595893714,95
2024-09-17 14:46:58.174000,408.1612395749355,995
2024-09-17 14:46:58.230000,408.189290633883,997
2024-09-17 14:46:58.371000,408.0844781371063,995
2024-09-17 14:46:58.372000,408.176497305945,999
2024-09-17 14:46:58.429000,408.1502588918898,11
2024-09-17 14:46:58.463000,408.095337798817,13
2024-09-17 14:46:58.467000,408.1262578419913,15
2024-09-17 14:46:58.474000,408.1133848350071,7
2024-09-17 14:46:58.577000,408.0958012915663,999
2024-09-17 14:46:58.613000,408.1504910766157,6
2024-09-17 14:46:58.635000,408.09473906987415,102
2024-09-17 14:46:58.710000,408.1903017068203,14
2024-09-17 14:46:58.817000,408.2181643499042,102
2024-09-17 14:46:58.966000,408.18892462838966,997
2024-09-17 14:46:59.018000,408.0972736208128,95
2024-09-17 14:46:59.055000,408.1121665016048,15
2024-09-17 14:46:59.131000,408.0946775462709,100
2024-09-17 14:46:59.215000,408.09067659217806,101
2024-09-17 14:46:59.261000,408.0844941217048,105
2024-09-17 14:46:59.364000,408.1031991526593,99
2024-09-17 14:46:59.473000,408.1109381729268,1003
2024-09-17 14:46:59.634000,408.1198268132904,7
2024-09-17 14:46:59.686000,408.0957464803668,97
2024-09-17 14:46:59.813000,408.1108111056702,9
2024-09-17 14:46:59.895000,408.1134349895176,1003
2024-09-17 14:46:59.900000,408.08052540839606,7
2024-09-17 14:46:59.964000,408.1449203931678,9
