Timestamp,Price,Size
2024-09-18 11:58:00.024000,416.9564057284182,995
2024-09-18 11:58:00.133000,416.95344635420565,997
2024-09-18 11:58:00.153000,416.955309794536,5
2024-09-18 11:58:00.263000,416.9692429356657,1003
2024-09-18 11:58:00.332000,416.985704559647,1001
2024-09-18 11:58:00.428000,416.9894822782336,11
2024-09-18 11:58:00.452000,416.9721604634875,1005
2024-09-18 11:58:00.510000,416.96922492711735,6
2024-09-18 11:58:00.515000,416.9593135083939,1000
2024-09-18 11:58:00.549000,416.9654917538276,103
2024-09-18 11:58:00.566000,416.9748041588347,999
2024-09-18 11:58:00.828000,416.9621302034834,995
2024-09-18 11:58:00.863000,416.9871888543258,999
2024-09-18 11:58:01.023000,416.9718673203133,96
2024-09-18 11:58:01.034000,416.9538923227879,10
2024-09-18 11:58:01.095000,417.01317424966805,101
2024-09-18 11:58:01.102000,416.95521683986055,995
2024-09-18 11:58:01.110000,416.94100486175375,100
2024-09-18 11:58:01.129000,416.9998153358089,1003
2024-09-18 11:58:01.196000,417.01012429724057,12
2024-09-18 11:58:01.254000,416.9393712835486,12
2024-09-18 11:58:01.294000,416.966382231118,13
2024-09-18 11:58:01.302000,417.0151929473552,996
2024-09-18 11:58:01.370000,417.0270351654744,100
2024-09-18 11:58:01.371000,416.9500691978434,13
2024-09-18 11:58:01.436000,416.9603119076013,1001
2024-09-18 11:58:01.437000,417.0156489812136,102
2024-09-18 11:58:01.511000,416.9688749680878,99
2024-09-18 11:58:01.518000,417.01002572248825,98
2024-09-18 11:58:01.551000,417.0213202021946,998
2024-09-18 11:58:01.653000,416.9610286889401,7
2024-09-18 11:58:01.671000,416.9673639881758,998
2024-09-18 11:58:01.774000,416.9863214693264,5
2024-09-18 11:58:01.834000,416.9945846071617,1002
2024-09-18 11:58:01.894000,416.9846227692612,99
2024-09-18 11:58:01.915000,416.9746302215237,101
2024-09-18 11:58:01.937000,416.9948052834487,101
2024-09-18 11:58:01.948000,416.9537185134353,998
2024-09-18 11:58:01.948000,416.9721606655429,104
2024-09-18 11:58:02.192000,416.973456293987,100
2024-09-18 11:58:02.310000,416.9544277869183,995
2024-09-18 11:58:02.365000,416.9668885396023,98
2024-09-18 11:58:02.579000,416.959001231576,1001
2024-09-18 11:58:02.579000,416.9682486768867,95
2024-09-18 11:58:02.807000,416.975463386986,997
2024-09-18 11:58:03.009000,416.9447073281224,5
2024-09-18 11:58:03.013000,416.9354238873816,998
2024-09-18 11:58:03.058000,416.9471430029943,1001
2024-09-18 11:58:03.090000,416.9663638765253,1002
2024-09-18 11:58:03.127000,416.98294785675375,1004
2024-09-18 11:58:03.139000,416.9305259371638,1005
2024-09-18 11:58:03.236000,416.9624643707391,1000
2024-09-18 11:58:03.366000,416.96329728383125,6
2024-09-18 11:58:03.418000,416.95894018003406,99
2024-09-18 11:58:03.488000,416.9200952007836,102
2024-09-18 11:58:03.615000,416.972972663788,12
2024-09-18 11:58:03.738000,416.9233312254762,1001
2024-09-18 11:58:03.765000,416.97516211865087,7
2024-09-18 11:58:03.851000,416.93216321638937,13
2024-09-18 11:58:03.875000,416.9167932068243,101
2024-09-18 11:58:03.978000,416.9440176250856,996
2024-09-18 11:58:04.064000,416.9234150257432,99
2024-09-18 11:58:04.139000,416.9614951634052,995
2024-09-18 11:58:04.270000,416.9456455694718,7
2024-09-18 11:58:04.321000,416.9197329551644,98
2024-09-18 11:58:04.352000,416.960855869614,1001
2024-09-18 11:58:04.359000,416.94940096360506,11
2024-09-18 11:58:04.513000,416.9405252974007,10
2024-09-18 11:58:04.588000,416.95706923173617,996
2024-09-18 11:58:04.591000,416.9519231006146,99
2024-09-18 11:58:04.597000,416.9252055134303,101
2024-09-18 11:58:04.676000,416.9412922222768,995
2024-09-18 11:58:04.708000,416.9541111280122,5
2024-09-18 11:58:04.736000,416.9381993044596,15
2024-09-18 11:58:04.986000,416.97823205451016,105
2024-09-18 11:58:05.051000,416.864630900952,98
2024-09-18 11:58:05.176000,416.9065256734706,1001
2024-09-18 11:58:05.327000,416.863864766354,13
2024-09-18 11:58:05.344000,416.945623875008,98
2024-09-18 11:58:05.353000,416.858065935124,7
2024-09-18 11:58:05.399000,416.8971643884428,10
2024-09-18 11:58:05.431000,416.8993736258328,100
2024-09-18 11:58:05.455000,416.8902495086548,14
2024-09-18 11:58:05.638000,416.8749681101417,1000
2024-09-18 11:58:05.745000,416.8593610183226,104
2024-09-18 11:58:05.757000,416.8970573796509,101
2024-09-18 11:58:05.761000,416.93362039063845,1000
2024-09-18 11:58:05.822000,416.9230060609596,6
2024-09-18 11:58:05.879000,416.8786120109735,11
2024-09-18 11:58:05.908000,416.9019204882605,13
2024-09-18 11:58:05.917000,416.8734317879495,95
2024-09-18 11:58:06.119000,416.8622560269755,103
2024-09-18 11:58:06.164000,416.90538878089313,105
2024-09-18 11:58:06.208000,416.8772346181021,7
2024-09-18 11:58:06.234000,416.88457620434514,995
2024-09-18 11:58:06.545000,416.87762338063305,14
2024-09-18 11:58:06.742000,416.8677387311499,97
2024-09-18 11:58:06.765000,416.91663109070777,100
2024-09-18 11:58:06.798000,416.91199903141154,100
2024-09-18 11:58:07.078000,416.91955404165776,98
2024-09-18 11:58:07.158000,416.8953032440792,104
2024-09-18 11:58:07.441000,416.8740325936172,10
2024-09-18 11:58:07.805000,416.9300934034642,10
2024-09-18 11:58:07.839000,416.9021050588379,14
2024-09-18 11:58:07.839000,416.8900534072956,15
2024-09-18 11:58:07.894000,416.9322580324129,6
2024-09-18 11:58:07.939000,416.9097318967834,1003
2024-09-18 11:58:07.950000,416.876710711731,1005
2024-09-18 11:58:07.955000,416.94198567553394,1005
2024-09-18 11:58:07.960000,416.9288839032166,14
2024-09-18 11:58:07.992000,416.9245158591698,11
2024-09-18 11:58:08.012000,416.8924007956242,105
2024-09-18 11:58:09.173000,416.9006543297398,1003
2024-09-18 11:58:09.187000,416.8556637305344,1003
2024-09-18 11:58:09.217000,416.9014831711789,13
2024-09-18 11:58:09.229000,416.866052974485,5
2024-09-18 11:58:09.305000,416.9010190317821,13
2024-09-18 11:58:09.441000,416.88383962745934,999
2024-09-18 11:58:09.469000,416.8831491314523,1004
2024-09-18 11:58:09.478000,416.8714367519887,7
2024-09-18 11:58:09.495000,416.9051105765942,7
2024-09-18 11:58:09.535000,416.9126869501295,99
2024-09-18 11:58:09.537000,416.8872795938965,104
2024-09-18 11:58:09.547000,416.9052551784553,10
2024-09-18 11:58:09.547000,416.863774524969,103
2024-09-18 11:58:09.617000,416.8988529976916,1004
2024-09-18 11:58:09.644000,416.89900464270926,5
2024-09-18 11:58:09.673000,416.90059616955824,996
2024-09-18 11:58:09.680000,416.8741671876744,102
2024-09-18 11:58:09.735000,416.8943136690724,995
2024-09-18 11:58:09.767000,416.8979826738692,98
2024-09-18 11:58:09.775000,416.8960660763369,995
2024-09-18 11:58:09.801000,416.86665331986046,9
2024-09-18 11:58:09.817000,416.8781797589797,98
2024-09-18 11:58:09.851000,416.8783421991549,14
2024-09-18 11:58:09.912000,416.8881121871388,996
2024-09-18 11:58:09.922000,416.90520220189126,1003
2024-09-18 11:58:09.944000,416.9167932986736,15
2024-09-18 11:58:10.072000,416.9634473018045,9
2024-09-18 11:58:10.092000,416.8808739964185,1005
2024-09-18 11:58:10.223000,416.9176404104076,1003
2024-09-18 11:58:10.248000,416.89038095005856,101
2024-09-18 11:58:10.325000,416.9272394500475,5
2024-09-18 11:58:10.418000,416.9061706372248,100
2024-09-18 11:58:10.635000,416.8979721897677,105
2024-09-18 11:58:10.697000,416.9139568539595,1003
2024-09-18 11:58:10.703000,416.9470485007195,13
2024-09-18 11:58:10.852000,416.8839933453365,10
2024-09-18 11:58:10.862000,416.88826833938725,6
2024-09-18 11:58:10.911000,416.8723644569688,7
2024-09-18 11:58:11.017000,416.9061045963313,101
2024-09-18 11:58:11.061000,416.8887118354077,999
2024-09-18 11:58:11.086000,416.8853515405197,15
2024-09-18 11:58:11.161000,416.9268912490842,11
2024-09-18 11:58:11.214000,416.89781828104594,104
2024-09-18 11:58:11.256000,416.895708821822,14
2024-09-18 11:58:11.269000,416.8838113641177,8
2024-09-18 11:58:11.345000,416.9607578646628,14
2024-09-18 11:58:11.509000,416.9019935962726,100
2024-09-18 11:58:11.514000,416.92717349889824,1005
2024-09-18 11:58:11.569000,416.9338523775794,7
2024-09-18 11:58:11.681000,416.8713826042924,97
2024-09-18 11:58:11.691000,416.9531741711274,97
2024-09-18 11:58:11.726000,416.90174637958825,11
2024-09-18 11:58:11.788000,416.913611059483,103
2024-09-18 11:58:11.806000,416.9177659586007,95
2024-09-18 11:58:11.960000,416.9277171618711,102
2024-09-18 11:58:11.981000,416.8876615695913,6
2024-09-18 11:58:11.981000,416.8859625453077,997
2024-09-18 11:58:12.047000,416.8786995564689,96
2024-09-18 11:58:12.088000,416.87859239136174,999
2024-09-18 11:58:12.158000,416.8735129095708,104
2024-09-18 11:58:12.255000,416.8793829166647,1004
2024-09-18 11:58:12.266000,416.8866709081475,1005
2024-09-18 11:58:12.413000,416.8742922206116,7
2024-09-18 11:58:12.454000,416.8771379190502,996
2024-09-18 11:58:12.645000,416.8798870931856,104
2024-09-18 11:58:12.693000,416.8948384952173,104
2024-09-18 11:58:12.733000,416.8904355618984,1005
2024-09-18 11:58:13.045000,416.8384229286536,6
2024-09-18 11:58:13.089000,416.8401405035554,12
2024-09-18 11:58:13.129000,416.8338232882158,1002
2024-09-18 11:58:13.211000,416.8528968805385,12
2024-09-18 11:58:13.233000,416.85829461939255,14
2024-09-18 11:58:13.367000,416.8702078172572,9
2024-09-18 11:58:13.371000,416.87868080985066,1002
2024-09-18 11:58:13.402000,416.8798497933776,105
2024-09-18 11:58:13.466000,416.87478380312047,8
2024-09-18 11:58:13.511000,416.88406468724,999
2024-09-18 11:58:13.512000,416.8534804658777,103
2024-09-18 11:58:13.523000,416.8335528503909,5
2024-09-18 11:58:13.622000,416.8813338315335,9
2024-09-18 11:58:13.708000,416.8753491183498,998
2024-09-18 11:58:13.749000,416.8390816174851,998
2024-09-18 11:58:13.752000,416.8596931426999,1005
2024-09-18 11:58:13.777000,416.8754924479677,13
2024-09-18 11:58:14.007000,416.9143030758114,12
2024-09-18 11:58:14.080000,416.8986892525775,102
2024-09-18 11:58:14.175000,416.8784485434508,104
2024-09-18 11:58:14.333000,416.85459949051057,104
2024-09-18 11:58:14.398000,416.9306530519688,13
2024-09-18 11:58:14.411000,416.8425848499173,6
2024-09-18 11:58:14.426000,416.8584795466108,9
2024-09-18 11:58:14.539000,416.9273215138933,1003
2024-09-18 11:58:14.577000,416.9003995959385,13
2024-09-18 11:58:14.633000,416.9355093629841,10
2024-09-18 11:58:14.664000,416.9212890790066,10
2024-09-18 11:58:14.681000,416.8482047771007,99
2024-09-18 11:58:14.929000,416.89939746349455,99
2024-09-18 11:58:15.001000,416.8690675196885,13
2024-09-18 11:58:15.003000,416.9134489426029,995
2024-09-18 11:58:15.090000,416.9211250146571,998
2024-09-18 11:58:15.106000,416.8604879411518,105
2024-09-18 11:58:15.207000,416.90134531948144,995
2024-09-18 11:58:15.209000,416.9013625964948,13
2024-09-18 11:58:15.248000,416.9107924062102,7
2024-09-18 11:58:15.350000,416.90983274970256,103
2024-09-18 11:58:15.371000,416.9024788741501,97
2024-09-18 11:58:15.396000,416.9278221101861,8
2024-09-18 11:58:15.447000,416.8872414021352,98
2024-09-18 11:58:15.459000,416.8765185080398,100
2024-09-18 11:58:15.467000,416.9362847828344,12
2024-09-18 11:58:15.503000,416.8631616645884,1003
2024-09-18 11:58:15.612000,416.89743906705695,997
2024-09-18 11:58:15.656000,416.86515794466175,97
2024-09-18 11:58:15.717000,416.92707736762713,12
2024-09-18 11:58:15.777000,416.9177855123092,96
2024-09-18 11:58:15.786000,416.9286262953336,103
2024-09-18 11:58:15.791000,416.8714445890637,96
2024-09-18 11:58:15.796000,416.9043284328108,8
2024-09-18 11:58:15.826000,416.9102586779292,101
2024-09-18 11:58:15.890000,416.9026182365746,1000
2024-09-18 11:58:15.908000,416.8525274538264,1004
2024-09-18 11:58:16.772000,416.8697249986587,1004
2024-09-18 11:58:16.911000,416.87063305751246,5
2024-09-18 11:58:16.960000,416.8619244091044,101
2024-09-18 11:58:17.045000,416.9073411335139,999
2024-09-18 11:58:17.128000,416.8517518528208,95
2024-09-18 11:58:17.130000,416.8995018668392,1001
2024-09-18 11:58:17.156000,416.890971030481,14
2024-09-18 11:58:17.194000,416.9215970246776,7
2024-09-18 11:58:17.257000,416.8782388543035,105
2024-09-18 11:58:17.300000,416.9015361496712,1000
2024-09-18 11:58:17.330000,416.9247646433228,6
2024-09-18 11:58:17.385000,416.9433879416459,104
2024-09-18 11:58:17.416000,416.9152925624311,102
2024-09-18 11:58:17.422000,416.9262217138769,96
2024-09-18 11:58:17.452000,416.9154126343735,1000
2024-09-18 11:58:17.545000,416.9111269521967,996
2024-09-18 11:58:17.610000,416.897352411497,9
2024-09-18 11:58:17.622000,416.9259182480163,99
2024-09-18 11:58:17.667000,416.8897369747533,995
2024-09-18 11:58:17.680000,416.8514120604881,8
2024-09-18 11:58:17.699000,416.8455863706391,997
2024-09-18 11:58:17.700000,416.9123121294218,7
2024-09-18 11:58:17.738000,416.90790538863087,995
2024-09-18 11:58:17.771000,416.8968539127957,101
2024-09-18 11:58:17.802000,416.9321197108549,995
2024-09-18 11:58:17.818000,416.9295496046752,1005
2024-09-18 11:58:17.861000,416.8889842920671,1001
2024-09-18 11:58:17.901000,416.9004132299335,1004
2024-09-18 11:58:17.972000,416.8791358006363,1002
2024-09-18 11:58:18.029000,416.8232179508826,10
2024-09-18 11:58:18.137000,416.900609336608,6
2024-09-18 11:58:18.203000,416.746165428622,95
2024-09-18 11:58:18.241000,416.76985559766246,13
2024-09-18 11:58:18.249000,416.7509888442689,10
2024-09-18 11:58:18.337000,416.8152101778502,13
2024-09-18 11:58:18.420000,416.7829741026342,999
2024-09-18 11:58:18.448000,416.87313364772064,13
2024-09-18 11:58:18.449000,416.86806518379854,95
2024-09-18 11:58:18.452000,416.7369218649715,1003
2024-09-18 11:58:18.459000,416.8550231266649,10
2024-09-18 11:58:18.487000,416.8451305959099,1005
2024-09-18 11:58:18.511000,416.8180718374375,103
2024-09-18 11:58:18.529000,416.8014975241585,9
2024-09-18 11:58:18.570000,416.8489922071996,14
2024-09-18 11:58:18.581000,416.8153487130968,13
2024-09-18 11:58:18.636000,416.8261639871441,1003
2024-09-18 11:58:18.646000,416.8516163310366,100
2024-09-18 11:58:18.685000,416.8032981283501,11
2024-09-18 11:58:18.715000,416.80621545873913,5
2024-09-18 11:58:18.756000,416.8256679828023,1000
2024-09-18 11:58:18.770000,416.87920106989264,97
2024-09-18 11:58:18.823000,416.8434255805648,1001
2024-09-18 11:58:18.826000,416.85570702406994,1005
2024-09-18 11:58:18.892000,416.8646290138562,103
2024-09-18 11:58:18.895000,416.73325473051375,5
2024-09-18 11:58:19.082000,416.7588175247655,99
2024-09-18 11:58:19.372000,416.7420155572498,97
2024-09-18 11:58:19.402000,416.7398095053132,996
2024-09-18 11:58:19.534000,416.7337268289639,14
2024-09-18 11:58:19.609000,416.7275659650372,10
2024-09-18 11:58:19.678000,416.7420764568341,95
2024-09-18 11:58:19.708000,416.7714347580616,102
2024-09-18 11:58:19.771000,416.75163120164086,97
2024-09-18 11:58:19.910000,416.7407212601122,15
2024-09-18 11:58:19.921000,416.7383883801462,9
2024-09-18 11:58:20.052000,416.7398880001052,7
2024-09-18 11:58:20.068000,416.77262316434553,6
2024-09-18 11:58:20.098000,416.74118166223536,13
2024-09-18 11:58:20.193000,416.748578726649,995
2024-09-18 11:58:20.224000,416.7541704885403,6
2024-09-18 11:58:20.279000,416.7406184501614,103
2024-09-18 11:58:20.368000,416.7648336870661,103
2024-09-18 11:58:20.411000,416.7519420647837,1000
2024-09-18 11:58:20.472000,416.7730134905736,5
2024-09-18 11:58:20.527000,416.7709089633256,103
2024-09-18 11:58:20.552000,416.7849669449376,103
2024-09-18 11:58:20.588000,416.7813786042623,999
2024-09-18 11:58:20.732000,416.7589727062333,102
2024-09-18 11:58:20.818000,416.7428503343955,13
2024-09-18 11:58:21.067000,416.69629199171584,10
2024-09-18 11:58:21.082000,416.69169857550577,997
2024-09-18 11:58:21.086000,416.6777074375522,97
2024-09-18 11:58:21.100000,416.6953863323761,12
2024-09-18 11:58:21.107000,416.7150430023684,105
2024-09-18 11:58:21.167000,416.6962025654146,5
2024-09-18 11:58:21.262000,416.705435962541,1000
2024-09-18 11:58:21.312000,416.70634797896224,6
2024-09-18 11:58:21.318000,416.7275062266257,9
2024-09-18 11:58:21.320000,416.7482232333279,95
2024-09-18 11:58:21.601000,416.68940655416566,11
2024-09-18 11:58:21.603000,416.6940781619727,997
2024-09-18 11:58:21.691000,416.7061890376333,10
2024-09-18 11:58:21.728000,416.7110933278463,105
2024-09-18 11:58:21.737000,416.6995536009106,10
2024-09-18 11:58:21.766000,416.7140318863141,100
2024-09-18 11:58:21.802000,416.7372899235217,96
2024-09-18 11:58:21.881000,416.6787508055897,97
2024-09-18 11:58:21.886000,416.74304083391416,13
2024-09-18 11:58:21.923000,416.6980661567297,95
2024-09-18 11:58:21.986000,416.69943214361007,95
2024-09-18 11:58:22.003000,416.6800763549142,1001
2024-09-18 11:58:22.034000,416.6620170053421,997
2024-09-18 11:58:22.058000,416.6835988589684,999
2024-09-18 11:58:22.088000,416.66222201700185,13
2024-09-18 11:58:22.157000,416.6629601116356,1005
2024-09-18 11:58:22.163000,416.6619354313352,998
2024-09-18 11:58:22.170000,416.67367771176936,996
2024-09-18 11:58:22.194000,416.69500608147695,999
2024-09-18 11:58:22.197000,416.674641425224,10
2024-09-18 11:58:22.201000,416.69523168192586,9
2024-09-18 11:58:22.330000,416.6696465363975,99
2024-09-18 11:58:22.354000,416.6741589433713,97
2024-09-18 11:58:22.451000,416.6774667394091,10
2024-09-18 11:58:22.452000,416.6421720075516,98
2024-09-18 11:58:22.479000,416.67177270443887,98
2024-09-18 11:58:22.531000,416.6521604725128,11
2024-09-18 11:58:22.578000,416.6609412435261,100
2024-09-18 11:58:22.581000,416.6445183729769,7
2024-09-18 11:58:22.694000,416.6739480824599,7
2024-09-18 11:58:22.745000,416.6662513793074,100
2024-09-18 11:58:22.769000,416.6854568968009,101
2024-09-18 11:58:22.787000,416.6427901665088,1003
2024-09-18 11:58:22.878000,416.6148267844477,11
2024-09-18 11:58:22.954000,416.63809280060167,5
2024-09-18 11:58:23.010000,416.6372393324813,997
2024-09-18 11:58:23.029000,416.6357711801545,6
2024-09-18 11:58:23.031000,416.6302366820268,100
2024-09-18 11:58:23.073000,416.6180506655661,102
2024-09-18 11:58:23.105000,416.66308319974326,98
2024-09-18 11:58:23.144000,416.6519698374538,15
2024-09-18 11:58:23.250000,416.6446211946543,8
2024-09-18 11:58:23.330000,416.5836280258313,14
2024-09-18 11:58:23.356000,416.55417969604827,102
2024-09-18 11:58:23.378000,416.6469844011261,11
2024-09-18 11:58:23.400000,416.61838039339005,1003
2024-09-18 11:58:23.407000,416.6324730835921,998
2024-09-18 11:58:23.427000,416.6451932362383,99
2024-09-18 11:58:23.483000,416.6442270856112,995
2024-09-18 11:58:23.506000,416.6425073674648,97
2024-09-18 11:58:23.558000,416.6454116364815,5
2024-09-18 11:58:23.599000,416.6406589995122,996
2024-09-18 11:58:23.605000,416.6227760906121,96
2024-09-18 11:58:23.633000,416.58093661610144,996
2024-09-18 11:58:23.670000,416.6411641573173,995
2024-09-18 11:58:23.697000,416.61527584103175,13
2024-09-18 11:58:23.765000,416.6310953825887,96
2024-09-18 11:58:23.799000,416.6443323568181,97
2024-09-18 11:58:23.834000,416.63755689669074,102
2024-09-18 11:58:23.846000,416.63018871940136,10
2024-09-18 11:58:23.930000,416.65444912803457,10
2024-09-18 11:58:23.932000,416.55846447732966,103
2024-09-18 11:58:23.977000,416.6185696459477,1000
2024-09-18 11:58:23.979000,416.629500990932,102
2024-09-18 11:58:24.166000,416.5471327630176,996
2024-09-18 11:58:25.840000,416.5330971819524,1005
2024-09-18 11:58:26.155000,416.5609836685485,15
2024-09-18 11:58:26.266000,416.5391684110735,14
2024-09-18 11:58:26.271000,416.5324828845253,5
2024-09-18 11:58:26.449000,416.5101314155641,103
2024-09-18 11:58:26.526000,416.52804350382894,11
2024-09-18 11:58:26.535000,416.5528940621968,9
2024-09-18 11:58:26.664000,416.5354916398517,101
2024-09-18 11:58:26.749000,416.5399409575364,95
2024-09-18 11:58:27.049000,416.4477877552405,14
2024-09-18 11:58:27.049000,416.4808398663587,14
2024-09-18 11:58:27.054000,416.4899404936812,1000
2024-09-18 11:58:27.096000,416.4575589485802,101
2024-09-18 11:58:27.136000,416.4425499549946,97
2024-09-18 11:58:27.235000,416.4468001342362,102
2024-09-18 11:58:27.240000,416.4676716773294,5
2024-09-18 11:58:27.256000,416.4687025055471,995
2024-09-18 11:58:27.258000,416.4872958966015,1002
2024-09-18 11:58:27.434000,416.4749442745895,995
2024-09-18 11:58:27.480000,416.4689026623348,1001
2024-09-18 11:58:27.484000,416.5087473737475,101
2024-09-18 11:58:27.488000,416.5011332657887,95
2024-09-18 11:58:27.603000,416.4794571467735,15
2024-09-18 11:58:27.613000,416.4988622791429,105
2024-09-18 11:58:27.634000,416.44272518677263,97
2024-09-18 11:58:27.763000,416.4997720838964,9
2024-09-18 11:58:27.862000,416.4251723421942,15
2024-09-18 11:58:27.994000,416.5066047143831,7
2024-09-18 11:58:28.040000,416.4173648650344,103
2024-09-18 11:58:28.078000,416.4189990472584,13
2024-09-18 11:58:28.112000,416.42363843455183,7
2024-09-18 11:58:28.176000,416.5067861421269,100
2024-09-18 11:58:28.221000,416.4270737191106,101
2024-09-18 11:58:28.243000,416.50472168645376,9
2024-09-18 11:58:28.252000,416.4272012759629,104
2024-09-18 11:58:28.283000,416.4127205221344,1004
2024-09-18 11:58:28.342000,416.39043415707727,996
2024-09-18 11:58:28.347000,416.4049017436366,6
2024-09-18 11:58:28.389000,416.4598457064644,95
2024-09-18 11:58:28.440000,416.52775252306617,13
2024-09-18 11:58:28.461000,416.4271931102596,1003
2024-09-18 11:58:28.478000,416.4330342437641,105
2024-09-18 11:58:28.485000,416.4889877525428,13
2024-09-18 11:58:28.528000,416.54280569830456,12
2024-09-18 11:58:28.548000,416.5311934741883,95
2024-09-18 11:58:28.611000,416.5114788002908,1003
2024-09-18 11:58:28.626000,416.4769754206237,11
2024-09-18 11:58:28.800000,416.4134212297088,95
2024-09-18 11:58:28.911000,416.4414905798215,101
2024-09-18 11:58:28.942000,416.4042714842807,101
2024-09-18 11:58:28.954000,416.4341270781514,1005
2024-09-18 11:58:28.988000,416.4680274076441,995
2024-09-18 11:58:28.997000,416.46442156802647,99
2024-09-18 11:58:29.002000,416.5551122062959,104
2024-09-18 11:58:29.042000,416.5928354286498,10
2024-09-18 11:58:29.160000,416.567005992755,999
2024-09-18 11:58:29.187000,416.62032815871976,998
2024-09-18 11:58:29.254000,416.5714583543758,1000
2024-09-18 11:58:29.325000,416.57185632517735,11
2024-09-18 11:58:29.365000,416.61688759087593,95
2024-09-18 11:58:29.393000,416.54751981997526,999
2024-09-18 11:58:29.402000,416.5726207062665,15
2024-09-18 11:58:29.444000,416.5229996272354,13
2024-09-18 11:58:29.503000,416.62060244407166,996
2024-09-18 11:58:29.528000,416.6088186884622,1001
2024-09-18 11:58:29.580000,416.6092838628361,1002
2024-09-18 11:58:29.631000,416.5625728739491,103
2024-09-18 11:58:29.660000,416.5869360783048,997
2024-09-18 11:58:29.672000,416.5486476431043,995
2024-09-18 11:58:29.687000,416.58849912857255,95
2024-09-18 11:58:29.704000,416.5899062258845,1004
2024-09-18 11:58:29.724000,416.5832884424908,1004
2024-09-18 11:58:29.760000,416.5263705289031,1003
2024-09-18 11:58:29.762000,416.5914509833895,96
2024-09-18 11:58:29.817000,416.5757428214536,14
2024-09-18 11:58:29.850000,416.58267537031134,102
2024-09-18 11:58:29.854000,416.6113636165114,98
2024-09-18 11:58:29.883000,416.5758549096731,12
2024-09-18 11:58:29.894000,416.5239012953775,100
2024-09-18 11:58:29.930000,416.5711645727983,102
2024-09-18 11:58:29.951000,416.51400672240544,95
2024-09-18 11:58:29.961000,416.57277453579553,104
2024-09-18 11:58:29.991000,416.57367035338166,15
2024-09-18 11:58:30.005000,416.482742564575,95
2024-09-18 11:58:30.049000,416.5155073828328,10
2024-09-18 11:58:30.072000,416.4729186976065,8
2024-09-18 11:58:30.090000,416.4928529845943,95
2024-09-18 11:58:30.111000,416.59858905103664,5
2024-09-18 11:58:30.137000,416.4864283825127,96
2024-09-18 11:58:30.182000,416.575559192455,100
2024-09-18 11:58:30.203000,416.5254948654778,1001
2024-09-18 11:58:30.209000,416.5823944410935,9
2024-09-18 11:58:30.274000,416.4934222866347,1004
2024-09-18 11:58:30.309000,416.49370119711466,103
2024-09-18 11:58:30.379000,416.4969363784648,5
2024-09-18 11:58:30.390000,416.4852649305214,97
2024-09-18 11:58:30.497000,416.552212710438,1003
2024-09-18 11:58:30.539000,416.4787248345908,102
2024-09-18 11:58:30.566000,416.4955215126562,13
2024-09-18 11:58:30.642000,416.5789561188178,1000
2024-09-18 11:58:30.658000,416.5741578591958,12
2024-09-18 11:58:30.660000,416.463665599883,1005
2024-09-18 11:58:30.683000,416.5805907421234,999
2024-09-18 11:58:30.697000,416.5618378687734,11
2024-09-18 11:58:30.722000,416.5916040678114,9
2024-09-18 11:58:30.734000,416.5040929482337,998
2024-09-18 11:58:30.761000,416.5458702040817,996
2024-09-18 11:58:30.844000,416.5299823951499,98
2024-09-18 11:58:30.850000,416.4933926259593,997
2024-09-18 11:58:30.870000,416.4951092230033,999
2024-09-18 11:58:30.948000,416.4896862183877,999
2024-09-18 11:58:30.991000,416.491847747552,996
2024-09-18 11:58:31.019000,416.39568727210207,995
2024-09-18 11:58:31.109000,416.3785319138322,13
2024-09-18 11:58:31.114000,416.4229058412512,12
2024-09-18 11:58:31.141000,416.4185056267679,99
2024-09-18 11:58:31.145000,416.4175005843616,102
2024-09-18 11:58:31.148000,416.3801395443025,5
2024-09-18 11:58:31.194000,416.4684078978387,1001
2024-09-18 11:58:31.433000,416.3880913227998,7
2024-09-18 11:58:31.468000,416.4247527146687,1001
2024-09-18 11:58:31.483000,416.41873996007865,9
2024-09-18 11:58:31.532000,416.398042079669,12
2024-09-18 11:58:31.545000,416.47226373717217,1002
2024-09-18 11:58:31.568000,416.4144549840835,97
2024-09-18 11:58:31.698000,416.4081818685227,96
2024-09-18 11:58:31.703000,416.45994259179633,97
2024-09-18 11:58:31.731000,416.4028768125038,9
2024-09-18 11:58:31.766000,416.4000141253965,99
2024-09-18 11:58:31.770000,416.4143759277951,99
2024-09-18 11:58:31.822000,416.42438041208254,998
2024-09-18 11:58:31.845000,416.37377843387526,100
2024-09-18 11:58:31.849000,416.4039220060168,14
2024-09-18 11:58:31.941000,416.3816626201856,8
2024-09-18 11:58:32.024000,416.3771715048963,96
2024-09-18 11:58:32.031000,416.4132438658811,103
2024-09-18 11:58:32.093000,416.38121024230384,1003
2024-09-18 11:58:32.126000,416.3995523962225,100
2024-09-18 11:58:32.133000,416.4138680562842,14
2024-09-18 11:58:32.208000,416.3930691228395,997
2024-09-18 11:58:32.225000,416.4088218921917,1003
2024-09-18 11:58:32.385000,416.3820617865875,6
2024-09-18 11:58:32.393000,416.4322059334211,996
2024-09-18 11:58:32.429000,416.37666014621874,98
2024-09-18 11:58:32.461000,416.3966443506909,97
2024-09-18 11:58:32.578000,416.4114898264622,6
2024-09-18 11:58:32.627000,416.4287336458586,1004
2024-09-18 11:58:32.696000,416.4276508003414,8
2024-09-18 11:58:32.722000,416.4139999229968,99
2024-09-18 11:58:32.727000,416.4097426569622,7
2024-09-18 11:58:32.788000,416.39872290259166,103
2024-09-18 11:58:32.972000,416.40451799307885,7
2024-09-18 11:58:32.973000,416.4147219662091,998
2024-09-18 11:58:33.019000,416.3211402348453,1004
2024-09-18 11:58:33.046000,416.32002419915335,13
2024-09-18 11:58:33.112000,416.3248309785651,1004
2024-09-18 11:58:33.163000,416.35192115851777,99
2024-09-18 11:58:33.181000,416.3483475007271,999
2024-09-18 11:58:33.206000,416.3397132758333,995
2024-09-18 11:58:33.261000,416.3601841825494,104
2024-09-18 11:58:33.284000,416.36119184757246,103
2024-09-18 11:58:33.340000,416.3800154310122,1004
2024-09-18 11:58:33.400000,416.3518202967824,104
2024-09-18 11:58:33.409000,416.3301769276197,100
2024-09-18 11:58:33.469000,416.3675566306472,996
2024-09-18 11:58:33.551000,416.3591537602712,12
2024-09-18 11:58:33.571000,416.3332447195454,14
2024-09-18 11:58:33.579000,416.3548401120162,11
2024-09-18 11:58:33.583000,416.3879020474882,97
2024-09-18 11:58:33.621000,416.3175051608285,996
2024-09-18 11:58:33.635000,416.3342014565856,1000
2024-09-18 11:58:33.717000,416.3423462649628,101
2024-09-18 11:58:33.728000,416.356508811608,13
2024-09-18 11:58:33.743000,416.33722120546446,101
2024-09-18 11:58:33.801000,416.3253275903849,999
2024-09-18 11:58:33.803000,416.3477361993163,13
2024-09-18 11:58:33.844000,416.3168759316261,11
2024-09-18 11:58:33.859000,416.3699988341832,99
2024-09-18 11:58:33.897000,416.3407239238495,999
2024-09-18 11:58:33.927000,416.3699162489088,105
2024-09-18 11:58:33.974000,416.3084037248041,998
2024-09-18 11:58:34.010000,416.3421845303726,997
2024-09-18 11:58:34.013000,416.3134369710348,996
2024-09-18 11:58:34.054000,416.3123887900556,98
2024-09-18 11:58:34.067000,416.3281675073267,14
2024-09-18 11:58:34.152000,416.3525354047644,11
2024-09-18 11:58:34.163000,416.3536466662535,995
2024-09-18 11:58:34.181000,416.3301914836703,995
2024-09-18 11:58:34.396000,416.2905865170814,1002
2024-09-18 11:58:34.475000,416.31283870842793,10
2024-09-18 11:58:34.526000,416.3386483147456,13
2024-09-18 11:58:34.617000,416.32255771931887,96
2024-09-18 11:58:34.665000,416.28970767752406,98
2024-09-18 11:58:34.688000,416.3153446561621,9
2024-09-18 11:58:34.705000,416.27555268038526,99
2024-09-18 11:58:34.707000,416.35570958562346,13
2024-09-18 11:58:34.747000,416.2670709702261,996
2024-09-18 11:58:34.768000,416.2928548284633,6
2024-09-18 11:58:34.809000,416.3057671832643,102
2024-09-18 11:58:34.818000,416.336081948735,995
2024-09-18 11:58:34.834000,416.3282594416559,101
2024-09-18 11:58:35.011000,416.2493015820238,10
2024-09-18 11:58:35.024000,416.2674989125201,99
2024-09-18 11:58:35.071000,416.2880395816157,101
2024-09-18 11:58:35.071000,416.22867599909614,999
2024-09-18 11:58:35.082000,416.2488345899479,1002
2024-09-18 11:58:35.139000,416.237463837324,11
2024-09-18 11:58:35.140000,416.2480864380445,95
2024-09-18 11:58:35.253000,416.2406273755714,10
2024-09-18 11:58:35.304000,416.24210401984953,101
2024-09-18 11:58:35.339000,416.2722075887904,8
2024-09-18 11:58:35.361000,416.2271636901387,100
2024-09-18 11:58:35.403000,416.2103779351104,100
2024-09-18 11:58:35.412000,416.2567739669904,95
2024-09-18 11:58:35.441000,416.2154155307682,10
2024-09-18 11:58:35.451000,416.2458645099661,14
2024-09-18 11:58:35.453000,416.2434128513238,102
2024-09-18 11:58:35.481000,416.2367397263132,9
2024-09-18 11:58:35.586000,416.2688843066539,5
2024-09-18 11:58:35.611000,416.2302675679632,102
2024-09-18 11:58:35.673000,416.2669784344886,1003
2024-09-18 11:58:35.708000,416.223697393234,13
2024-09-18 11:58:35.737000,416.24958276492174,8
2024-09-18 11:58:35.758000,416.2226358289447,1004
2024-09-18 11:58:35.770000,416.2629482828547,998
2024-09-18 11:58:35.777000,416.2608066417988,1000
2024-09-18 11:58:35.794000,416.24873334952656,99
2024-09-18 11:58:35.907000,416.2419287155529,999
2024-09-18 11:58:35.909000,416.23386630636,1000
2024-09-18 11:58:36.232000,416.2711489198401,997
2024-09-18 11:58:36.257000,416.2788283265663,999
2024-09-18 11:58:36.841000,416.2684009874433,7
2024-09-18 11:58:37.068000,416.297778444413,7
2024-09-18 11:58:37.217000,416.2756601635098,999
2024-09-18 11:58:37.243000,416.2907537795746,15
2024-09-18 11:58:37.719000,416.31646044593,96
2024-09-18 11:58:37.731000,416.28229364421526,7
2024-09-18 11:58:37.987000,416.2958233649252,1001
2024-09-18 11:58:38.064000,416.3237331981566,15
2024-09-18 11:58:38.117000,416.2944230858692,97
2024-09-18 11:58:38.245000,416.3001912872014,101
2024-09-18 11:58:38.322000,416.3057561257687,1000
2024-09-18 11:58:38.332000,416.27509767494354,996
2024-09-18 11:58:38.354000,416.28553607371,95
2024-09-18 11:58:38.407000,416.3065742763542,998
2024-09-18 11:58:38.412000,416.3188619132758,1005
2024-09-18 11:58:38.457000,416.3330915807461,13
2024-09-18 11:58:38.465000,416.2885736675109,14
2024-09-18 11:58:38.514000,416.3190842094328,8
2024-09-18 11:58:38.611000,416.3019579789103,104
2024-09-18 11:58:38.662000,416.3036522190714,996
2024-09-18 11:58:38.709000,416.3190423018124,998
2024-09-18 11:58:38.744000,416.2914652290984,102
2024-09-18 11:58:38.761000,416.3096058521771,996
2024-09-18 11:58:38.786000,416.3058207077134,1000
2024-09-18 11:58:38.809000,416.2918471323638,102
2024-09-18 11:58:38.811000,416.3141143134567,996
2024-09-18 11:58:38.881000,416.3024709775659,97
2024-09-18 11:58:38.995000,416.2922162679167,7
2024-09-18 11:58:39.056000,416.3544122714444,99
2024-09-18 11:58:39.083000,416.3286431073885,999
2024-09-18 11:58:39.099000,416.3530624126721,95
2024-09-18 11:58:39.154000,416.37808252080384,12
2024-09-18 11:58:39.173000,416.36866655360143,7
2024-09-18 11:58:39.182000,416.3724213443189,997
2024-09-18 11:58:39.242000,416.3136958131976,101
2024-09-18 11:58:39.362000,416.2932439082145,96
2024-09-18 11:58:39.515000,416.3591022097449,15
2024-09-18 11:58:39.515000,416.3000344972726,1003
2024-09-18 11:58:39.527000,416.381749057054,9
2024-09-18 11:58:39.534000,416.3060235731638,97
2024-09-18 11:58:39.604000,416.32101093966565,997
2024-09-18 11:58:39.635000,416.3899332332237,1000
2024-09-18 11:58:39.661000,416.340329543074,14
2024-09-18 11:58:39.664000,416.3448903719101,96
2024-09-18 11:58:39.682000,416.36379327367246,12
2024-09-18 11:58:39.748000,416.3087361417792,8
2024-09-18 11:58:39.749000,416.36858198737673,8
2024-09-18 11:58:39.785000,416.34289624474985,5
2024-09-18 11:58:39.829000,416.35819317145337,101
2024-09-18 11:58:39.849000,416.3125525669705,1005
2024-09-18 11:58:39.906000,416.3391114099875,997
2024-09-18 11:58:39.957000,416.3907790018754,101
2024-09-18 11:58:39.958000,416.3142778776461,101
2024-09-18 11:58:40.046000,416.4091559312585,999
2024-09-18 11:58:40.086000,416.4201638440175,99
2024-09-18 11:58:40.154000,416.42121410435936,1002
2024-09-18 11:58:40.207000,416.4189365006308,101
2024-09-18 11:58:40.453000,416.3944572502576,96
2024-09-18 11:58:40.504000,416.4194093386896,995
2024-09-18 11:58:40.510000,416.4018350858098,11
2024-09-18 11:58:40.547000,416.4270141728363,103
2024-09-18 11:58:40.584000,416.377858609179,999
2024-09-18 11:58:40.606000,416.4357960512046,13
2024-09-18 11:58:40.628000,416.4214272965685,997
2024-09-18 11:58:40.649000,416.38550892802,995
2024-09-18 11:58:40.792000,416.407758250298,1004
2024-09-18 11:58:40.831000,416.4138989740939,8
2024-09-18 11:58:40.870000,416.3845502379598,12
2024-09-18 11:58:40.896000,416.4006055978455,10
2024-09-18 11:58:40.904000,416.3904367556016,95
2024-09-18 11:58:41.016000,416.37748554684833,103
2024-09-18 11:58:41.076000,416.3912725623098,99
2024-09-18 11:58:41.176000,416.38903934313305,98
2024-09-18 11:58:41.280000,416.3989553611266,999
2024-09-18 11:58:41.310000,416.4005147856764,7
2024-09-18 11:58:41.312000,416.3892233177263,7
2024-09-18 11:58:41.319000,416.413700693455,14
2024-09-18 11:58:41.454000,416.3997686560602,7
2024-09-18 11:58:41.615000,416.40609491987897,1004
2024-09-18 11:58:41.651000,416.4168622608303,95
2024-09-18 11:58:41.658000,416.409974411534,1001
2024-09-18 11:58:41.751000,416.3971103901901,12
2024-09-18 11:58:41.776000,416.386280750236,95
2024-09-18 11:58:41.888000,416.3996936432536,13
2024-09-18 11:58:42.114000,416.38811980129947,997
2024-09-18 11:58:43.123000,416.406796615267,6
2024-09-18 11:58:43.144000,416.41281674434856,7
2024-09-18 11:58:43.184000,416.4031712412587,103
2024-09-18 11:58:43.269000,416.4144715391098,15
2024-09-18 11:58:43.285000,416.4106926160875,9
2024-09-18 11:58:43.310000,416.3861117432242,999
2024-09-18 11:58:43.366000,416.4035222219194,99
2024-09-18 11:58:43.538000,416.4239017465587,11
2024-09-18 11:58:43.642000,416.42906189771287,104
2024-09-18 11:58:43.676000,416.36340120196326,103
2024-09-18 11:58:43.746000,416.4120201727021,15
2024-09-18 11:58:43.790000,416.37186375364246,1002
2024-09-18 11:58:43.810000,416.4205429741554,13
2024-09-18 11:58:43.845000,416.4283859729375,97
2024-09-18 11:58:43.886000,416.359843391797,1003
2024-09-18 11:58:43.916000,416.39976963382185,10
2024-09-18 11:58:43.937000,416.42017172487033,95
2024-09-18 11:58:43.964000,416.3749768816395,5
2024-09-18 11:58:43.976000,416.3521576268334,100
2024-09-18 11:58:44.056000,416.43844179633095,1002
2024-09-18 11:58:44.088000,416.3638585171703,103
2024-09-18 11:58:44.092000,416.35941026509386,13
2024-09-18 11:58:44.143000,416.4065805969584,7
2024-09-18 11:58:44.173000,416.4131529209431,96
2024-09-18 11:58:44.183000,416.4164080605741,10
2024-09-18 11:58:44.258000,416.4074199163432,13
2024-09-18 11:58:44.275000,416.425788375591,99
2024-09-18 11:58:44.349000,416.4013644203196,13
2024-09-18 11:58:44.383000,416.4034017503304,1003
2024-09-18 11:58:44.407000,416.4399754948025,14
2024-09-18 11:58:44.410000,416.41501979064174,998
2024-09-18 11:58:44.480000,416.4315017608208,7
2024-09-18 11:58:44.552000,416.44531298548577,100
2024-09-18 11:58:44.575000,416.4275392960077,999
2024-09-18 11:58:44.587000,416.4138291344032,14
2024-09-18 11:58:44.599000,416.3957913936356,12
2024-09-18 11:58:44.620000,416.369907592862,9
2024-09-18 11:58:44.629000,416.3918425729708,5
2024-09-18 11:58:44.793000,416.418522718259,1000
2024-09-18 11:58:44.842000,416.3855316490872,12
2024-09-18 11:58:44.852000,416.38238829507696,98
2024-09-18 11:58:44.873000,416.4479817448986,5
2024-09-18 11:58:44.882000,416.445604239536,1002
2024-09-18 11:58:44.929000,416.38975679446753,105
2024-09-18 11:58:44.941000,416.4324210532229,15
2024-09-18 11:58:45.065000,416.3658786185204,10
2024-09-18 11:58:45.351000,416.36155640861256,8
2024-09-18 11:58:45.507000,416.3724150558826,1001
2024-09-18 11:58:45.646000,416.36985393657386,100
2024-09-18 11:58:45.678000,416.38053741154727,13
2024-09-18 11:58:45.794000,416.376104013474,1004
2024-09-18 11:58:45.917000,416.3636043508456,1002
2024-09-18 11:58:46.022000,416.3593444190876,1005
2024-09-18 11:58:46.054000,416.383232496722,9
2024-09-18 11:58:46.097000,416.3416735558701,15
2024-09-18 11:58:46.157000,416.4056132365996,1001
2024-09-18 11:58:46.283000,416.402096753347,103
2024-09-18 11:58:46.302000,416.391429167495,103
2024-09-18 11:58:46.332000,416.3784942248284,10
2024-09-18 11:58:46.357000,416.38882018418,10
2024-09-18 11:58:46.405000,416.4048432495516,95
2024-09-18 11:58:46.568000,416.3752929753916,1000
2024-09-18 11:58:46.653000,416.3700842090784,11
2024-09-18 11:58:46.816000,416.3506625264734,102
2024-09-18 11:58:46.890000,416.4101923653854,95
2024-09-18 11:58:46.954000,416.3854389101237,1003
2024-09-18 11:58:46.976000,416.4085572154934,10
2024-09-18 11:58:47.219000,416.4155423918982,8
2024-09-18 11:58:47.335000,416.4013436499868,997
2024-09-18 11:58:47.569000,416.38909286371535,999
2024-09-18 11:58:47.614000,416.3885192690995,101
2024-09-18 11:58:47.700000,416.4103086531757,105
2024-09-18 11:58:47.896000,416.38485865813664,999
2024-09-18 11:58:48.001000,416.4320016980856,995
2024-09-18 11:58:48.057000,416.442574903113,100
2024-09-18 11:58:48.063000,416.2913135833437,998
2024-09-18 11:58:48.100000,416.3886104958352,102
2024-09-18 11:58:48.105000,416.3557599302956,5
2024-09-18 11:58:48.140000,416.38496321111,105
2024-09-18 11:58:48.192000,416.4291782431863,1005
2024-09-18 11:58:48.210000,416.3461208068045,998
2024-09-18 11:58:48.216000,416.3427802460706,99
2024-09-18 11:58:48.235000,416.3153444905715,11
2024-09-18 11:58:48.245000,416.2843885252501,95
2024-09-18 11:58:48.408000,416.4307421018617,7
2024-09-18 11:58:48.411000,416.39536479156976,104
2024-09-18 11:58:48.468000,416.4409136243276,6
2024-09-18 11:58:48.502000,416.3663459476092,1001
2024-09-18 11:58:48.546000,416.32701080261,999
2024-09-18 11:58:48.580000,416.4154934505247,1003
2024-09-18 11:58:48.602000,416.4047743866994,7
2024-09-18 11:58:48.649000,416.3509660577186,997
2024-09-18 11:58:48.657000,416.4455339843568,997
2024-09-18 11:58:48.660000,416.4475645892385,997
2024-09-18 11:58:48.788000,416.3213738389526,100
2024-09-18 11:58:48.803000,416.3380345394292,996
2024-09-18 11:58:48.884000,416.41462909253744,14
2024-09-18 11:58:48.908000,416.3140788044348,1002
2024-09-18 11:58:48.952000,416.375567253664,1004
2024-09-18 11:58:48.955000,416.3039982622726,1000
2024-09-18 11:58:48.961000,416.4431261596672,6
2024-09-18 11:58:49.117000,416.2649640736261,100
2024-09-18 11:58:49.548000,416.293744363683,10
2024-09-18 11:58:49.571000,416.2776075741178,10
2024-09-18 11:58:49.713000,416.272496329894,9
2024-09-18 11:58:49.746000,416.28084665983886,12
2024-09-18 11:58:49.923000,416.25477266668514,1001
2024-09-18 11:58:49.970000,416.25351257270864,98
2024-09-18 11:58:50.022000,416.0983849041643,12
2024-09-18 11:58:50.056000,416.2090054734541,1005
2024-09-18 11:58:50.109000,416.2042960169412,1001
2024-09-18 11:58:50.110000,416.2077979635287,1002
2024-09-18 11:58:50.114000,416.18363796464376,100
2024-09-18 11:58:50.206000,416.28169728081696,11
2024-09-18 11:58:50.220000,416.2122457936052,101
2024-09-18 11:58:50.284000,416.216121203456,1000
2024-09-18 11:58:50.345000,416.23187117622535,8
2024-09-18 11:58:50.514000,416.1255529186813,96
2024-09-18 11:58:50.577000,416.0895961717438,1003
2024-09-18 11:58:50.595000,416.0934562208464,9
2024-09-18 11:58:50.623000,416.1877055007758,13
2024-09-18 11:58:50.665000,416.2201225202115,104
2024-09-18 11:58:50.700000,416.2221475970202,9
2024-09-18 11:58:50.705000,416.2227019471607,13
2024-09-18 11:58:50.717000,416.2509254175851,10
2024-09-18 11:58:50.723000,416.2007502133786,1004
2024-09-18 11:58:50.741000,416.275702693671,1001
2024-09-18 11:58:50.781000,416.1490780514358,102
2024-09-18 11:58:50.810000,416.2141162623746,97
2024-09-18 11:58:50.897000,416.2217238863672,104
2024-09-18 11:58:50.900000,416.2255612945031,1005
2024-09-18 11:58:50.946000,416.231587643822,9
2024-09-18 11:58:50.950000,416.1669516257351,10
2024-09-18 11:58:50.952000,416.1986388126962,1004
2024-09-18 11:58:50.986000,416.2194692921631,11
2024-09-18 11:58:50.990000,416.25922245773216,104
2024-09-18 11:58:50.991000,416.2173432095621,104
2024-09-18 11:58:51.203000,416.1021029962352,15
2024-09-18 11:58:51.290000,416.0939110479623,1001
2024-09-18 11:58:51.309000,416.0962641360698,1000
2024-09-18 11:58:51.378000,416.11540276087567,5
2024-09-18 11:58:51.512000,416.08322852949794,102
2024-09-18 11:58:51.686000,416.0800821105765,101
2024-09-18 11:58:51.744000,416.114366223136,101
2024-09-18 11:58:51.870000,416.1004855998961,102
2024-09-18 11:58:52.001000,416.1109221286558,1002
2024-09-18 11:58:52.002000,416.0904093684244,1002
2024-09-18 11:58:52.032000,416.10061075212,102
2024-09-18 11:58:52.033000,416.0979590812106,98
2024-09-18 11:58:52.035000,416.0913276058212,10
2024-09-18 11:58:52.040000,416.1131485268371,11
2024-09-18 11:58:52.061000,416.125896928005,103
2024-09-18 11:58:52.138000,416.0846424420044,996
2024-09-18 11:58:52.230000,416.0921253749528,998
2024-09-18 11:58:52.434000,416.0942339159504,96
2024-09-18 11:58:52.457000,416.10206166900207,101
2024-09-18 11:58:52.540000,416.0663362958043,98
2024-09-18 11:58:52.581000,416.0768752093737,98
2024-09-18 11:58:52.611000,416.1182704233895,10
2024-09-18 11:58:52.729000,416.103289329974,100
2024-09-18 11:58:52.744000,416.1089062053848,11
2024-09-18 11:58:52.835000,416.09426663341753,996
2024-09-18 11:58:52.858000,416.0689578640024,15
2024-09-18 11:58:52.932000,416.0832101844882,103
2024-09-18 11:58:52.941000,416.0933999083715,1003
2024-09-18 11:58:52.974000,416.08011311485023,1000
2024-09-18 11:58:52.998000,416.0961584355055,9
2024-09-18 11:58:53.429000,416.1193494313871,102
2024-09-18 11:58:53.562000,416.1041971115428,1001
2024-09-18 11:58:54.018000,416.0797942761197,10
2024-09-18 11:58:54.193000,416.0670933016235,1001
2024-09-18 11:58:54.241000,416.0916435650775,1003
2024-09-18 11:58:54.257000,416.1004235658783,100
2024-09-18 11:58:54.394000,416.0932891315364,6
2024-09-18 11:58:54.689000,416.0722092993456,6
2024-09-18 11:58:54.860000,416.06872105496245,6
2024-09-18 11:58:54.889000,416.1113950611617,15
2024-09-18 11:58:54.923000,416.0756030314295,1005
2024-09-18 11:58:54.956000,416.0938101050026,6
2024-09-18 11:58:55.083000,416.08109191233217,5
2024-09-18 11:58:55.111000,416.0624091771806,1004
2024-09-18 11:58:55.134000,416.062996385707,9
2024-09-18 11:58:55.228000,416.04445883615466,997
2024-09-18 11:58:55.274000,416.0790646307641,996
2024-09-18 11:58:55.351000,416.062578202242,1000
2024-09-18 11:58:55.360000,416.0480033421728,99
2024-09-18 11:58:55.374000,416.0371817383118,13
2024-09-18 11:58:55.380000,416.0772813333882,9
2024-09-18 11:58:55.386000,416.0255510338897,1004
2024-09-18 11:58:55.389000,416.0780099471197,998
2024-09-18 11:58:55.445000,416.0207825837392,15
2024-09-18 11:58:55.497000,416.00828308996574,997
2024-09-18 11:58:55.504000,416.0248442064898,100
2024-09-18 11:58:55.521000,416.071365117787,98
2024-09-18 11:58:55.606000,416.09117001509566,10
2024-09-18 11:58:55.746000,416.03994564788087,102
2024-09-18 11:58:55.753000,416.089287281704,99
2024-09-18 11:58:55.796000,415.99987343516494,14
2024-09-18 11:58:55.851000,416.0005370273332,1005
2024-09-18 11:58:55.916000,415.9721154178196,13
2024-09-18 11:58:55.976000,416.064905763655,1001
2024-09-18 11:58:56.047000,416.0536569194471,11
2024-09-18 11:58:56.088000,416.0724838026239,7
2024-09-18 11:58:56.094000,416.07540416037904,11
2024-09-18 11:58:56.344000,416.0517261290103,100
2024-09-18 11:58:56.354000,416.0407541466833,97
2024-09-18 11:58:56.386000,416.0158877156198,996
2024-09-18 11:58:56.586000,416.0219241722669,10
2024-09-18 11:58:56.681000,416.0555300426034,995
2024-09-18 11:58:56.718000,416.0668081039294,1001
2024-09-18 11:58:56.750000,416.0690583202571,11
2024-09-18 11:58:56.806000,416.017121416124,1002
2024-09-18 11:58:56.838000,416.0778246317676,1002
2024-09-18 11:58:56.871000,416.0684747673383,1005
2024-09-18 11:58:56.981000,416.0652317798593,11
2024-09-18 11:58:56.983000,416.06908153752505,1005
2024-09-18 11:58:57.032000,416.0717776337748,14
2024-09-18 11:58:57.144000,416.0682991722245,11
2024-09-18 11:58:57.159000,416.0687134255624,998
2024-09-18 11:58:57.281000,416.0784777138173,11
2024-09-18 11:58:57.315000,416.0749232045604,103
2024-09-18 11:58:57.471000,416.0673794220395,12
2024-09-18 11:58:57.587000,416.074615836953,97
2024-09-18 11:58:57.669000,416.0700753695164,1003
2024-09-18 11:58:57.815000,416.059232169491,1005
2024-09-18 11:58:57.837000,416.0876045226026,998
2024-09-18 11:58:57.937000,416.0700961433852,8
2024-09-18 11:58:57.971000,416.0794273018049,6
2024-09-18 11:58:58.007000,416.0928243712331,5
2024-09-18 11:58:58.062000,416.1149240329372,12
2024-09-18 11:58:58.091000,416.10700280477647,998
2024-09-18 11:58:58.094000,416.1179485447276,998
2024-09-18 11:58:58.096000,416.13927364319903,998
2024-09-18 11:58:58.137000,416.1123112015357,7
2024-09-18 11:58:58.264000,416.0617943970628,996
2024-09-18 11:58:58.281000,416.08303624025154,1002
2024-09-18 11:58:58.344000,416.12762971224765,999
2024-09-18 11:58:58.381000,416.0711569639028,102
2024-09-18 11:58:58.412000,416.05566871760936,1004
2024-09-18 11:58:58.439000,416.1221058801153,9
2024-09-18 11:58:58.445000,416.0677647106147,1000
2024-09-18 11:58:58.458000,416.1325094917327,15
2024-09-18 11:58:58.487000,416.0990380223877,1004
2024-09-18 11:58:58.525000,416.1239861932319,6
2024-09-18 11:58:58.580000,416.0217037727748,99
2024-09-18 11:58:58.581000,416.0976211028273,97
2024-09-18 11:58:58.614000,416.0723446174033,13
2024-09-18 11:58:58.624000,416.09116187776687,995
2024-09-18 11:58:58.635000,416.1358067329046,5
2024-09-18 11:58:58.704000,416.0972701242199,102
2024-09-18 11:58:58.759000,416.13987208567534,998
2024-09-18 11:58:58.825000,416.0576358226542,11
2024-09-18 11:58:58.841000,416.1149894326856,5
2024-09-18 11:58:58.857000,416.0678975937604,1004
2024-09-18 11:58:58.857000,416.1242970515082,995
2024-09-18 11:58:58.921000,416.1101435231363,1003
2024-09-18 11:58:58.934000,416.0899615469732,1000
2024-09-18 11:58:59.126000,416.01170883540345,103
2024-09-18 11:58:59.131000,416.04569120187375,1000
2024-09-18 11:58:59.138000,416.0786867432077,1001
2024-09-18 11:58:59.144000,416.068061591744,9
2024-09-18 11:58:59.180000,416.1218425318317,97
2024-09-18 11:58:59.210000,416.1335144499926,5
2024-09-18 11:58:59.329000,416.0088958437635,1002
2024-09-18 11:58:59.354000,416.0706923582809,105
2024-09-18 11:58:59.395000,416.0039207726907,1005
2024-09-18 11:58:59.415000,416.1422966855539,98
2024-09-18 11:58:59.454000,416.0788357935996,97
2024-09-18 11:58:59.642000,416.07764022811216,12
2024-09-18 11:58:59.681000,416.0616995511522,997
2024-09-18 11:58:59.702000,416.1145606905038,100
2024-09-18 11:58:59.711000,416.1198428668752,999
2024-09-18 11:58:59.740000,416.13496985291215,1003
2024-09-18 11:58:59.749000,416.0402071977656,997
2024-09-18 11:58:59.763000,416.0888815926635,100
2024-09-18 11:58:59.784000,416.1022219083122,12
2024-09-18 11:58:59.810000,416.09625882819006,8
2024-09-18 11:58:59.837000,416.0202499038817,104
2024-09-18 11:58:59.859000,416.0056353676264,15
2024-09-18 11:58:59.873000,416.0535571536109,1004
2024-09-18 11:58:59.979000,416.0947560640021,98
2024-09-18 11:58:59.999000,416.0821663515392,99
