Timestamp,Price,Size
2024-09-16 13:43:00.001000,414.8883162511517,105
2024-09-16 13:43:00.201000,414.8828063408706,9
2024-09-16 13:43:00.241000,414.88216699666674,95
2024-09-16 13:43:00.302000,414.86670879909065,1003
2024-09-16 13:43:00.442000,414.9303631591765,1000
2024-09-16 13:43:00.453000,414.88446443413136,97
2024-09-16 13:43:00.465000,414.8843301098771,13
2024-09-16 13:43:00.498000,414.8584418215975,15
2024-09-16 13:43:00.527000,414.8634547421185,95
2024-09-16 13:43:00.534000,414.9009554607845,15
2024-09-16 13:43:00.598000,414.8994417238727,12
2024-09-16 13:43:00.608000,414.8762428360296,99
2024-09-16 13:43:00.691000,414.8776824741726,102
2024-09-16 13:43:00.723000,414.8644304334175,11
2024-09-16 13:43:00.735000,414.87657904221993,102
2024-09-16 13:43:00.782000,414.91117255962047,996
2024-09-16 13:43:00.794000,414.880201489137,101
2024-09-16 13:43:00.804000,414.86603059968246,995
2024-09-16 13:43:00.862000,414.9059033480804,1005
2024-09-16 13:43:00.876000,414.8893171654672,1000
2024-09-16 13:43:01.088000,414.91204487640215,102
2024-09-16 13:43:01.103000,414.9079589649972,5
2024-09-16 13:43:01.141000,414.94771521623886,102
2024-09-16 13:43:01.225000,414.8612092304272,11
2024-09-16 13:43:01.227000,414.8777805793484,1005
2024-09-16 13:43:01.234000,414.8830419334624,101
2024-09-16 13:43:01.286000,414.9422128882727,1002
2024-09-16 13:43:01.304000,414.8906605977879,999
2024-09-16 13:43:01.318000,414.9082381238084,1003
2024-09-16 13:43:01.330000,414.8639889542654,1003
2024-09-16 13:43:01.331000,414.87615568199504,10
2024-09-16 13:43:01.373000,414.92298158836365,96
2024-09-16 13:43:01.374000,414.8584017873417,98
2024-09-16 13:43:01.404000,414.8965222206813,5
2024-09-16 13:43:01.414000,414.900471841195,12
2024-09-16 13:43:01.425000,414.8676205588241,100
2024-09-16 13:43:01.428000,414.8473768813865,10
2024-09-16 13:43:01.460000,414.8946495488937,102
2024-09-16 13:43:01.613000,414.8830483727443,97
2024-09-16 13:43:01.613000,414.8684322852149,95
2024-09-16 13:43:01.640000,414.86507632562433,10
2024-09-16 13:43:01.715000,414.9061584800884,14
2024-09-16 13:43:01.745000,414.872263558352,7
2024-09-16 13:43:01.770000,414.8592424198656,105
2024-09-16 13:43:01.819000,414.8472497579613,997
2024-09-16 13:43:01.839000,414.8810853559517,999
2024-09-16 13:43:01.845000,414.8894782437485,10
2024-09-16 13:43:01.937000,414.901371779795,1000
2024-09-16 13:43:01.993000,414.8655420724824,102
2024-09-16 13:43:02.203000,414.91654244882295,103
2024-09-16 13:43:02.276000,414.9188143552261,6
2024-09-16 13:43:02.302000,414.9329088986093,95
2024-09-16 13:43:02.373000,414.9116543053146,1003
2024-09-16 13:43:02.375000,414.9201717737639,1002
2024-09-16 13:43:02.456000,414.9267685630025,14
2024-09-16 13:43:02.523000,414.9244277130748,9
2024-09-16 13:43:02.529000,414.9204537092296,1003
2024-09-16 13:43:02.538000,414.9080667655129,14
2024-09-16 13:43:02.558000,414.9034614546421,8
2024-09-16 13:43:02.579000,414.9202213258403,102
2024-09-16 13:43:02.772000,414.91656389740433,13
2024-09-16 13:43:02.887000,414.9074566677501,1003
2024-09-16 13:43:02.963000,414.9278572394805,995
2024-09-16 13:43:04.380000,414.9202418691719,995
2024-09-16 13:43:04.744000,414.9310412208215,999
2024-09-16 13:43:05.401000,414.9498027450071,8
2024-09-16 13:43:05.471000,414.9480428410392,6
2024-09-16 13:43:05.500000,414.9203012592622,1000
2024-09-16 13:43:05.619000,414.9213383272891,996
2024-09-16 13:43:06.003000,414.94590512722,101
2024-09-16 13:43:06.078000,414.9217864538058,8
2024-09-16 13:43:06.204000,414.95327563985927,96
2024-09-16 13:43:06.225000,414.9510147656128,6
2024-09-16 13:43:06.251000,414.9917278706546,5
2024-09-16 13:43:06.397000,414.9773945456319,6
2024-09-16 13:43:06.501000,414.9664130341974,104
2024-09-16 13:43:06.513000,414.9579600785433,1000
2024-09-16 13:43:06.529000,414.9741190253853,8
2024-09-16 13:43:06.563000,414.9410353672303,101
2024-09-16 13:43:06.570000,414.95312678015546,10
2024-09-16 13:43:06.594000,414.9839671290295,103
2024-09-16 13:43:06.639000,414.9777727352137,5
2024-09-16 13:43:06.727000,414.95224634896886,1000
2024-09-16 13:43:06.763000,414.942872989793,104
2024-09-16 13:43:06.770000,414.91979698293255,8
2024-09-16 13:43:06.848000,414.9682290698735,5
2024-09-16 13:43:06.876000,414.9227594448324,1004
2024-09-16 13:43:06.880000,414.9315984183972,99
2024-09-16 13:43:06.914000,414.9569389081305,1003
2024-09-16 13:43:06.939000,414.9141129233101,1004
2024-09-16 13:43:07,414.7874818714387,97
2024-09-16 13:43:07.101000,414.8085094512997,7
2024-09-16 13:43:07.112000,414.8186438837932,98
2024-09-16 13:43:07.134000,414.7817008141354,101
2024-09-16 13:43:07.163000,414.9227074166186,15
2024-09-16 13:43:07.183000,414.8534015581407,1000
2024-09-16 13:43:07.185000,414.8273099069749,995
2024-09-16 13:43:07.239000,414.89733437113074,105
2024-09-16 13:43:07.252000,414.890723490013,5
2024-09-16 13:43:07.321000,414.9037090021384,105
2024-09-16 13:43:07.333000,414.8822531196939,1005
2024-09-16 13:43:07.334000,414.8814746786711,13
2024-09-16 13:43:07.360000,414.8086428378033,11
2024-09-16 13:43:07.378000,414.8091662943969,102
2024-09-16 13:43:07.395000,414.8311089967188,1005
2024-09-16 13:43:07.395000,414.88875902048505,1000
2024-09-16 13:43:07.418000,414.90687897266776,1005
2024-09-16 13:43:07.510000,414.91912630183214,101
2024-09-16 13:43:07.516000,414.8974536827276,997
2024-09-16 13:43:07.571000,414.8969809086432,103
2024-09-16 13:43:07.655000,414.893155562427,1003
2024-09-16 13:43:07.680000,414.8905733412425,1000
2024-09-16 13:43:07.748000,414.86561159930005,100
2024-09-16 13:43:07.758000,414.889606374232,104
2024-09-16 13:43:07.797000,414.8021618468881,995
2024-09-16 13:43:07.868000,414.7977601303525,97
2024-09-16 13:43:07.882000,414.88417191492186,996
2024-09-16 13:43:07.954000,414.8675010236788,995
2024-09-16 13:43:08.060000,414.8071158910837,1003
2024-09-16 13:43:08.078000,414.8099882678588,10
2024-09-16 13:43:08.121000,414.7521948722592,11
2024-09-16 13:43:08.157000,414.7855062538292,104
2024-09-16 13:43:08.246000,414.8221256843509,95
2024-09-16 13:43:08.252000,414.82181041059215,1004
2024-09-16 13:43:08.444000,414.8346278287638,100
2024-09-16 13:43:08.464000,414.82197141517554,98
2024-09-16 13:43:08.549000,414.8233771924103,102
2024-09-16 13:43:08.555000,414.8434923588524,103
2024-09-16 13:43:08.590000,414.75284958034007,98
2024-09-16 13:43:08.615000,414.8357405346269,996
2024-09-16 13:43:08.628000,414.7555688545461,105
2024-09-16 13:43:08.633000,414.829902792386,1000
2024-09-16 13:43:08.731000,414.8256357033625,105
2024-09-16 13:43:08.902000,414.7410904296325,999
2024-09-16 13:43:09.057000,414.68691986714265,105
2024-09-16 13:43:09.071000,414.7233492127675,996
2024-09-16 13:43:09.118000,414.7662518609123,6
2024-09-16 13:43:09.158000,414.7147197730301,999
2024-09-16 13:43:09.181000,414.68489027790565,1001
2024-09-16 13:43:09.184000,414.7658768753468,7
2024-09-16 13:43:09.195000,414.7361703469655,7
2024-09-16 13:43:09.266000,414.7810502588475,99
2024-09-16 13:43:09.304000,414.7021224526434,12
2024-09-16 13:43:09.396000,414.7248526350132,1001
2024-09-16 13:43:09.438000,414.7704238429146,1003
2024-09-16 13:43:09.473000,414.7194633685627,11
2024-09-16 13:43:09.530000,414.7801705395088,997
2024-09-16 13:43:09.537000,414.7092753395,15
2024-09-16 13:43:09.576000,414.7183695353119,14
2024-09-16 13:43:09.590000,414.7589681135922,13
2024-09-16 13:43:09.629000,414.7545882190079,96
2024-09-16 13:43:09.689000,414.70054639089176,103
2024-09-16 13:43:09.722000,414.7678989268383,14
2024-09-16 13:43:09.742000,414.7121118590613,98
2024-09-16 13:43:09.829000,414.686429183163,6
2024-09-16 13:43:09.856000,414.7130959147209,7
2024-09-16 13:43:09.876000,414.7474326668464,95
2024-09-16 13:43:09.898000,414.70284407432206,999
2024-09-16 13:43:09.942000,414.76923485004096,997
2024-09-16 13:43:09.958000,414.7559179520189,1002
2024-09-16 13:43:09.978000,414.7162618520267,5
2024-09-16 13:43:09.989000,414.6996115141796,9
2024-09-16 13:43:10.120000,414.7189456036943,1001
2024-09-16 13:43:10.120000,414.6782692592455,1005
2024-09-16 13:43:10.123000,414.68554558722974,998
2024-09-16 13:43:10.155000,414.6697652508605,15
2024-09-16 13:43:10.431000,414.67246273015706,105
2024-09-16 13:43:10.478000,414.6626305615656,104
2024-09-16 13:43:10.505000,414.6948812569696,105
2024-09-16 13:43:10.599000,414.6614513791091,999
2024-09-16 13:43:10.655000,414.66962951124265,99
2024-09-16 13:43:10.709000,414.6997722824769,1005
2024-09-16 13:43:10.768000,414.71721967368575,1005
2024-09-16 13:43:10.993000,414.66977119319233,1004
2024-09-16 13:43:11.200000,414.662928745214,11
2024-09-16 13:43:11.217000,414.6811571307181,100
2024-09-16 13:43:11.510000,414.678257911673,105
2024-09-16 13:43:11.665000,414.6737590952719,100
2024-09-16 13:43:11.676000,414.6766458229063,12
2024-09-16 13:43:11.820000,414.6682046917816,5
2024-09-16 13:43:11.856000,414.6632808517225,7
2024-09-16 13:43:11.999000,414.68755050230135,998
2024-09-16 13:43:12.005000,414.7445828935209,103
2024-09-16 13:43:12.040000,414.7368870031342,97
2024-09-16 13:43:12.120000,414.72446076517815,1002
2024-09-16 13:43:12.159000,414.7312794692775,1005
2024-09-16 13:43:12.185000,414.7111167993996,1004
2024-09-16 13:43:12.224000,414.7109084701845,5
2024-09-16 13:43:12.239000,414.7265703446821,6
2024-09-16 13:43:12.346000,414.7094173930204,104
2024-09-16 13:43:12.353000,414.7269018213247,1004
2024-09-16 13:43:12.379000,414.7242829634249,96
2024-09-16 13:43:12.381000,414.7283010389392,14
2024-09-16 13:43:12.414000,414.7323515657314,1002
2024-09-16 13:43:12.483000,414.7234818427248,100
2024-09-16 13:43:12.493000,414.7196650602748,998
2024-09-16 13:43:12.552000,414.74438370245787,104
2024-09-16 13:43:12.557000,414.7276433148083,12
2024-09-16 13:43:12.573000,414.7154274455543,104
2024-09-16 13:43:12.580000,414.720780735217,97
2024-09-16 13:43:12.617000,414.6841352040883,5
2024-09-16 13:43:12.619000,414.7201168938938,105
2024-09-16 13:43:12.697000,414.69928873161547,11
2024-09-16 13:43:12.755000,414.7271081558071,996
2024-09-16 13:43:12.821000,414.7164571528568,1004
2024-09-16 13:43:12.833000,414.71405454397336,995
2024-09-16 13:43:12.854000,414.7318403935913,1002
2024-09-16 13:43:12.894000,414.7114267526197,103
2024-09-16 13:43:12.917000,414.72374031008985,105
2024-09-16 13:43:12.993000,414.7086962251973,1001
2024-09-16 13:43:12.995000,414.6977432207368,5
2024-09-16 13:43:13.627000,414.7326017122997,11
2024-09-16 13:43:13.790000,414.7154599061434,105
2024-09-16 13:43:14.056000,414.7048461309783,103
2024-09-16 13:43:14.068000,414.72816939349,95
2024-09-16 13:43:14.127000,414.72289925728535,995
2024-09-16 13:43:14.177000,414.73074987496193,102
2024-09-16 13:43:14.179000,414.7380583478896,100
2024-09-16 13:43:14.216000,414.7267411856313,6
2024-09-16 13:43:14.261000,414.7222762263444,6
2024-09-16 13:43:14.298000,414.75646744859466,13
2024-09-16 13:43:14.338000,414.7440057815998,998
2024-09-16 13:43:14.354000,414.7330466521628,11
2024-09-16 13:43:14.381000,414.7083635237784,97
2024-09-16 13:43:14.411000,414.7159966355648,6
2024-09-16 13:43:14.415000,414.7409738725282,101
2024-09-16 13:43:14.438000,414.7180455264021,997
2024-09-16 13:43:14.513000,414.7247809851179,996
2024-09-16 13:43:14.560000,414.7296450306892,99
2024-09-16 13:43:14.631000,414.7156451423343,1004
2024-09-16 13:43:14.653000,414.7276056232361,15
2024-09-16 13:43:14.673000,414.7041835312886,1002
2024-09-16 13:43:14.730000,414.73885000525206,10
2024-09-16 13:43:14.757000,414.71208676110297,95
2024-09-16 13:43:14.876000,414.7318675880764,998
2024-09-16 13:43:14.879000,414.7268387764251,96
2024-09-16 13:43:14.981000,414.7492403051789,12
2024-09-16 13:43:15.008000,414.7021777741108,1005
2024-09-16 13:43:15.090000,414.6871831328453,1002
2024-09-16 13:43:15.170000,414.70364935879553,13
2024-09-16 13:43:15.322000,414.772246381769,103
2024-09-16 13:43:15.325000,414.7682338455438,1001
2024-09-16 13:43:15.500000,414.701653550474,997
2024-09-16 13:43:15.585000,414.76339334814605,998
2024-09-16 13:43:15.669000,414.7393966823557,98
2024-09-16 13:43:15.701000,414.73896179255325,11
2024-09-16 13:43:15.705000,414.7626657816967,1003
2024-09-16 13:43:15.710000,414.70927496850766,997
2024-09-16 13:43:16.296000,414.7118324897953,1001
2024-09-16 13:43:16.626000,414.7063556668152,995
2024-09-16 13:43:17.028000,414.7489003618433,100
2024-09-16 13:43:17.042000,414.7827665026008,12
2024-09-16 13:43:17.197000,414.7319153906514,13
2024-09-16 13:43:17.222000,414.7355002493339,1005
2024-09-16 13:43:17.315000,414.7729288279186,1004
2024-09-16 13:43:17.571000,414.73268156861553,10
2024-09-16 13:43:17.737000,414.7340500594101,104
2024-09-16 13:43:17.776000,414.7704879473376,9
2024-09-16 13:43:17.854000,414.7766786621754,13
2024-09-16 13:43:18.094000,414.7804299575894,95
2024-09-16 13:43:19.042000,414.73746497026775,95
2024-09-16 13:43:19.049000,414.7684547191023,9
2024-09-16 13:43:19.070000,414.6723597192429,15
2024-09-16 13:43:19.122000,414.77722600511646,14
2024-09-16 13:43:19.158000,414.69825295744266,95
2024-09-16 13:43:19.168000,414.7646025684178,99
2024-09-16 13:43:19.184000,414.7470884420548,1003
2024-09-16 13:43:19.260000,414.65310555703024,1003
2024-09-16 13:43:19.266000,414.6677091740376,105
2024-09-16 13:43:19.281000,414.7514895213222,1005
2024-09-16 13:43:19.303000,414.733580497604,103
2024-09-16 13:43:19.375000,414.7674910336269,99
2024-09-16 13:43:19.449000,414.77733282955154,6
2024-09-16 13:43:19.486000,414.689851201687,10
2024-09-16 13:43:19.601000,414.724621045698,99
2024-09-16 13:43:19.663000,414.7630728501872,104
2024-09-16 13:43:19.756000,414.6560774671335,10
2024-09-16 13:43:19.783000,414.6390693896149,96
2024-09-16 13:43:19.806000,414.7500366590599,7
2024-09-16 13:43:19.859000,414.6745530786756,99
2024-09-16 13:43:19.884000,414.7586257963523,12
2024-09-16 13:43:19.948000,414.66745934399233,7
2024-09-16 13:43:19.955000,414.7761441339599,9
2024-09-16 13:43:20.179000,414.63949861468046,1003
2024-09-16 13:43:20.193000,414.6612373143142,1004
2024-09-16 13:43:20.259000,414.68585492733104,13
2024-09-16 13:43:20.533000,414.68051319729886,99
2024-09-16 13:43:20.683000,414.6796715521668,1005
2024-09-16 13:43:20.689000,414.6700765651009,11
2024-09-16 13:43:20.690000,414.6729582417611,1001
2024-09-16 13:43:20.696000,414.6411345652136,999
2024-09-16 13:43:20.725000,414.66601039017206,96
2024-09-16 13:43:20.919000,414.66286800183,998
2024-09-16 13:43:20.926000,414.6848399639368,98
2024-09-16 13:43:20.959000,414.6594012344987,995
2024-09-16 13:43:20.993000,414.6492445631888,98
2024-09-16 13:43:21.106000,414.6312678151095,101
2024-09-16 13:43:21.173000,414.6603315411805,998
2024-09-16 13:43:21.321000,414.6903956898272,12
2024-09-16 13:43:21.385000,414.62146853254967,8
2024-09-16 13:43:21.395000,414.66757065885264,101
2024-09-16 13:43:21.553000,414.6438999716312,98
2024-09-16 13:43:21.611000,414.6658228926514,995
2024-09-16 13:43:21.668000,414.6946474004276,14
2024-09-16 13:43:21.741000,414.647998243124,1001
2024-09-16 13:43:21.778000,414.7027073438253,102
2024-09-16 13:43:21.817000,414.6860117338435,99
2024-09-16 13:43:21.886000,414.6999455245962,105
2024-09-16 13:43:22.124000,414.70034778732713,9
2024-09-16 13:43:22.283000,414.64816203697313,102
2024-09-16 13:43:22.299000,414.6774230573174,8
2024-09-16 13:43:22.307000,414.6563532659175,99
2024-09-16 13:43:22.407000,414.6599078213305,12
2024-09-16 13:43:22.418000,414.67977435182456,1001
2024-09-16 13:43:22.430000,414.6649115225975,5
2024-09-16 13:43:22.542000,414.6944651077328,996
2024-09-16 13:43:22.577000,414.716429704026,11
2024-09-16 13:43:22.681000,414.6712450154069,1000
2024-09-16 13:43:22.765000,414.6769151589873,101
2024-09-16 13:43:22.791000,414.64939824952114,5
2024-09-16 13:43:22.815000,414.6551215505322,1005
2024-09-16 13:43:22.884000,414.650173287636,97
2024-09-16 13:43:22.905000,414.6551890314297,1004
2024-09-16 13:43:22.925000,414.72254850484944,11
2024-09-16 13:43:22.939000,414.7245313642639,99
2024-09-16 13:43:23.026000,414.714557012791,100
2024-09-16 13:43:23.053000,414.7187768915579,1003
2024-09-16 13:43:23.249000,414.68173029148295,1003
2024-09-16 13:43:23.287000,414.6693234468392,95
2024-09-16 13:43:23.342000,414.6915991795065,5
2024-09-16 13:43:23.361000,414.7024078166514,96
2024-09-16 13:43:23.474000,414.6629335906428,999
2024-09-16 13:43:23.514000,414.6817528305646,998
2024-09-16 13:43:23.520000,414.6391107802448,995
2024-09-16 13:43:23.527000,414.7105260385972,997
2024-09-16 13:43:23.548000,414.620909092698,1001
2024-09-16 13:43:23.552000,414.6867969640592,99
2024-09-16 13:43:23.579000,414.728371350467,1005
2024-09-16 13:43:23.593000,414.6877024089651,99
2024-09-16 13:43:23.762000,414.6839304364371,103
2024-09-16 13:43:23.777000,414.6661299816795,13
2024-09-16 13:43:23.853000,414.70483238596063,98
2024-09-16 13:43:23.892000,414.6848565263579,100
2024-09-16 13:43:23.906000,414.7311825409013,6
2024-09-16 13:43:23.913000,414.6234870523088,1002
2024-09-16 13:43:23.919000,414.6864495725283,103
2024-09-16 13:43:24.089000,414.62438511252486,997
2024-09-16 13:43:24.098000,414.6939621278361,12
2024-09-16 13:43:24.239000,414.5966071000122,95
2024-09-16 13:43:24.253000,414.6631301446951,9
2024-09-16 13:43:24.281000,414.61247214735926,99
2024-09-16 13:43:24.466000,414.6741936457242,15
2024-09-16 13:43:24.534000,414.6070152976546,101
2024-09-16 13:43:24.577000,414.6914255193046,1001
2024-09-16 13:43:24.879000,414.6048468782592,1005
2024-09-16 13:43:24.885000,414.7104604518516,103
2024-09-16 13:43:24.914000,414.6408574047681,104
2024-09-16 13:43:24.927000,414.61875104086175,9
2024-09-16 13:43:24.961000,414.6188501334196,101
2024-09-16 13:43:24.989000,414.6597052200067,104
2024-09-16 13:43:24.993000,414.70154144407326,11
2024-09-16 13:43:25.106000,414.6839546622829,995
2024-09-16 13:43:25.163000,414.68789366029694,98
2024-09-16 13:43:25.258000,414.673928503465,95
2024-09-16 13:43:25.282000,414.65729746540313,104
2024-09-16 13:43:25.323000,414.64433201727127,104
2024-09-16 13:43:25.506000,414.6639389117944,95
2024-09-16 13:43:25.555000,414.7086115707255,105
2024-09-16 13:43:25.640000,414.6648030417044,10
2024-09-16 13:43:25.703000,414.6653554209195,99
2024-09-16 13:43:25.710000,414.72024849867546,8
2024-09-16 13:43:25.738000,414.662845536014,98
2024-09-16 13:43:25.743000,414.7218303595965,1002
2024-09-16 13:43:25.765000,414.6708365373528,96
2024-09-16 13:43:25.814000,414.6859633938922,997
2024-09-16 13:43:25.989000,414.6653582489593,14
2024-09-16 13:43:26.191000,414.71561359888,99
2024-09-16 13:43:26.257000,414.73984271245126,101
2024-09-16 13:43:26.434000,414.7286908792534,996
2024-09-16 13:43:26.483000,414.7111704526,9
2024-09-16 13:43:26.565000,414.7170861302424,6
2024-09-16 13:43:26.938000,414.7235649054581,11
2024-09-16 13:43:27.142000,414.6901017751694,997
2024-09-16 13:43:27.170000,414.6999214289709,5
2024-09-16 13:43:27.193000,414.69130784991074,1004
2024-09-16 13:43:27.434000,414.7132869816473,13
2024-09-16 13:43:27.437000,414.70431750057713,1005
2024-09-16 13:43:27.561000,414.74398703181424,12
2024-09-16 13:43:27.596000,414.71023191769706,99
2024-09-16 13:43:27.650000,414.71050963646456,1000
2024-09-16 13:43:27.684000,414.7101411476028,10
2024-09-16 13:43:27.694000,414.7285571609876,1004
2024-09-16 13:43:27.802000,414.7045868038463,1003
2024-09-16 13:43:27.912000,414.7171676578732,1003
2024-09-16 13:43:28.276000,414.6688814586905,1005
2024-09-16 13:43:28.369000,414.684730300448,102
2024-09-16 13:43:28.440000,414.68763137001895,1000
2024-09-16 13:43:29.176000,414.70694354524153,100
2024-09-16 13:43:29.247000,414.7436219550808,14
2024-09-16 13:43:29.545000,414.7085537159045,100
2024-09-16 13:43:29.685000,414.71642455107497,1001
2024-09-16 13:43:29.849000,414.72745770801686,11
2024-09-16 13:43:29.851000,414.6976461356419,97
2024-09-16 13:43:29.883000,414.7391852878868,97
2024-09-16 13:43:29.910000,414.70038016135936,11
2024-09-16 13:43:30.013000,414.7378445707445,995
2024-09-16 13:43:30.022000,414.72758179592086,1000
2024-09-16 13:43:30.037000,414.7217943827504,99
2024-09-16 13:43:30.067000,414.7391603565114,998
2024-09-16 13:43:30.121000,414.740775830425,14
2024-09-16 13:43:30.151000,414.707101408952,95
2024-09-16 13:43:30.173000,414.7434392269661,14
2024-09-16 13:43:30.224000,414.7135523039856,95
2024-09-16 13:43:30.309000,414.71324127815257,15
2024-09-16 13:43:30.316000,414.7311848656212,999
2024-09-16 13:43:30.335000,414.72329392072623,1002
2024-09-16 13:43:30.365000,414.7075369326909,96
2024-09-16 13:43:30.481000,414.6947004273106,100
2024-09-16 13:43:30.496000,414.7309295414126,996
2024-09-16 13:43:30.517000,414.70944788977954,6
2024-09-16 13:43:30.525000,414.7427678169527,1005
2024-09-16 13:43:30.525000,414.7290249028712,1004
2024-09-16 13:43:30.569000,414.72079762954166,1003
2024-09-16 13:43:30.580000,414.69645652282,1004
2024-09-16 13:43:30.659000,414.72442120471766,98
2024-09-16 13:43:30.685000,414.7398631166447,1000
2024-09-16 13:43:30.766000,414.7119162996247,995
2024-09-16 13:43:30.767000,414.7204065792132,99
2024-09-16 13:43:30.859000,414.73951914994313,998
2024-09-16 13:43:30.864000,414.711408180117,99
2024-09-16 13:43:30.922000,414.72262276839785,996
2024-09-16 13:43:30.927000,414.72922635499935,100
2024-09-16 13:43:30.930000,414.7412454127409,6
2024-09-16 13:43:30.996000,414.7208608409336,14
2024-09-16 13:43:31.119000,414.7482277538464,997
2024-09-16 13:43:31.238000,414.70860665884527,8
2024-09-16 13:43:31.308000,414.69592110302847,999
2024-09-16 13:43:31.358000,414.73499447010215,8
2024-09-16 13:43:31.395000,414.74104466283046,997
2024-09-16 13:43:31.624000,414.7235405972709,101
2024-09-16 13:43:31.797000,414.6978957720934,998
2024-09-16 13:43:31.842000,414.695525451031,1002
2024-09-16 13:43:31.873000,414.7065296393109,99
2024-09-16 13:43:32.043000,414.72487147342514,10
2024-09-16 13:43:32.263000,414.7114078395984,12
2024-09-16 13:43:32.311000,414.7181618948277,9
2024-09-16 13:43:32.361000,414.71564157257217,7
2024-09-16 13:43:32.415000,414.7104491540024,1005
2024-09-16 13:43:32.427000,414.7238685026754,101
2024-09-16 13:43:32.650000,414.6795755266494,9
2024-09-16 13:43:32.741000,414.6911213697061,6
2024-09-16 13:43:33.210000,414.6441735993353,15
2024-09-16 13:43:33.227000,414.6530708934587,13
2024-09-16 13:43:33.499000,414.66923610021934,996
2024-09-16 13:43:33.601000,414.6894729507341,1001
2024-09-16 13:43:33.696000,414.67671025518536,95
2024-09-16 13:43:33.959000,414.6460118006669,996
2024-09-16 13:43:34.053000,414.6729893505696,98
2024-09-16 13:43:34.162000,414.69343860864905,1000
2024-09-16 13:43:34.184000,414.6492278445467,96
2024-09-16 13:43:34.193000,414.6829658166839,997
2024-09-16 13:43:34.202000,414.68388658117175,104
2024-09-16 13:43:34.225000,414.6549786723654,995
2024-09-16 13:43:34.238000,414.69096048277567,96
2024-09-16 13:43:34.252000,414.6618211544141,9
2024-09-16 13:43:34.260000,414.6605053970959,1002
2024-09-16 13:43:34.285000,414.6675477863268,100
2024-09-16 13:43:34.345000,414.6749589193984,103
2024-09-16 13:43:34.351000,414.6680414282297,95
2024-09-16 13:43:34.764000,414.6612404409438,98
2024-09-16 13:43:34.976000,414.67600129193954,1002
2024-09-16 13:43:35.093000,414.69696584894285,1002
2024-09-16 13:43:35.132000,414.6951801039033,105
2024-09-16 13:43:35.148000,414.6288748669917,95
2024-09-16 13:43:35.149000,414.69541309187866,103
2024-09-16 13:43:35.151000,414.6411369268114,99
2024-09-16 13:43:35.196000,414.5965035458745,1002
2024-09-16 13:43:35.198000,414.6681888181656,101
2024-09-16 13:43:35.229000,414.6250869742729,998
2024-09-16 13:43:35.320000,414.6987859919275,104
2024-09-16 13:43:35.325000,414.6140529926467,10
2024-09-16 13:43:35.336000,414.6538488386151,101
2024-09-16 13:43:35.379000,414.5971887953266,1003
2024-09-16 13:43:35.425000,414.6656411244497,998
2024-09-16 13:43:35.501000,414.5285946898904,98
2024-09-16 13:43:35.616000,414.68942697039,1004
2024-09-16 13:43:35.676000,414.5974182109306,98
2024-09-16 13:43:35.682000,414.62272957523936,13
2024-09-16 13:43:35.696000,414.6274731374244,15
2024-09-16 13:43:35.719000,414.6222474456573,97
2024-09-16 13:43:35.748000,414.6834846783333,1001
2024-09-16 13:43:35.764000,414.6734644499769,1001
2024-09-16 13:43:35.815000,414.6812232213109,10
2024-09-16 13:43:35.838000,414.6615272149237,1001
2024-09-16 13:43:35.852000,414.61271806066713,5
2024-09-16 13:43:35.947000,414.5539045595751,998
2024-09-16 13:43:35.972000,414.6826632491125,1001
2024-09-16 13:43:35.991000,414.64982229839126,99
2024-09-16 13:43:36.128000,414.54464567402334,6
2024-09-16 13:43:36.154000,414.5220640239641,1005
2024-09-16 13:43:36.584000,414.5231219090687,1001
2024-09-16 13:43:36.650000,414.537103491464,11
2024-09-16 13:43:36.697000,414.53331876845306,7
2024-09-16 13:43:36.830000,414.5451051404696,96
2024-09-16 13:43:37.039000,414.5361950159408,15
2024-09-16 13:43:37.052000,414.53953020203454,1004
2024-09-16 13:43:37.074000,414.56500153717286,9
2024-09-16 13:43:37.099000,414.5396882161,98
2024-09-16 13:43:37.112000,414.5262566331028,1003
2024-09-16 13:43:37.120000,414.5548091665976,14
2024-09-16 13:43:37.136000,414.55141566433525,103
2024-09-16 13:43:37.313000,414.56041444780186,7
2024-09-16 13:43:37.408000,414.58877807741646,14
2024-09-16 13:43:37.418000,414.586911660203,1000
2024-09-16 13:43:37.445000,414.583426095176,11
2024-09-16 13:43:37.503000,414.5614008468257,10
2024-09-16 13:43:37.624000,414.5619653135825,97
2024-09-16 13:43:37.628000,414.5455605591664,101
2024-09-16 13:43:37.708000,414.61273764445,15
2024-09-16 13:43:37.816000,414.627307749348,5
2024-09-16 13:43:37.853000,414.6381872404767,98
2024-09-16 13:43:37.901000,414.6090374014354,1004
2024-09-16 13:43:38.068000,414.6395871128104,7
2024-09-16 13:43:38.105000,414.629913862164,100
2024-09-16 13:43:38.110000,414.63083080244775,97
2024-09-16 13:43:38.240000,414.6250814880205,101
2024-09-16 13:43:38.266000,414.6610510950215,95
2024-09-16 13:43:38.377000,414.6564028134251,1000
2024-09-16 13:43:38.409000,414.6602838638087,1001
2024-09-16 13:43:38.459000,414.61964779626186,9
2024-09-16 13:43:38.840000,414.66028918096873,103
2024-09-16 13:43:38.883000,414.6371274371738,105
2024-09-16 13:43:39.045000,414.6272948213917,10
2024-09-16 13:43:39.500000,414.6311736784483,1005
2024-09-16 13:43:39.771000,414.6207152837621,10
2024-09-16 13:43:39.839000,414.6237929300908,6
2024-09-16 13:43:40.825000,414.61707897825926,1004
2024-09-16 13:43:41.056000,414.621404633182,1005
2024-09-16 13:43:41.063000,414.6075074475671,1005
2024-09-16 13:43:41.084000,414.5895683661547,10
2024-09-16 13:43:41.164000,414.5853687740092,99
2024-09-16 13:43:41.228000,414.5964721491229,5
2024-09-16 13:43:41.385000,414.6159786292585,998
2024-09-16 13:43:41.852000,414.6123798217413,6
2024-09-16 13:43:41.856000,414.596998527655,97
2024-09-16 13:43:41.884000,414.6126130998173,12
2024-09-16 13:43:42.031000,414.6286389030004,998
2024-09-16 13:43:42.170000,414.5931267291798,14
2024-09-16 13:43:42.199000,414.6041415219696,99
2024-09-16 13:43:42.376000,414.60511392053786,105
2024-09-16 13:43:42.386000,414.61902995603776,13
2024-09-16 13:43:42.411000,414.6104576262562,12
2024-09-16 13:43:42.482000,414.6351063984085,97
2024-09-16 13:43:42.522000,414.6216348586972,104
2024-09-16 13:43:42.530000,414.6189009336695,5
2024-09-16 13:43:42.628000,414.6032814126627,101
2024-09-16 13:43:42.738000,414.59582876354335,105
2024-09-16 13:43:42.773000,414.6151200731172,104
2024-09-16 13:43:42.807000,414.6241273409344,103
2024-09-16 13:43:42.883000,414.6047259745932,14
2024-09-16 13:43:42.946000,414.6359341123562,5
2024-09-16 13:43:43.073000,414.62679566785806,104
2024-09-16 13:43:43.097000,414.5939237665254,1003
2024-09-16 13:43:43.253000,414.5834409470114,98
2024-09-16 13:43:43.267000,414.5440182184614,9
2024-09-16 13:43:43.358000,414.6240221206288,12
2024-09-16 13:43:43.361000,414.5872827069604,104
2024-09-16 13:43:43.367000,414.5883951935673,996
2024-09-16 13:43:43.408000,414.5734497286487,996
2024-09-16 13:43:43.413000,414.59067961755386,100
2024-09-16 13:43:43.445000,414.5544148917256,11
2024-09-16 13:43:43.463000,414.5801764138456,95
2024-09-16 13:43:43.506000,414.5518229294534,104
2024-09-16 13:43:43.594000,414.5656363406586,996
2024-09-16 13:43:43.605000,414.6029764459259,1000
2024-09-16 13:43:43.661000,414.5580918170776,1002
2024-09-16 13:43:43.678000,414.5376596405529,995
2024-09-16 13:43:43.804000,414.571939284045,8
2024-09-16 13:43:43.820000,414.57039039124055,96
2024-09-16 13:43:43.881000,414.6077948800787,105
2024-09-16 13:43:43.937000,414.5865674656517,104
2024-09-16 13:43:43.942000,414.5912157885756,96
2024-09-16 13:43:43.972000,414.59625492639833,1005
2024-09-16 13:43:44.107000,414.65823603200727,1003
2024-09-16 13:43:44.273000,414.6632894143557,5
2024-09-16 13:43:44.339000,414.66474390718633,8
2024-09-16 13:43:44.364000,414.6311870596588,1004
2024-09-16 13:43:44.387000,414.6441528228085,1004
2024-09-16 13:43:44.400000,414.6457906511076,14
2024-09-16 13:43:44.488000,414.6509234068299,998
2024-09-16 13:43:44.532000,414.6588501583799,101
2024-09-16 13:43:44.568000,414.6409611720742,98
2024-09-16 13:43:44.837000,414.6843864194325,102
2024-09-16 13:43:44.916000,414.65403680995234,104
2024-09-16 13:43:44.951000,414.6277116736424,11
2024-09-16 13:43:45.165000,414.7047137836504,5
2024-09-16 13:43:45.200000,414.702203243224,12
2024-09-16 13:43:45.249000,414.64312538760254,15
2024-09-16 13:43:45.452000,414.666692609398,103
2024-09-16 13:43:45.657000,414.68815070503615,1001
2024-09-16 13:43:45.845000,414.6999453498144,1001
2024-09-16 13:43:45.857000,414.6716272153485,996
2024-09-16 13:43:46.078000,414.66047167585856,103
2024-09-16 13:43:46.137000,414.67855301983457,1000
2024-09-16 13:43:46.206000,414.6571217891061,15
2024-09-16 13:43:46.268000,414.7046045185323,11
2024-09-16 13:43:46.699000,414.6492065236728,1001
2024-09-16 13:43:46.785000,414.67585829670986,1005
2024-09-16 13:43:46.804000,414.6898103754911,10
2024-09-16 13:43:46.993000,414.69660433922377,997
2024-09-16 13:43:47.035000,414.6721032486823,10
2024-09-16 13:43:47.162000,414.70345339734905,995
2024-09-16 13:43:47.171000,414.6918305409858,998
2024-09-16 13:43:47.421000,414.68499981346895,101
2024-09-16 13:43:47.506000,414.6861630261533,995
2024-09-16 13:43:47.546000,414.6901793644744,9
2024-09-16 13:43:47.573000,414.68673967573073,104
2024-09-16 13:43:47.804000,414.6760291412265,103
2024-09-16 13:43:47.816000,414.6768392976367,98
2024-09-16 13:43:47.991000,414.6887959293013,6
2024-09-16 13:43:48.136000,414.6626947921886,97
2024-09-16 13:43:48.200000,414.663599533257,7
2024-09-16 13:43:48.200000,414.6869792076894,96
2024-09-16 13:43:48.332000,414.6971207809725,11
2024-09-16 13:43:48.352000,414.6897357306868,101
2024-09-16 13:43:48.375000,414.67271320057154,998
2024-09-16 13:43:48.549000,414.6782510575015,103
2024-09-16 13:43:48.645000,414.67239227577,997
2024-09-16 13:43:48.688000,414.6595336281569,96
2024-09-16 13:43:48.972000,414.6799752542432,8
2024-09-16 13:43:49.057000,414.6346380383828,9
2024-09-16 13:43:49.059000,414.6867485868173,1001
2024-09-16 13:43:49.074000,414.6508573090616,14
2024-09-16 13:43:49.288000,414.680360709229,96
2024-09-16 13:43:49.356000,414.6907691688476,1003
2024-09-16 13:43:49.364000,414.6539390882828,101
2024-09-16 13:43:49.383000,414.6408033060291,98
2024-09-16 13:43:49.408000,414.7026018736524,101
2024-09-16 13:43:49.449000,414.62564532918105,105
2024-09-16 13:43:49.516000,414.7039844386688,10
2024-09-16 13:43:49.622000,414.7022380706146,7
2024-09-16 13:43:49.661000,414.70792075438806,1005
2024-09-16 13:43:49.664000,414.7439864538677,995
2024-09-16 13:43:49.673000,414.7422530295432,12
2024-09-16 13:43:49.690000,414.6950434438021,8
2024-09-16 13:43:49.693000,414.7252824181013,96
2024-09-16 13:43:49.736000,414.70207269913055,996
2024-09-16 13:43:49.736000,414.64100328462814,11
2024-09-16 13:43:49.926000,414.62558400624135,11
2024-09-16 13:43:49.970000,414.7048245704068,104
2024-09-16 13:43:49.987000,414.7196906203857,102
2024-09-16 13:43:50.018000,414.6647306642755,95
2024-09-16 13:43:50.021000,414.6516896316476,95
2024-09-16 13:43:50.054000,414.6394480473042,1005
2024-09-16 13:43:50.083000,414.6764217041522,996
2024-09-16 13:43:50.092000,414.6703821079804,13
2024-09-16 13:43:50.267000,414.6560211341876,96
2024-09-16 13:43:50.304000,414.6539144781797,6
2024-09-16 13:43:50.339000,414.6283453759154,998
2024-09-16 13:43:50.409000,414.6460498397474,97
2024-09-16 13:43:50.423000,414.6658571178503,105
2024-09-16 13:43:50.424000,414.6703313770426,9
2024-09-16 13:43:50.484000,414.6196055071619,8
2024-09-16 13:43:50.495000,414.6472587936989,6
2024-09-16 13:43:50.509000,414.64340682792914,13
2024-09-16 13:43:50.547000,414.619428264057,104
2024-09-16 13:43:50.572000,414.6310895860122,1000
2024-09-16 13:43:50.590000,414.6802224663708,996
2024-09-16 13:43:50.680000,414.6745195871789,996
2024-09-16 13:43:50.782000,414.65687147468617,999
2024-09-16 13:43:50.799000,414.635004366297,5
2024-09-16 13:43:50.814000,414.6237898465354,7
2024-09-16 13:43:50.874000,414.6237277521764,99
2024-09-16 13:43:50.986000,414.6205848113723,1004
2024-09-16 13:43:50.990000,414.6203646997055,12
2024-09-16 13:43:50.999000,414.6379272132905,101
2024-09-16 13:43:51.037000,414.6933661879397,98
2024-09-16 13:43:51.067000,414.6272850750358,95
2024-09-16 13:43:51.068000,414.701652755621,9
2024-09-16 13:43:51.121000,414.6147265590668,14
2024-09-16 13:43:51.127000,414.6889238539206,102
2024-09-16 13:43:51.185000,414.6830176961995,14
2024-09-16 13:43:51.191000,414.666622079162,998
2024-09-16 13:43:51.270000,414.6762173503189,10
2024-09-16 13:43:51.290000,414.69852428172015,9
2024-09-16 13:43:51.291000,414.6611595465126,997
2024-09-16 13:43:51.325000,414.6784224093492,996
2024-09-16 13:43:51.361000,414.70631638996247,998
2024-09-16 13:43:51.377000,414.695774828344,5
2024-09-16 13:43:51.397000,414.69890505166194,96
2024-09-16 13:43:51.468000,414.6937175905121,101
2024-09-16 13:43:51.577000,414.6768722398224,15
2024-09-16 13:43:51.596000,414.66142546514527,14
2024-09-16 13:43:51.676000,414.698563849395,9
2024-09-16 13:43:51.677000,414.7038795648213,98
2024-09-16 13:43:51.679000,414.6998278739099,101
2024-09-16 13:43:51.681000,414.6611895830057,9
2024-09-16 13:43:51.710000,414.645137493653,102
2024-09-16 13:43:51.743000,414.701337074634,14
2024-09-16 13:43:51.843000,414.6579260321329,99
2024-09-16 13:43:51.848000,414.70481312670114,105
2024-09-16 13:43:51.858000,414.69493158523113,13
2024-09-16 13:43:51.921000,414.69930178304406,9
2024-09-16 13:43:51.946000,414.689109930456,98
2024-09-16 13:43:51.981000,414.6392170607778,96
2024-09-16 13:43:51.986000,414.6478419448989,10
2024-09-16 13:43:52.077000,414.7089085745955,104
2024-09-16 13:43:52.106000,414.7044853175252,96
2024-09-16 13:43:52.152000,414.7379248986931,13
2024-09-16 13:43:52.282000,414.7029380092378,103
2024-09-16 13:43:52.322000,414.705012271614,96
2024-09-16 13:43:52.387000,414.6986414704381,1001
2024-09-16 13:43:52.426000,414.7099781344936,1002
2024-09-16 13:43:52.491000,414.695004406292,1004
2024-09-16 13:43:52.569000,414.70922360276273,998
2024-09-16 13:43:52.654000,414.6935196461356,103
2024-09-16 13:43:52.807000,414.70766614377806,14
2024-09-16 13:43:52.831000,414.6809635388829,103
2024-09-16 13:43:52.949000,414.70579307260607,104
2024-09-16 13:43:52.981000,414.701166502787,14
2024-09-16 13:43:53.385000,414.6969293858577,997
2024-09-16 13:43:53.432000,414.7184143177655,97
2024-09-16 13:43:53.733000,414.69572551149815,11
2024-09-16 13:43:53.803000,414.70998063061614,11
2024-09-16 13:43:53.823000,414.714588200905,7
2024-09-16 13:43:53.903000,414.71494786112345,100
2024-09-16 13:43:53.904000,414.7004371549568,95
2024-09-16 13:43:53.991000,414.70032332443697,96
2024-09-16 13:43:54.100000,414.7780483433512,105
2024-09-16 13:43:54.137000,414.7678932892298,12
2024-09-16 13:43:54.156000,414.78992187771,1004
2024-09-16 13:43:54.206000,414.7536065878608,9
2024-09-16 13:43:54.247000,414.7496968089908,1003
2024-09-16 13:43:54.298000,414.7552011485068,5
2024-09-16 13:43:54.304000,414.7363139535156,12
2024-09-16 13:43:54.306000,414.7379332374189,1000
2024-09-16 13:43:54.338000,414.7339537719759,102
2024-09-16 13:43:54.379000,414.728591944072,14
2024-09-16 13:43:54.398000,414.7484958708195,6
2024-09-16 13:43:54.443000,414.7676245157776,1002
2024-09-16 13:43:54.507000,414.7511237704461,10
2024-09-16 13:43:54.517000,414.7497954143335,15
2024-09-16 13:43:54.520000,414.7430658020558,12
2024-09-16 13:43:54.523000,414.7719914041618,96
2024-09-16 13:43:54.524000,414.7562996868264,996
2024-09-16 13:43:54.550000,414.78559753582994,98
2024-09-16 13:43:54.579000,414.752445339962,10
2024-09-16 13:43:54.650000,414.77059433190976,102
2024-09-16 13:43:54.788000,414.7425276591172,998
2024-09-16 13:43:54.808000,414.7773020460332,101
2024-09-16 13:43:54.847000,414.7556966912732,12
2024-09-16 13:43:54.944000,414.7470671479354,997
2024-09-16 13:43:54.967000,414.727972310159,95
2024-09-16 13:43:54.995000,414.75431533245614,7
2024-09-16 13:43:55.049000,414.7416478670991,9
2024-09-16 13:43:55.052000,414.7217128659018,95
2024-09-16 13:43:55.088000,414.7605600958796,6
2024-09-16 13:43:55.098000,414.7572985133181,997
2024-09-16 13:43:55.121000,414.7074921174552,97
2024-09-16 13:43:55.122000,414.704690217084,99
2024-09-16 13:43:55.173000,414.6990907166405,6
2024-09-16 13:43:55.228000,414.7053359516583,6
2024-09-16 13:43:55.323000,414.7276726304623,5
2024-09-16 13:43:55.340000,414.7375103487239,101
2024-09-16 13:43:55.369000,414.7642872969813,95
2024-09-16 13:43:55.442000,414.7272698927805,98
2024-09-16 13:43:55.498000,414.7739912228037,1004
2024-09-16 13:43:55.647000,414.7433982508806,102
2024-09-16 13:43:55.654000,414.7456770386657,998
2024-09-16 13:43:55.676000,414.7008774985522,97
2024-09-16 13:43:55.682000,414.7287051211254,13
2024-09-16 13:43:55.729000,414.7680377077488,1005
2024-09-16 13:43:55.775000,414.7558337711987,1004
2024-09-16 13:43:55.913000,414.7732349238404,100
2024-09-16 13:43:55.923000,414.7182559597444,1002
2024-09-16 13:43:55.959000,414.71530152220754,995
2024-09-16 13:43:56.003000,414.6977044493058,100
2024-09-16 13:43:56.107000,414.7233475261162,12
2024-09-16 13:43:56.275000,414.7041249064939,14
2024-09-16 13:43:56.374000,414.7039070788556,5
2024-09-16 13:43:56.389000,414.67720704349233,1002
2024-09-16 13:43:56.496000,414.6630224465953,1005
2024-09-16 13:43:56.640000,414.6947688901742,13
2024-09-16 13:43:56.770000,414.7028759544423,8
2024-09-16 13:43:56.893000,414.7033814887701,105
2024-09-16 13:43:57.050000,414.7886245319698,1000
2024-09-16 13:43:57.153000,414.7925896789872,10
2024-09-16 13:43:57.193000,414.75201947755534,1005
2024-09-16 13:43:57.254000,414.7543680130044,997
2024-09-16 13:43:57.270000,414.8239684773034,10
2024-09-16 13:43:57.365000,414.8116785767652,97
2024-09-16 13:43:57.408000,414.7129772682509,10
2024-09-16 13:43:57.507000,414.7726442535735,6
2024-09-16 13:43:57.517000,414.69756814868566,105
2024-09-16 13:43:57.571000,414.8564585087232,98
2024-09-16 13:43:57.582000,414.8639549410908,1005
2024-09-16 13:43:57.605000,414.8372064957359,96
2024-09-16 13:43:57.627000,414.7955238496745,997
2024-09-16 13:43:57.683000,414.79235765148,98
2024-09-16 13:43:57.709000,414.85639678004014,103
2024-09-16 13:43:57.715000,414.8600605816006,5
2024-09-16 13:43:57.716000,414.7866309426926,995
2024-09-16 13:43:57.744000,414.78317923559,996
2024-09-16 13:43:57.756000,414.72028856513066,15
2024-09-16 13:43:57.781000,414.841487994672,8
2024-09-16 13:43:57.788000,414.69366352664326,101
2024-09-16 13:43:57.913000,414.7755041467541,1000
2024-09-16 13:43:57.946000,414.7039147088233,996
2024-09-16 13:43:57.987000,414.7158042060185,995
2024-09-16 13:43:58.060000,414.8991396211782,97
2024-09-16 13:43:58.191000,414.8654776086456,13
2024-09-16 13:43:58.353000,414.8847742156319,1002
2024-09-16 13:43:58.469000,414.8750169272007,1001
2024-09-16 13:43:58.918000,414.8749751505609,104
2024-09-16 13:43:59.018000,414.75503720713454,95
2024-09-16 13:43:59.075000,414.8655166779097,96
2024-09-16 13:43:59.165000,414.7655544667215,995
2024-09-16 13:43:59.165000,414.8700604373929,999
2024-09-16 13:43:59.189000,414.8557700956358,11
2024-09-16 13:43:59.198000,414.862828130554,103
2024-09-16 13:43:59.214000,414.8050692032263,8
2024-09-16 13:43:59.278000,414.7768183291124,103
2024-09-16 13:43:59.321000,414.77358599420415,10
2024-09-16 13:43:59.334000,414.80714475755263,104
2024-09-16 13:43:59.352000,414.8075197162402,105
2024-09-16 13:43:59.384000,414.8032998841318,999
2024-09-16 13:43:59.401000,414.8746317864081,1005
2024-09-16 13:43:59.419000,414.7796930662895,1005
2024-09-16 13:43:59.445000,414.84926693595816,97
2024-09-16 13:43:59.477000,414.871519361796,5
2024-09-16 13:43:59.522000,414.8187942555766,998
2024-09-16 13:43:59.553000,414.8608651655899,13
2024-09-16 13:43:59.711000,414.8713411395538,10
2024-09-16 13:43:59.772000,414.84624012522505,102
2024-09-16 13:43:59.866000,414.8056355144374,8
2024-09-16 13:43:59.870000,414.8373228020259,101
2024-09-16 13:43:59.957000,414.80147882315526,99
2024-09-16 13:43:59.959000,414.89151971826095,11
2024-09-16 13:43:59.997000,414.85790049799954,13
