Timestamp,Price,Size
2024-09-18 09:45:00.004000,407.6483670030362,9
2024-09-18 09:45:00.015000,407.6587138955617,1000
2024-09-18 09:45:00.084000,407.6844654525005,997
2024-09-18 09:45:00.122000,407.6508844449172,15
2024-09-18 09:45:00.142000,407.65179936106347,95
2024-09-18 09:45:00.240000,407.6313023274109,10
2024-09-18 09:45:00.256000,407.6629382566951,11
2024-09-18 09:45:00.300000,407.6368774894052,1002
2024-09-18 09:45:00.312000,407.6630885572306,996
2024-09-18 09:45:00.372000,407.6237881085392,99
2024-09-18 09:45:00.396000,407.6587599059194,1005
2024-09-18 09:45:00.453000,407.6163984823785,103
2024-09-18 09:45:00.472000,407.58653172852416,998
2024-09-18 09:45:00.484000,407.6574664339459,10
2024-09-18 09:45:00.541000,407.6589800054328,10
2024-09-18 09:45:00.555000,407.6502556669088,95
2024-09-18 09:45:00.573000,407.6063666036568,104
2024-09-18 09:45:00.634000,407.66132574757296,999
2024-09-18 09:45:00.680000,407.67355315630977,97
2024-09-18 09:45:00.681000,407.65576545562135,100
2024-09-18 09:45:00.711000,407.5901967725939,97
2024-09-18 09:45:00.727000,407.6024017175064,1000
2024-09-18 09:45:00.789000,407.60782340693015,996
2024-09-18 09:45:00.813000,407.6628415398041,102
2024-09-18 09:45:00.857000,407.628140212092,10
2024-09-18 09:45:00.966000,407.6820592070958,98
2024-09-18 09:45:00.969000,407.6228260142144,97
2024-09-18 09:45:01.025000,407.6036132137465,102
2024-09-18 09:45:01.093000,407.5962033612757,1002
2024-09-18 09:45:01.113000,407.5483145927751,5
2024-09-18 09:45:01.161000,407.5372397234709,1003
2024-09-18 09:45:01.203000,407.5835877906212,1005
2024-09-18 09:45:01.208000,407.547809030178,998
2024-09-18 09:45:01.221000,407.5766679384642,999
2024-09-18 09:45:01.272000,407.5693797353399,11
2024-09-18 09:45:01.334000,407.6226143893949,14
2024-09-18 09:45:01.364000,407.538639434315,1002
2024-09-18 09:45:01.408000,407.5740980130754,11
2024-09-18 09:45:01.428000,407.5982405750804,101
2024-09-18 09:45:01.428000,407.5955758583162,100
2024-09-18 09:45:01.479000,407.6130037349985,96
2024-09-18 09:45:01.598000,407.55914661746647,13
2024-09-18 09:45:01.657000,407.6192177637375,1003
2024-09-18 09:45:01.719000,407.6187639426118,14
2024-09-18 09:45:01.744000,407.54309815748417,999
2024-09-18 09:45:01.756000,407.5727682457298,1002
2024-09-18 09:45:01.891000,407.55085099169776,997
2024-09-18 09:45:01.896000,407.6159682371638,12
2024-09-18 09:45:01.916000,407.5470307672476,8
2024-09-18 09:45:01.925000,407.54939091283774,1000
2024-09-18 09:45:02.067000,407.5710903254201,100
2024-09-18 09:45:02.068000,407.5331597331083,100
2024-09-18 09:45:02.123000,407.60073648786187,101
2024-09-18 09:45:02.170000,407.5602860441748,8
2024-09-18 09:45:02.196000,407.6239531195552,95
2024-09-18 09:45:02.223000,407.5814153512201,9
2024-09-18 09:45:02.244000,407.5691515208803,996
2024-09-18 09:45:02.255000,407.6206385239112,13
2024-09-18 09:45:02.350000,407.5625446207569,7
2024-09-18 09:45:02.543000,407.5846066709413,96
2024-09-18 09:45:02.576000,407.6133954339308,1004
2024-09-18 09:45:02.605000,407.58321563733926,96
2024-09-18 09:45:02.612000,407.5830186442407,100
2024-09-18 09:45:02.652000,407.5883544981544,1005
2024-09-18 09:45:02.666000,407.60683338086216,996
2024-09-18 09:45:02.681000,407.5682052947093,996
2024-09-18 09:45:02.688000,407.6152518539807,15
2024-09-18 09:45:02.747000,407.5544885443025,12
2024-09-18 09:45:02.810000,407.5738804072605,95
2024-09-18 09:45:02.843000,407.586232239958,105
2024-09-18 09:45:02.847000,407.5950079971129,1004
2024-09-18 09:45:02.855000,407.602541801595,9
2024-09-18 09:45:02.873000,407.61009290245727,996
2024-09-18 09:45:02.881000,407.5905036432962,9
2024-09-18 09:45:02.917000,407.5818457713477,15
2024-09-18 09:45:02.929000,407.59057679474967,11
2024-09-18 09:45:02.973000,407.5989593924165,996
2024-09-18 09:45:02.995000,407.5798627213852,1002
2024-09-18 09:45:03.031000,407.47223159955433,99
2024-09-18 09:45:03.046000,407.47674880413865,10
2024-09-18 09:45:03.048000,407.49171930851065,103
2024-09-18 09:45:03.057000,407.4848738372078,1003
2024-09-18 09:45:03.057000,407.5262538282746,996
2024-09-18 09:45:03.106000,407.5503515731415,96
2024-09-18 09:45:03.107000,407.554632681318,997
2024-09-18 09:45:03.129000,407.5302554163048,9
2024-09-18 09:45:03.164000,407.571236319532,104
2024-09-18 09:45:03.301000,407.4880745127091,96
2024-09-18 09:45:03.324000,407.5196264353486,14
2024-09-18 09:45:03.326000,407.5388049461921,103
2024-09-18 09:45:03.341000,407.5062373167898,11
2024-09-18 09:45:03.409000,407.5206673979777,5
2024-09-18 09:45:03.422000,407.5115641194868,13
2024-09-18 09:45:03.504000,407.5105089208827,10
2024-09-18 09:45:03.623000,407.5510174690264,13
2024-09-18 09:45:03.636000,407.56371416225016,103
2024-09-18 09:45:03.651000,407.4694352402008,997
2024-09-18 09:45:03.679000,407.56456512833,8
2024-09-18 09:45:03.778000,407.545342195494,998
2024-09-18 09:45:03.791000,407.5366000161127,1002
2024-09-18 09:45:03.812000,407.5217823395613,95
2024-09-18 09:45:03.823000,407.546017416776,7
2024-09-18 09:45:03.877000,407.4719902340975,1000
2024-09-18 09:45:03.992000,407.5575611598324,99
2024-09-18 09:45:04.771000,407.4777629865184,999
2024-09-18 09:45:05.016000,407.4641475491552,1004
2024-09-18 09:45:05.035000,407.5033785293043,1000
2024-09-18 09:45:05.061000,407.4413329365133,14
2024-09-18 09:45:05.110000,407.44311854113954,997
2024-09-18 09:45:05.122000,407.4285477218509,10
2024-09-18 09:45:05.139000,407.4764757463728,5
2024-09-18 09:45:05.167000,407.4484378138482,15
2024-09-18 09:45:05.236000,407.49437868852925,7
2024-09-18 09:45:05.246000,407.41291118756,101
2024-09-18 09:45:05.247000,407.49476737930223,105
2024-09-18 09:45:05.292000,407.47832138941374,96
2024-09-18 09:45:05.332000,407.4798009137115,96
2024-09-18 09:45:05.412000,407.4631466627877,997
2024-09-18 09:45:05.438000,407.4683081953855,999
2024-09-18 09:45:05.443000,407.4419201352165,1003
2024-09-18 09:45:05.572000,407.4998878995648,96
2024-09-18 09:45:05.578000,407.4648033549494,14
2024-09-18 09:45:05.583000,407.4739753272386,14
2024-09-18 09:45:05.620000,407.5041983883972,11
2024-09-18 09:45:05.651000,407.4414242845928,102
2024-09-18 09:45:05.662000,407.4720034036966,8
2024-09-18 09:45:05.680000,407.51509552460885,100
2024-09-18 09:45:05.700000,407.464286289303,7
2024-09-18 09:45:05.796000,407.4973289259848,105
2024-09-18 09:45:05.845000,407.4847291785997,996
2024-09-18 09:45:05.909000,407.48912606612384,14
2024-09-18 09:45:05.922000,407.46800059300057,15
2024-09-18 09:45:05.935000,407.45862145381625,995
2024-09-18 09:45:06.049000,407.40842049099103,7
2024-09-18 09:45:06.086000,407.45432402407806,1004
2024-09-18 09:45:06.088000,407.45469832049326,105
2024-09-18 09:45:06.128000,407.4198617162709,11
2024-09-18 09:45:06.174000,407.4226612169567,96
2024-09-18 09:45:06.219000,407.5081339319792,15
2024-09-18 09:45:06.315000,407.40098211822425,8
2024-09-18 09:45:06.348000,407.4559647561528,12
2024-09-18 09:45:06.392000,407.4412213385591,10
2024-09-18 09:45:06.395000,407.5014574512588,13
2024-09-18 09:45:06.505000,407.4458079343594,96
2024-09-18 09:45:06.508000,407.49200652001423,1002
2024-09-18 09:45:06.522000,407.4542654782988,5
2024-09-18 09:45:06.530000,407.4248154531822,101
2024-09-18 09:45:06.573000,407.3988687706128,101
2024-09-18 09:45:06.664000,407.4777704060137,97
2024-09-18 09:45:06.709000,407.4383983918654,11
2024-09-18 09:45:06.721000,407.4488346139999,6
2024-09-18 09:45:06.749000,407.4389227851901,1001
2024-09-18 09:45:06.779000,407.4736533126992,1000
2024-09-18 09:45:06.806000,407.4310161954471,7
2024-09-18 09:45:06.822000,407.444538090552,9
2024-09-18 09:45:06.831000,407.487973048871,100
2024-09-18 09:45:06.915000,407.4318508773965,13
2024-09-18 09:45:06.935000,407.41532937138425,14
2024-09-18 09:45:06.940000,407.4562502935421,15
2024-09-18 09:45:06.943000,407.4147190453631,12
2024-09-18 09:45:06.951000,407.4254369449444,997
2024-09-18 09:45:06.964000,407.4519100950506,995
2024-09-18 09:45:07.004000,407.34086790711314,98
2024-09-18 09:45:07.021000,407.3080534687968,999
2024-09-18 09:45:07.059000,407.4223254118083,95
2024-09-18 09:45:07.174000,407.3188383970027,9
2024-09-18 09:45:07.273000,407.31249670714055,7
2024-09-18 09:45:07.281000,407.3044582595432,1004
2024-09-18 09:45:07.326000,407.3938688020555,1003
2024-09-18 09:45:07.358000,407.3131842032205,1003
2024-09-18 09:45:07.513000,407.33833920285673,1000
2024-09-18 09:45:07.528000,407.408441876359,999
2024-09-18 09:45:07.533000,407.4100717938563,6
2024-09-18 09:45:07.557000,407.3665516271972,14
2024-09-18 09:45:07.598000,407.3212486815782,1000
2024-09-18 09:45:07.729000,407.34044805214177,1005
2024-09-18 09:45:07.791000,407.3278651239301,99
2024-09-18 09:45:07.801000,407.4260318367821,104
2024-09-18 09:45:07.812000,407.3206586338782,8
2024-09-18 09:45:07.847000,407.3826080241988,95
2024-09-18 09:45:07.864000,407.302596411763,6
2024-09-18 09:45:07.946000,407.3041761712558,1002
2024-09-18 09:45:07.987000,407.3149094801086,1002
2024-09-18 09:45:08.002000,407.3254469039901,6
2024-09-18 09:45:08.017000,407.3611531615195,1003
2024-09-18 09:45:08.330000,407.3262661774767,8
2024-09-18 09:45:08.450000,407.3421881673174,95
2024-09-18 09:45:08.483000,407.3319693855462,12
2024-09-18 09:45:08.563000,407.316468154695,998
2024-09-18 09:45:08.576000,407.3230339795904,8
2024-09-18 09:45:08.652000,407.3650384275103,12
2024-09-18 09:45:08.711000,407.3438955897139,11
2024-09-18 09:45:08.721000,407.3730084146445,100
2024-09-18 09:45:08.756000,407.3411609531623,8
2024-09-18 09:45:08.953000,407.32461545487496,998
2024-09-18 09:45:09.001000,407.4100920137786,6
2024-09-18 09:45:09.003000,407.366767773945,5
2024-09-18 09:45:09.006000,407.4031110753183,95
2024-09-18 09:45:09.011000,407.41728734952034,996
2024-09-18 09:45:09.066000,407.3858800339726,5
2024-09-18 09:45:09.078000,407.4022610401857,10
2024-09-18 09:45:09.105000,407.41014565102927,996
2024-09-18 09:45:09.139000,407.3901447435496,1000
2024-09-18 09:45:09.177000,407.3966333281888,1001
2024-09-18 09:45:09.188000,407.4115006701146,1001
2024-09-18 09:45:09.242000,407.3984771911442,100
2024-09-18 09:45:09.252000,407.3557222783117,996
2024-09-18 09:45:09.262000,407.40125495806,103
2024-09-18 09:45:09.345000,407.3986646061156,999
2024-09-18 09:45:09.410000,407.3403942533324,999
2024-09-18 09:45:09.420000,407.3632525116524,104
2024-09-18 09:45:09.732000,407.3866193858558,998
2024-09-18 09:45:09.765000,407.40136836521725,5
2024-09-18 09:45:09.811000,407.3800624323344,95
2024-09-18 09:45:09.889000,407.3901948247175,15
2024-09-18 09:45:09.895000,407.417932854412,998
2024-09-18 09:45:09.976000,407.3456649342589,1004
2024-09-18 09:45:09.993000,407.3984650356652,1005
2024-09-18 09:45:10.023000,407.3328593773411,7
2024-09-18 09:45:10.098000,407.293722494935,98
2024-09-18 09:45:10.139000,407.3656388114936,1002
2024-09-18 09:45:10.146000,407.3810895209908,14
2024-09-18 09:45:10.164000,407.3342642592484,6
2024-09-18 09:45:10.196000,407.3943127685606,995
2024-09-18 09:45:10.209000,407.2858297492722,997
2024-09-18 09:45:10.221000,407.28278325687904,995
2024-09-18 09:45:10.235000,407.3038031501848,11
2024-09-18 09:45:10.298000,407.2704058842555,99
2024-09-18 09:45:10.323000,407.3605632623312,1003
2024-09-18 09:45:10.371000,407.3301669760218,8
2024-09-18 09:45:10.398000,407.42090062514905,7
2024-09-18 09:45:10.408000,407.2710306336441,5
2024-09-18 09:45:10.490000,407.3512011166945,7
2024-09-18 09:45:10.499000,407.3566696314023,8
2024-09-18 09:45:10.516000,407.33594561354977,14
2024-09-18 09:45:10.543000,407.2619257929993,100
2024-09-18 09:45:10.613000,407.3495793109402,997
2024-09-18 09:45:10.667000,407.3414782529241,995
2024-09-18 09:45:10.668000,407.33922731385206,995
2024-09-18 09:45:10.863000,407.3464153565576,1000
2024-09-18 09:45:10.903000,407.2686077352624,6
2024-09-18 09:45:10.926000,407.2578491955016,1004
2024-09-18 09:45:10.947000,407.26612406629744,14
2024-09-18 09:45:10.956000,407.3562120154405,995
2024-09-18 09:45:11.016000,407.2721074883904,999
2024-09-18 09:45:11.219000,407.27391621128623,1002
2024-09-18 09:45:11.772000,407.2759203586662,13
2024-09-18 09:45:12.153000,407.2374118839394,13
2024-09-18 09:45:12.287000,407.272399145918,996
2024-09-18 09:45:13.029000,407.26405428217566,104
2024-09-18 09:45:13.126000,407.2433954367271,103
2024-09-18 09:45:13.223000,407.2440810488476,102
2024-09-18 09:45:13.343000,407.2458952573183,996
2024-09-18 09:45:13.471000,407.24407608612535,105
2024-09-18 09:45:13.562000,407.2597152468244,1001
2024-09-18 09:45:13.608000,407.2465063947568,1005
2024-09-18 09:45:13.797000,407.2631700162744,11
2024-09-18 09:45:14.001000,407.2873213553116,96
2024-09-18 09:45:14.087000,407.2720692406996,999
2024-09-18 09:45:14.243000,407.29926073246605,14
2024-09-18 09:45:14.253000,407.2850451686749,6
2024-09-18 09:45:14.405000,407.2793190114357,99
2024-09-18 09:45:14.539000,407.2738045302936,9
2024-09-18 09:45:14.554000,407.2535966384005,1005
2024-09-18 09:45:14.574000,407.27995257245175,999
2024-09-18 09:45:14.586000,407.2829016426191,1005
2024-09-18 09:45:14.593000,407.2866919950473,96
2024-09-18 09:45:14.597000,407.2788273446437,97
2024-09-18 09:45:14.636000,407.2764706450989,100
2024-09-18 09:45:14.657000,407.3076230227681,100
2024-09-18 09:45:14.787000,407.2916068248515,100
2024-09-18 09:45:14.818000,407.2988651376911,997
2024-09-18 09:45:14.843000,407.2589870586124,1001
2024-09-18 09:45:15.010000,407.32640036523446,99
2024-09-18 09:45:15.121000,407.3211080799374,13
2024-09-18 09:45:15.254000,407.3262139572971,997
2024-09-18 09:45:15.303000,407.3149264892674,99
2024-09-18 09:45:15.334000,407.33800808297406,14
2024-09-18 09:45:15.396000,407.3178517464237,5
2024-09-18 09:45:15.565000,407.33554107307504,8
2024-09-18 09:45:15.573000,407.3113603426198,95
2024-09-18 09:45:15.599000,407.3540184748477,13
2024-09-18 09:45:15.618000,407.3110879834708,100
2024-09-18 09:45:15.666000,407.3444183167432,104
2024-09-18 09:45:16.379000,407.340296020917,999
2024-09-18 09:45:16.477000,407.3526249805373,1005
2024-09-18 09:45:16.500000,407.3489400632836,104
2024-09-18 09:45:16.539000,407.3412614022184,6
2024-09-18 09:45:16.597000,407.34498880568367,103
2024-09-18 09:45:16.853000,407.3255903705977,1003
2024-09-18 09:45:16.874000,407.34019262343713,12
2024-09-18 09:45:16.893000,407.3377735398177,10
2024-09-18 09:45:17.003000,407.3261692239524,10
2024-09-18 09:45:17.058000,407.33937942349297,10
2024-09-18 09:45:17.091000,407.35505921954456,105
2024-09-18 09:45:17.141000,407.34414071419206,995
2024-09-18 09:45:17.172000,407.3280883554289,6
2024-09-18 09:45:17.187000,407.3609604059637,9
2024-09-18 09:45:17.212000,407.3340308963945,102
2024-09-18 09:45:17.273000,407.353951653969,8
2024-09-18 09:45:17.287000,407.3270841567205,999
2024-09-18 09:45:17.309000,407.3246167713388,7
2024-09-18 09:45:17.372000,407.3581637382495,101
2024-09-18 09:45:17.466000,407.3400289176003,999
2024-09-18 09:45:17.477000,407.31658300237024,999
2024-09-18 09:45:17.567000,407.3285496280669,1004
2024-09-18 09:45:17.592000,407.33029553847496,5
2024-09-18 09:45:17.623000,407.3183698686173,97
2024-09-18 09:45:17.624000,407.3426561052032,97
2024-09-18 09:45:17.688000,407.3331529417876,7
2024-09-18 09:45:17.700000,407.3399415184373,96
2024-09-18 09:45:17.750000,407.3417388213284,101
2024-09-18 09:45:17.779000,407.3187021569244,103
2024-09-18 09:45:17.939000,407.3373854624521,999
2024-09-18 09:45:17.959000,407.33106214116,1004
2024-09-18 09:45:17.970000,407.36281341410256,15
2024-09-18 09:45:17.992000,407.3418742520333,95
2024-09-18 09:45:18.058000,407.27226464604615,996
2024-09-18 09:45:18.091000,407.3330089261849,1001
2024-09-18 09:45:18.093000,407.26462274789566,10
2024-09-18 09:45:18.115000,407.25775207074383,5
2024-09-18 09:45:18.129000,407.3305770921461,12
2024-09-18 09:45:18.187000,407.27694055923007,1004
2024-09-18 09:45:18.199000,407.3677812929093,6
2024-09-18 09:45:18.303000,407.2974514213381,7
2024-09-18 09:45:18.312000,407.34234862124566,1003
2024-09-18 09:45:18.340000,407.2795393927536,103
2024-09-18 09:45:18.450000,407.302687232899,997
2024-09-18 09:45:18.614000,407.3173977233272,96
2024-09-18 09:45:18.625000,407.3399776113136,8
2024-09-18 09:45:18.674000,407.328603181183,97
2024-09-18 09:45:18.688000,407.3015594455888,7
2024-09-18 09:45:18.723000,407.31695548804623,100
2024-09-18 09:45:18.741000,407.2688669409527,1002
2024-09-18 09:45:18.787000,407.2680726152497,104
2024-09-18 09:45:18.804000,407.31672824126434,13
2024-09-18 09:45:18.865000,407.33552825988994,10
2024-09-18 09:45:18.891000,407.3411606158313,100
2024-09-18 09:45:18.911000,407.2707525824959,998
2024-09-18 09:45:18.924000,407.3333711049731,97
2024-09-18 09:45:19.050000,407.4295520983983,999
2024-09-18 09:45:19.121000,407.4100925113237,1005
2024-09-18 09:45:19.126000,407.4328822750009,1002
2024-09-18 09:45:19.153000,407.4316788733013,1000
2024-09-18 09:45:19.201000,407.394386106141,103
2024-09-18 09:45:19.205000,407.4039476801166,9
2024-09-18 09:45:19.228000,407.4191813428548,15
2024-09-18 09:45:19.360000,407.3892157848066,105
2024-09-18 09:45:19.404000,407.3772843578036,999
2024-09-18 09:45:19.451000,407.3755175181414,996
2024-09-18 09:45:19.459000,407.3961931109818,10
2024-09-18 09:45:19.472000,407.4376358321183,95
2024-09-18 09:45:19.495000,407.3703290975503,101
2024-09-18 09:45:19.565000,407.40075273548354,104
2024-09-18 09:45:19.571000,407.3781605408288,7
2024-09-18 09:45:19.622000,407.4018659446155,102
2024-09-18 09:45:19.657000,407.3966918125168,95
2024-09-18 09:45:19.702000,407.37880909136425,1000
2024-09-18 09:45:19.708000,407.3859094043329,14
2024-09-18 09:45:19.757000,407.4329821376647,999
2024-09-18 09:45:19.768000,407.403698807726,11
2024-09-18 09:45:19.782000,407.4299324152984,11
2024-09-18 09:45:19.817000,407.3983531894996,998
2024-09-18 09:45:19.952000,407.4169700473196,11
2024-09-18 09:45:19.973000,407.41185036470927,105
2024-09-18 09:45:19.994000,407.4098168885928,103
2024-09-18 09:45:20.003000,407.4542714627133,8
2024-09-18 09:45:20.057000,407.4517326778914,5
2024-09-18 09:45:20.058000,407.44559440818347,996
2024-09-18 09:45:20.059000,407.4551827056216,7
2024-09-18 09:45:20.117000,407.4513114156812,98
2024-09-18 09:45:20.136000,407.4136057527848,103
2024-09-18 09:45:20.170000,407.462443782995,99
2024-09-18 09:45:20.224000,407.44905147810766,99
2024-09-18 09:45:20.228000,407.42775079426,1000
2024-09-18 09:45:20.282000,407.4044587584602,1002
2024-09-18 09:45:20.401000,407.4338102708208,96
2024-09-18 09:45:20.419000,407.4461043792102,997
2024-09-18 09:45:20.459000,407.416240211865,98
2024-09-18 09:45:20.459000,407.4318049590545,103
2024-09-18 09:45:20.487000,407.4306568977953,997
2024-09-18 09:45:20.511000,407.42701448870696,95
2024-09-18 09:45:20.536000,407.45175582516686,7
2024-09-18 09:45:20.537000,407.41920393602953,98
2024-09-18 09:45:20.552000,407.4482208223095,13
2024-09-18 09:45:20.582000,407.4087607336222,1002
2024-09-18 09:45:20.588000,407.405261227082,1002
2024-09-18 09:45:20.600000,407.4357359029648,100
2024-09-18 09:45:20.655000,407.4532501029404,102
2024-09-18 09:45:20.670000,407.4460548505068,997
2024-09-18 09:45:20.882000,407.4259320690005,1001
2024-09-18 09:45:20.932000,407.4392782536972,999
2024-09-18 09:45:21.127000,407.4773392651394,998
2024-09-18 09:45:21.161000,407.4524476278232,97
2024-09-18 09:45:21.173000,407.4215963006112,6
2024-09-18 09:45:21.265000,407.4287846883945,102
2024-09-18 09:45:21.273000,407.4615549532443,102
2024-09-18 09:45:21.279000,407.4685996835977,99
2024-09-18 09:45:21.290000,407.44657130150273,104
2024-09-18 09:45:21.302000,407.48683959526494,95
2024-09-18 09:45:21.329000,407.4420633352127,995
2024-09-18 09:45:21.387000,407.4251300101533,1000
2024-09-18 09:45:21.466000,407.4476934782141,102
2024-09-18 09:45:21.493000,407.4537630641283,95
2024-09-18 09:45:21.505000,407.4874067951628,1001
2024-09-18 09:45:21.561000,407.4456722252727,1003
2024-09-18 09:45:21.626000,407.45892715370746,104
2024-09-18 09:45:21.782000,407.446631908155,95
2024-09-18 09:45:21.966000,407.4927589507211,100
2024-09-18 09:45:22.055000,407.4211801023964,6
2024-09-18 09:45:22.058000,407.4871388948158,103
2024-09-18 09:45:22.075000,407.4031741946459,9
2024-09-18 09:45:22.092000,407.4706248373637,11
2024-09-18 09:45:22.132000,407.40145433592977,996
2024-09-18 09:45:22.146000,407.4408281092675,98
2024-09-18 09:45:22.224000,407.4272644472438,1001
2024-09-18 09:45:22.242000,407.448903616324,99
2024-09-18 09:45:22.245000,407.41085426671134,1002
2024-09-18 09:45:22.245000,407.4291594445663,99
2024-09-18 09:45:22.302000,407.4612650278907,105
2024-09-18 09:45:22.332000,407.4897599399219,13
2024-09-18 09:45:22.356000,407.4372056876139,99
2024-09-18 09:45:22.367000,407.4057737912582,14
2024-09-18 09:45:22.377000,407.3763457972859,1004
2024-09-18 09:45:22.388000,407.4121498330247,102
2024-09-18 09:45:22.405000,407.4614407880867,98
2024-09-18 09:45:22.483000,407.4288117853647,100
2024-09-18 09:45:22.576000,407.3924556977309,1002
2024-09-18 09:45:22.616000,407.4255509188701,102
2024-09-18 09:45:22.654000,407.3792506938807,1000
2024-09-18 09:45:22.658000,407.43859631042176,999
2024-09-18 09:45:22.660000,407.4122205950559,1005
2024-09-18 09:45:22.690000,407.4458081733895,10
2024-09-18 09:45:22.720000,407.45294700416224,1002
2024-09-18 09:45:22.737000,407.4409894665445,105
2024-09-18 09:45:22.765000,407.4224820714613,13
2024-09-18 09:45:22.808000,407.42250238359776,101
2024-09-18 09:45:22.813000,407.4006062554454,10
2024-09-18 09:45:23.032000,407.4122281025227,997
2024-09-18 09:45:23.039000,407.41843077779714,12
2024-09-18 09:45:23.093000,407.37428965087,101
2024-09-18 09:45:23.121000,407.3553697511544,96
2024-09-18 09:45:23.471000,407.4054467235304,101
2024-09-18 09:45:23.504000,407.36392954544175,7
2024-09-18 09:45:23.613000,407.391447038193,103
2024-09-18 09:45:23.631000,407.39293088574135,7
2024-09-18 09:45:23.717000,407.38358518784327,13
2024-09-18 09:45:23.767000,407.3644535988266,1004
2024-09-18 09:45:23.794000,407.3729357981883,996
2024-09-18 09:45:23.993000,407.40371331665176,1002
2024-09-18 09:45:24.038000,407.3256396869731,101
2024-09-18 09:45:24.164000,407.3332879468847,998
2024-09-18 09:45:24.190000,407.35067784879993,13
2024-09-18 09:45:24.283000,407.3518130591087,103
2024-09-18 09:45:24.351000,407.33377299022754,100
2024-09-18 09:45:24.353000,407.3576876347574,1003
2024-09-18 09:45:24.356000,407.3481309631738,5
2024-09-18 09:45:24.405000,407.37115576283367,10
2024-09-18 09:45:24.412000,407.36841250740736,100
2024-09-18 09:45:24.438000,407.3600838270885,999
2024-09-18 09:45:24.440000,407.3537057196684,1002
2024-09-18 09:45:24.452000,407.36521343888114,99
2024-09-18 09:45:24.498000,407.3567337569624,12
2024-09-18 09:45:24.545000,407.3536689162897,105
2024-09-18 09:45:24.586000,407.3421520382317,12
2024-09-18 09:45:24.600000,407.35472412647255,1002
2024-09-18 09:45:24.625000,407.3673033503848,102
2024-09-18 09:45:24.643000,407.35606487237465,9
2024-09-18 09:45:24.753000,407.34225406175295,100
2024-09-18 09:45:24.783000,407.3416460593062,102
2024-09-18 09:45:24.797000,407.3518680644358,1005
2024-09-18 09:45:24.820000,407.36366301693135,105
2024-09-18 09:45:24.869000,407.3668114419784,97
2024-09-18 09:45:24.881000,407.3441023398335,995
2024-09-18 09:45:24.904000,407.36497852072193,97
2024-09-18 09:45:24.942000,407.3693378158789,99
2024-09-18 09:45:25.013000,407.3081913796594,1003
2024-09-18 09:45:25.060000,407.2957811783128,1003
2024-09-18 09:45:25.130000,407.330412495687,5
2024-09-18 09:45:25.138000,407.2775281128243,103
2024-09-18 09:45:25.182000,407.3346446541374,96
2024-09-18 09:45:25.201000,407.298269471169,8
2024-09-18 09:45:25.229000,407.2797805197405,999
2024-09-18 09:45:25.239000,407.29335500248885,14
2024-09-18 09:45:25.245000,407.3074655933978,999
2024-09-18 09:45:25.313000,407.2966864825387,96
2024-09-18 09:45:25.503000,407.2941106396101,105
2024-09-18 09:45:25.571000,407.3365875876688,1000
2024-09-18 09:45:25.962000,407.2945002882923,12
2024-09-18 09:45:26.020000,407.30406881059184,10
2024-09-18 09:45:26.055000,407.2931854079586,102
2024-09-18 09:45:26.111000,407.25630407327344,6
2024-09-18 09:45:26.163000,407.2696217097367,1003
2024-09-18 09:45:26.179000,407.3140790834639,97
2024-09-18 09:45:26.185000,407.29472542812266,7
2024-09-18 09:45:26.203000,407.33605491246254,101
2024-09-18 09:45:26.323000,407.2915317800289,97
2024-09-18 09:45:26.324000,407.309100141026,98
2024-09-18 09:45:26.329000,407.3041846940637,100
2024-09-18 09:45:26.352000,407.3261230382939,95
2024-09-18 09:45:26.379000,407.291379261452,1002
2024-09-18 09:45:26.390000,407.29825916844,5
2024-09-18 09:45:26.398000,407.3122152871691,13
2024-09-18 09:45:26.415000,407.312335769492,96
2024-09-18 09:45:26.481000,407.3139099795581,1004
2024-09-18 09:45:26.490000,407.25737731800746,998
2024-09-18 09:45:26.516000,407.30369740410646,1004
2024-09-18 09:45:26.516000,407.3284574418705,1003
2024-09-18 09:45:26.526000,407.28143143149657,999
2024-09-18 09:45:26.568000,407.304664948541,997
2024-09-18 09:45:26.582000,407.29082844279,104
2024-09-18 09:45:26.661000,407.2847336916695,102
2024-09-18 09:45:26.682000,407.3015429539761,1003
2024-09-18 09:45:26.792000,407.274931234489,102
2024-09-18 09:45:26.825000,407.30467706102553,95
2024-09-18 09:45:26.854000,407.3010443506036,104
2024-09-18 09:45:26.977000,407.2659633431787,1004
2024-09-18 09:45:27.048000,407.289192030525,8
2024-09-18 09:45:27.088000,407.343928351302,14
2024-09-18 09:45:27.138000,407.3206247806746,95
2024-09-18 09:45:27.232000,407.310590684478,996
2024-09-18 09:45:27.367000,407.3147324627267,105
2024-09-18 09:45:27.618000,407.3301797495575,1004
2024-09-18 09:45:27.837000,407.32754382749033,1000
2024-09-18 09:45:27.977000,407.32422686369216,7
2024-09-18 09:45:27.985000,407.306427689814,15
2024-09-18 09:45:28.395000,407.3022298908767,8
2024-09-18 09:45:28.899000,407.3113603971772,1000
2024-09-18 09:45:29.050000,407.34506671148114,996
2024-09-18 09:45:29.053000,407.3582967417802,1001
2024-09-18 09:45:29.055000,407.2989324081855,1005
2024-09-18 09:45:29.080000,407.3730383656045,1004
2024-09-18 09:45:29.111000,407.3350837216667,104
2024-09-18 09:45:29.144000,407.3206670359505,12
2024-09-18 09:45:29.242000,407.2988255829473,11
2024-09-18 09:45:29.260000,407.28652312822027,6
2024-09-18 09:45:29.271000,407.2811908100751,100
2024-09-18 09:45:29.311000,407.2748466126585,8
2024-09-18 09:45:29.334000,407.2912025023168,998
2024-09-18 09:45:29.401000,407.2740262193099,15
2024-09-18 09:45:29.413000,407.36281466795725,105
2024-09-18 09:45:29.568000,407.3808860451627,13
2024-09-18 09:45:29.595000,407.39383518764737,104
2024-09-18 09:45:29.625000,407.34484299076,14
2024-09-18 09:45:29.642000,407.3639142966492,101
2024-09-18 09:45:29.740000,407.2883839388125,98
2024-09-18 09:45:29.773000,407.3582300948035,101
2024-09-18 09:45:29.837000,407.3645725121404,105
2024-09-18 09:45:29.879000,407.2803933608539,1004
2024-09-18 09:45:29.931000,407.33759527654377,1005
2024-09-18 09:45:29.951000,407.3547047769396,96
2024-09-18 09:45:29.955000,407.3116070120209,103
2024-09-18 09:45:29.997000,407.3985531243593,11
2024-09-18 09:45:30.159000,407.3176418420904,995
2024-09-18 09:45:30.209000,407.3099765013831,13
2024-09-18 09:45:30.335000,407.32279720618135,100
2024-09-18 09:45:30.473000,407.31505723184017,100
2024-09-18 09:45:30.693000,407.31178299544285,99
2024-09-18 09:45:30.852000,407.3303076154819,1004
2024-09-18 09:45:31.006000,407.3506701203005,998
2024-09-18 09:45:31.037000,407.31938746974646,9
2024-09-18 09:45:31.039000,407.4043208484018,1002
2024-09-18 09:45:31.099000,407.2982318573766,97
2024-09-18 09:45:31.099000,407.3180436595357,100
2024-09-18 09:45:31.388000,407.3853650218357,995
2024-09-18 09:45:31.437000,407.3618683100858,1003
2024-09-18 09:45:31.440000,407.3831196575975,96
2024-09-18 09:45:31.453000,407.3238056192661,1002
2024-09-18 09:45:31.630000,407.3238082742993,101
2024-09-18 09:45:31.682000,407.2931240452968,1000
2024-09-18 09:45:31.715000,407.3504472674342,97
2024-09-18 09:45:31.771000,407.30588028907374,1000
2024-09-18 09:45:31.772000,407.2929854544703,6
2024-09-18 09:45:31.833000,407.3814777929372,105
2024-09-18 09:45:31.919000,407.30470145657,14
2024-09-18 09:45:31.950000,407.32535042899696,1001
2024-09-18 09:45:32.123000,407.3640017125491,99
2024-09-18 09:45:32.189000,407.33564122359496,1003
2024-09-18 09:45:32.192000,407.3287956531878,7
2024-09-18 09:45:32.311000,407.37052000028615,1000
2024-09-18 09:45:32.378000,407.387571013938,5
2024-09-18 09:45:32.525000,407.341140702641,1004
2024-09-18 09:45:32.560000,407.3559919540315,14
2024-09-18 09:45:32.603000,407.34200348964777,104
2024-09-18 09:45:32.686000,407.3715223307882,9
2024-09-18 09:45:32.689000,407.3584025620145,995
2024-09-18 09:45:32.698000,407.3801637328832,11
2024-09-18 09:45:32.745000,407.37985106442335,104
2024-09-18 09:45:32.905000,407.4067849046261,1003
2024-09-18 09:45:32.908000,407.3672312283601,1002
2024-09-18 09:45:33.143000,407.3162401686106,13
2024-09-18 09:45:33.168000,407.3068151874565,996
2024-09-18 09:45:33.246000,407.3146827794173,96
2024-09-18 09:45:33.390000,407.2995753955682,97
2024-09-18 09:45:33.523000,407.3172002154553,97
2024-09-18 09:45:33.544000,407.3039810930931,97
2024-09-18 09:45:33.601000,407.3104159806354,102
2024-09-18 09:45:33.606000,407.3348012438998,1004
2024-09-18 09:45:33.685000,407.310903826081,1005
2024-09-18 09:45:33.753000,407.2940550518856,1002
2024-09-18 09:45:33.833000,407.3037916075068,996
2024-09-18 09:45:33.933000,407.30969611565433,7
2024-09-18 09:45:33.943000,407.3171554977866,997
2024-09-18 09:45:33.958000,407.3081964388919,1005
2024-09-18 09:45:34.040000,407.2676022836896,1004
2024-09-18 09:45:34.065000,407.27451257488855,99
2024-09-18 09:45:34.143000,407.290072597084,997
2024-09-18 09:45:34.158000,407.283156282218,104
2024-09-18 09:45:34.240000,407.28276545590273,104
2024-09-18 09:45:34.246000,407.2582625729378,98
2024-09-18 09:45:34.287000,407.2444389504941,996
2024-09-18 09:45:34.289000,407.2788874618698,95
2024-09-18 09:45:34.313000,407.227840716488,10
2024-09-18 09:45:34.326000,407.2786919090528,97
2024-09-18 09:45:34.375000,407.2536529673486,9
2024-09-18 09:45:34.514000,407.2832971688664,5
2024-09-18 09:45:34.515000,407.2897252904264,98
2024-09-18 09:45:34.572000,407.2537802475413,1001
2024-09-18 09:45:34.620000,407.2781050377221,1001
2024-09-18 09:45:34.639000,407.28954645730965,9
2024-09-18 09:45:34.645000,407.2419441215709,97
2024-09-18 09:45:34.647000,407.2633545732415,15
2024-09-18 09:45:34.677000,407.291181057539,9
2024-09-18 09:45:34.727000,407.2604344160298,99
2024-09-18 09:45:34.732000,407.2837159062044,96
2024-09-18 09:45:34.906000,407.2800825685754,104
2024-09-18 09:45:34.973000,407.24700721838434,996
2024-09-18 09:45:35.140000,407.2608819205712,10
2024-09-18 09:45:35.193000,407.26515936913216,5
2024-09-18 09:45:35.272000,407.2667374156031,1002
2024-09-18 09:45:35.538000,407.2522922194744,103
2024-09-18 09:45:35.639000,407.2700948142413,101
2024-09-18 09:45:36.069000,407.24813162971634,100
2024-09-18 09:45:36.141000,407.283354608288,997
2024-09-18 09:45:36.212000,407.2765501265101,101
2024-09-18 09:45:36.250000,407.2563709412916,15
2024-09-18 09:45:36.253000,407.293543399556,105
2024-09-18 09:45:36.278000,407.2586278943166,96
2024-09-18 09:45:36.299000,407.2795228440315,6
2024-09-18 09:45:36.316000,407.25714241419183,99
2024-09-18 09:45:36.320000,407.2906326504762,95
2024-09-18 09:45:36.338000,407.2875691738397,13
2024-09-18 09:45:36.386000,407.2668475770186,995
2024-09-18 09:45:36.486000,407.2998702875083,5
2024-09-18 09:45:36.546000,407.2851304504792,100
2024-09-18 09:45:36.567000,407.2994708848153,11
2024-09-18 09:45:36.644000,407.2826832218507,9
2024-09-18 09:45:36.653000,407.276809066434,98
2024-09-18 09:45:36.682000,407.2902657141283,102
2024-09-18 09:45:36.684000,407.290727294771,13
2024-09-18 09:45:36.741000,407.28672503205695,8
2024-09-18 09:45:36.787000,407.2905502653675,104
2024-09-18 09:45:36.797000,407.3024761622374,14
2024-09-18 09:45:36.906000,407.2769546531735,14
2024-09-18 09:45:36.939000,407.2343500427425,10
2024-09-18 09:45:36.958000,407.27251899021866,99
2024-09-18 09:45:37.198000,407.29365605524185,102
2024-09-18 09:45:37.272000,407.2947779498322,1001
2024-09-18 09:45:37.434000,407.3199809188264,103
2024-09-18 09:45:37.439000,407.31126420489545,11
2024-09-18 09:45:37.455000,407.2979565375745,104
2024-09-18 09:45:37.626000,407.2872343056691,13
2024-09-18 09:45:37.628000,407.2874697152409,10
2024-09-18 09:45:37.843000,407.3086212387419,1000
2024-09-18 09:45:37.867000,407.3111793451377,102
2024-09-18 09:45:37.878000,407.282505082172,1003
2024-09-18 09:45:37.906000,407.2947795290983,997
2024-09-18 09:45:38.008000,407.329782483972,996
2024-09-18 09:45:38.206000,407.3323741876037,13
2024-09-18 09:45:38.218000,407.3205658279129,13
2024-09-18 09:45:38.230000,407.3442393668971,96
2024-09-18 09:45:38.256000,407.3418170309615,98
2024-09-18 09:45:38.380000,407.32416986934646,15
2024-09-18 09:45:38.391000,407.3418979671199,6
2024-09-18 09:45:38.403000,407.3159301433631,11
2024-09-18 09:45:38.418000,407.3280154185175,11
2024-09-18 09:45:38.498000,407.3123275850998,97
2024-09-18 09:45:38.500000,407.3374004406964,102
2024-09-18 09:45:38.588000,407.3273605479189,998
2024-09-18 09:45:38.684000,407.3193031899898,100
2024-09-18 09:45:38.749000,407.3477499392407,14
2024-09-18 09:45:38.778000,407.3225945705916,1001
2024-09-18 09:45:38.857000,407.3129815147549,101
2024-09-18 09:45:38.907000,407.3345673932643,8
2024-09-18 09:45:38.935000,407.32473627874384,14
2024-09-18 09:45:39.261000,407.340853547117,5
2024-09-18 09:45:39.401000,407.3294884398856,9
2024-09-18 09:45:40.025000,407.3689522889831,7
2024-09-18 09:45:40.055000,407.3335661596833,1002
2024-09-18 09:45:40.108000,407.3450412209176,1001
2024-09-18 09:45:40.148000,407.354071503024,100
2024-09-18 09:45:40.180000,407.38615308389313,995
2024-09-18 09:45:40.246000,407.3878832212178,101
2024-09-18 09:45:40.313000,407.30012570927056,9
2024-09-18 09:45:40.339000,407.3231094011766,103
2024-09-18 09:45:40.405000,407.37046350987447,97
2024-09-18 09:45:40.427000,407.34248815064126,103
2024-09-18 09:45:40.461000,407.3262895669328,14
2024-09-18 09:45:40.515000,407.3715137050959,99
2024-09-18 09:45:40.525000,407.37821334335945,1002
2024-09-18 09:45:40.544000,407.3659921577213,97
2024-09-18 09:45:40.553000,407.3765701549207,1003
2024-09-18 09:45:40.556000,407.31425540115424,995
2024-09-18 09:45:40.594000,407.364465007499,101
2024-09-18 09:45:40.610000,407.3025875741905,11
2024-09-18 09:45:40.650000,407.37609944668617,104
2024-09-18 09:45:40.691000,407.3043576541591,13
2024-09-18 09:45:40.697000,407.37664290517375,96
2024-09-18 09:45:40.770000,407.35522447718665,998
2024-09-18 09:45:40.844000,407.2997867978686,1004
2024-09-18 09:45:40.859000,407.3415930810291,98
2024-09-18 09:45:40.997000,407.3564615115921,101
2024-09-18 09:45:41.138000,407.2742678758488,98
2024-09-18 09:45:41.152000,407.30722945083886,10
2024-09-18 09:45:41.206000,407.3021013526957,997
2024-09-18 09:45:41.215000,407.2589224771324,13
2024-09-18 09:45:41.220000,407.2762464669796,15
2024-09-18 09:45:41.233000,407.29716145173546,15
2024-09-18 09:45:41.292000,407.3092171962001,13
2024-09-18 09:45:41.371000,407.2835763103882,97
2024-09-18 09:45:41.385000,407.2631304348411,9
2024-09-18 09:45:41.395000,407.2986369043324,5
2024-09-18 09:45:41.425000,407.2922090875619,14
2024-09-18 09:45:41.467000,407.2409407142438,1000
2024-09-18 09:45:41.469000,407.311043735241,998
2024-09-18 09:45:41.486000,407.2441914011912,1005
2024-09-18 09:45:41.516000,407.3141312205787,100
2024-09-18 09:45:41.546000,407.2437581408359,10
2024-09-18 09:45:41.548000,407.2942086270314,996
2024-09-18 09:45:41.577000,407.22473251215456,1003
2024-09-18 09:45:41.588000,407.3203199480408,97
2024-09-18 09:45:41.785000,407.3307195466795,103
2024-09-18 09:45:41.796000,407.2952442983065,97
2024-09-18 09:45:41.813000,407.2686636759312,998
2024-09-18 09:45:41.847000,407.29355727882944,999
2024-09-18 09:45:41.898000,407.2980653712985,98
2024-09-18 09:45:41.964000,407.2875427846256,7
2024-09-18 09:45:41.991000,407.302380441477,99
2024-09-18 09:45:42.439000,407.2372068987843,15
2024-09-18 09:45:42.930000,407.23614628139154,996
2024-09-18 09:45:43.025000,407.2854549807611,101
2024-09-18 09:45:43.157000,407.27290281722645,98
2024-09-18 09:45:43.267000,407.271231023268,999
2024-09-18 09:45:43.329000,407.2813498857872,96
2024-09-18 09:45:43.350000,407.262534905497,101
2024-09-18 09:45:43.350000,407.2783918843605,995
2024-09-18 09:45:43.403000,407.2841159329243,1004
2024-09-18 09:45:43.422000,407.27529091329217,8
2024-09-18 09:45:43.516000,407.24435825211424,102
2024-09-18 09:45:43.585000,407.29386448363294,997
2024-09-18 09:45:43.718000,407.28492374847553,1004
2024-09-18 09:45:43.719000,407.28574015146353,998
2024-09-18 09:45:43.737000,407.25281190007536,998
2024-09-18 09:45:43.745000,407.2904721347512,9
2024-09-18 09:45:43.821000,407.24084924377325,104
2024-09-18 09:45:43.983000,407.2759505135797,13
2024-09-18 09:45:44.070000,407.3421485909948,10
2024-09-18 09:45:44.082000,407.3502383480124,1002
2024-09-18 09:45:44.172000,407.2961502442053,13
2024-09-18 09:45:44.197000,407.2815017996477,999
2024-09-18 09:45:44.304000,407.2600903102687,999
2024-09-18 09:45:44.325000,407.2792628591231,100
2024-09-18 09:45:44.327000,407.2766400877496,101
2024-09-18 09:45:44.329000,407.3228032068642,6
2024-09-18 09:45:44.359000,407.29060111422064,103
2024-09-18 09:45:44.395000,407.3678957187309,15
2024-09-18 09:45:44.434000,407.3422484864751,99
2024-09-18 09:45:44.509000,407.355564632453,11
2024-09-18 09:45:44.550000,407.27866791839375,101
2024-09-18 09:45:44.572000,407.3443916333498,1004
2024-09-18 09:45:44.596000,407.287620219712,96
2024-09-18 09:45:44.606000,407.2986575248204,101
2024-09-18 09:45:44.629000,407.3271658200635,5
2024-09-18 09:45:44.649000,407.2925326635995,1001
2024-09-18 09:45:44.655000,407.3047609866978,998
2024-09-18 09:45:44.688000,407.3809744796321,995
2024-09-18 09:45:44.700000,407.3046091803842,998
2024-09-18 09:45:44.733000,407.3206813388604,96
2024-09-18 09:45:44.760000,407.2989098138233,6
2024-09-18 09:45:44.773000,407.3633634688794,1004
2024-09-18 09:45:44.775000,407.3438484062146,99
2024-09-18 09:45:44.812000,407.2738798716824,11
2024-09-18 09:45:44.835000,407.2885378887627,1004
2024-09-18 09:45:44.949000,407.3445909956216,14
2024-09-18 09:45:45.018000,407.3150115209968,95
2024-09-18 09:45:45.184000,407.3125927906135,96
2024-09-18 09:45:45.287000,407.33315184616623,101
2024-09-18 09:45:45.456000,407.339371381078,1000
2024-09-18 09:45:45.491000,407.3029978905644,7
2024-09-18 09:45:45.689000,407.3452665188577,8
2024-09-18 09:45:45.809000,407.3357210914739,5
2024-09-18 09:45:45.895000,407.311313608365,15
2024-09-18 09:45:45.898000,407.3137719302662,11
2024-09-18 09:45:45.941000,407.34216115261165,12
2024-09-18 09:45:46.028000,407.301953312984,1000
2024-09-18 09:45:46.188000,407.317614021525,1000
2024-09-18 09:45:46.215000,407.2890472301173,1001
2024-09-18 09:45:46.590000,407.3249858544936,100
2024-09-18 09:45:46.861000,407.28379141310137,1002
2024-09-18 09:45:47.056000,407.3082216376764,1002
2024-09-18 09:45:47.103000,407.2981397040221,9
2024-09-18 09:45:47.149000,407.304065917074,996
2024-09-18 09:45:47.246000,407.3603177652412,996
2024-09-18 09:45:47.275000,407.3274777594934,995
2024-09-18 09:45:47.325000,407.3093220864622,1004
2024-09-18 09:45:47.447000,407.3416528922355,997
2024-09-18 09:45:47.447000,407.30343384408206,998
2024-09-18 09:45:47.458000,407.346378721982,101
2024-09-18 09:45:47.681000,407.30431344826553,10
2024-09-18 09:45:47.692000,407.3159672817086,99
2024-09-18 09:45:47.746000,407.3113551947226,96
2024-09-18 09:45:47.776000,407.3116390777248,11
2024-09-18 09:45:47.827000,407.3005073753381,1003
2024-09-18 09:45:47.886000,407.32322698471415,105
2024-09-18 09:45:47.933000,407.3005016312059,7
2024-09-18 09:45:48.180000,407.3088312641781,998
2024-09-18 09:45:48.535000,407.3001095165935,995
2024-09-18 09:45:48.932000,407.29287384846094,1002
2024-09-18 09:45:48.951000,407.30980407508815,1002
2024-09-18 09:45:49.257000,407.2779778828989,995
2024-09-18 09:45:49.266000,407.3125152980732,99
2024-09-18 09:45:49.302000,407.28215485264303,6
2024-09-18 09:45:49.307000,407.2580630879779,8
2024-09-18 09:45:49.373000,407.2929390591345,101
2024-09-18 09:45:49.405000,407.2917880609717,7
2024-09-18 09:45:49.450000,407.288326682222,15
2024-09-18 09:45:49.465000,407.2969236788793,10
2024-09-18 09:45:49.500000,407.2704015476913,98
2024-09-18 09:45:49.570000,407.2807655710847,12
2024-09-18 09:45:49.750000,407.2941163609192,105
2024-09-18 09:45:50.003000,407.3978060729482,997
2024-09-18 09:45:50.039000,407.33144883704864,7
2024-09-18 09:45:50.052000,407.3362903404219,98
2024-09-18 09:45:50.082000,407.34121377295753,7
2024-09-18 09:45:50.212000,407.25564160304185,1000
2024-09-18 09:45:50.221000,407.39897127786014,996
2024-09-18 09:45:50.277000,407.3021325658726,997
2024-09-18 09:45:50.359000,407.36068932290095,7
2024-09-18 09:45:50.406000,407.3422838652074,10
2024-09-18 09:45:50.408000,407.3841270097324,8
2024-09-18 09:45:50.416000,407.25172579701416,105
2024-09-18 09:45:50.515000,407.3659140574473,11
2024-09-18 09:45:50.552000,407.33381744882666,96
2024-09-18 09:45:50.560000,407.2410602105143,999
2024-09-18 09:45:50.569000,407.2790605681117,95
2024-09-18 09:45:50.635000,407.3625936280424,1003
2024-09-18 09:45:50.699000,407.3485324241001,1002
2024-09-18 09:45:50.700000,407.3431912865382,1002
2024-09-18 09:45:50.740000,407.26832915059697,996
2024-09-18 09:45:50.787000,407.2697852236759,10
2024-09-18 09:45:50.889000,407.32295956595175,96
2024-09-18 09:45:50.905000,407.3170756568767,1002
2024-09-18 09:45:50.917000,407.2397517663297,996
2024-09-18 09:45:50.968000,407.2709283939844,1000
2024-09-18 09:45:50.991000,407.3548524398817,999
2024-09-18 09:45:51.304000,407.4259103417838,995
2024-09-18 09:45:51.309000,407.4077088075978,95
2024-09-18 09:45:51.543000,407.4322751869388,15
2024-09-18 09:45:51.809000,407.4190674743844,6
2024-09-18 09:45:52.005000,407.3858960442577,1002
2024-09-18 09:45:52.038000,407.42411464466886,995
2024-09-18 09:45:52.041000,407.402103514742,13
2024-09-18 09:45:52.054000,407.410353312474,9
2024-09-18 09:45:52.084000,407.39966840453735,14
2024-09-18 09:45:52.153000,407.4277864476217,1001
2024-09-18 09:45:52.194000,407.385352785288,1002
2024-09-18 09:45:52.221000,407.4127958815051,997
2024-09-18 09:45:52.253000,407.4174804156461,13
2024-09-18 09:45:52.285000,407.4140668252219,105
2024-09-18 09:45:52.330000,407.40472655916295,10
2024-09-18 09:45:52.340000,407.4181174982344,1001
2024-09-18 09:45:52.386000,407.4084244007339,99
2024-09-18 09:45:52.418000,407.3692891060381,103
2024-09-18 09:45:52.426000,407.405819872872,10
2024-09-18 09:45:52.431000,407.4238711114082,1000
2024-09-18 09:45:52.491000,407.4131337262686,96
2024-09-18 09:45:52.493000,407.4107310715274,99
2024-09-18 09:45:52.595000,407.390908953657,5
2024-09-18 09:45:52.789000,407.4006402906355,996
2024-09-18 09:45:52.872000,407.4282580341696,11
2024-09-18 09:45:52.881000,407.4011093771284,101
2024-09-18 09:45:52.919000,407.4053751692071,1002
2024-09-18 09:45:52.922000,407.4221116525999,997
2024-09-18 09:45:52.925000,407.4065618179959,11
2024-09-18 09:45:53.800000,407.3992966937062,10
2024-09-18 09:45:53.855000,407.3921242927161,105
2024-09-18 09:45:54.030000,407.3781636801029,102
2024-09-18 09:45:54.056000,407.4055425428648,995
2024-09-18 09:45:54.067000,407.4016966140085,12
2024-09-18 09:45:54.079000,407.37819063443146,997
2024-09-18 09:45:54.112000,407.40404026858687,96
2024-09-18 09:45:54.228000,407.3698391204948,11
2024-09-18 09:45:54.395000,407.3980035516236,10
2024-09-18 09:45:54.401000,407.388701918175,998
2024-09-18 09:45:54.403000,407.3686824305248,10
2024-09-18 09:45:54.458000,407.3785587304861,13
2024-09-18 09:45:54.462000,407.3908023749554,996
2024-09-18 09:45:54.463000,407.3904842986526,999
2024-09-18 09:45:54.519000,407.3557019676081,7
2024-09-18 09:45:54.533000,407.38551171807205,999
2024-09-18 09:45:54.587000,407.3768649780108,5
2024-09-18 09:45:54.651000,407.3611983499296,103
2024-09-18 09:45:54.684000,407.3640732705281,11
2024-09-18 09:45:54.743000,407.4018621779554,1001
2024-09-18 09:45:55.002000,407.40822443572864,14
2024-09-18 09:45:55.249000,407.3579812780952,12
2024-09-18 09:45:55.262000,407.4059174702962,8
2024-09-18 09:45:55.456000,407.38482806158993,999
2024-09-18 09:45:55.490000,407.38207015639017,10
2024-09-18 09:45:55.526000,407.37357944329176,98
2024-09-18 09:45:55.545000,407.3445847823368,1001
2024-09-18 09:45:55.572000,407.3418054109864,1002
2024-09-18 09:45:55.599000,407.3804176460128,96
2024-09-18 09:45:55.602000,407.3916373449157,1000
2024-09-18 09:45:55.742000,407.412796419746,105
2024-09-18 09:45:55.799000,407.3967195098669,999
2024-09-18 09:45:55.862000,407.374919311809,7
2024-09-18 09:45:55.926000,407.3709894340837,5
2024-09-18 09:45:55.926000,407.4073907423699,11
2024-09-18 09:45:55.986000,407.3762011712688,9
2024-09-18 09:45:56.092000,407.3456248388995,998
2024-09-18 09:45:56.181000,407.33919198974775,10
2024-09-18 09:45:56.199000,407.3521729685228,1004
2024-09-18 09:45:56.278000,407.34520981423503,10
2024-09-18 09:45:56.372000,407.3428913725463,6
2024-09-18 09:45:56.400000,407.3267521155415,7
2024-09-18 09:45:56.432000,407.3504246460841,1000
2024-09-18 09:45:56.486000,407.34536388554966,1002
2024-09-18 09:45:56.612000,407.3503618193499,8
2024-09-18 09:45:56.625000,407.3314398550419,13
2024-09-18 09:45:56.633000,407.34875885326335,104
2024-09-18 09:45:56.709000,407.3593857836328,6
2024-09-18 09:45:56.747000,407.3437523859752,1004
2024-09-18 09:45:56.786000,407.3600157391508,102
2024-09-18 09:45:56.859000,407.369590557212,1003
2024-09-18 09:45:56.888000,407.3649566502126,998
2024-09-18 09:45:56.905000,407.38916537213817,12
2024-09-18 09:45:56.952000,407.3430444243016,104
2024-09-18 09:45:56.960000,407.3909502614188,95
2024-09-18 09:45:57.197000,407.36902511304487,102
2024-09-18 09:45:57.428000,407.3723515257533,96
2024-09-18 09:45:58.042000,407.40623183775,8
2024-09-18 09:45:58.090000,407.3784646111413,5
2024-09-18 09:45:58.096000,407.4178320393542,999
2024-09-18 09:45:58.159000,407.3828353458255,5
2024-09-18 09:45:58.237000,407.3858731712054,1003
2024-09-18 09:45:58.347000,407.3865318724477,99
2024-09-18 09:45:58.350000,407.3826211688545,101
2024-09-18 09:45:58.405000,407.38185869329385,998
2024-09-18 09:45:58.437000,407.4029502487683,102
2024-09-18 09:45:58.588000,407.41499553397415,996
2024-09-18 09:45:58.685000,407.403269137319,1001
2024-09-18 09:45:58.796000,407.4133016459317,98
2024-09-18 09:45:58.818000,407.39591455635895,999
2024-09-18 09:45:58.880000,407.3792920328224,100
2024-09-18 09:45:59.040000,407.3430484742029,998
2024-09-18 09:45:59.062000,407.3944352115069,15
2024-09-18 09:45:59.087000,407.38029520477016,12
2024-09-18 09:45:59.094000,407.3910201228986,101
2024-09-18 09:45:59.110000,407.3852282357028,98
2024-09-18 09:45:59.158000,407.38290185810496,104
2024-09-18 09:45:59.259000,407.3614941704162,98
2024-09-18 09:45:59.291000,407.3955160568359,1003
2024-09-18 09:45:59.297000,407.3603387105936,12
2024-09-18 09:45:59.355000,407.3801256063144,7
2024-09-18 09:45:59.512000,407.3884145032988,102
2024-09-18 09:45:59.537000,407.3695762306821,8
2024-09-18 09:45:59.571000,407.381400942568,1004
2024-09-18 09:45:59.818000,407.3843304795453,104
2024-09-18 09:45:59.853000,407.39073636965645,95
2024-09-18 09:45:59.855000,407.37199594252,97
