Timestamp,Price,Size
2024-09-16 09:54:00.012000,418.93770890889147,97
2024-09-16 09:54:00.030000,418.91107876651824,104
2024-09-16 09:54:00.093000,418.9360058345723,996
2024-09-16 09:54:00.251000,418.9413441055775,15
2024-09-16 09:54:00.264000,418.8833435153554,1000
2024-09-16 09:54:00.274000,418.9402055510862,95
2024-09-16 09:54:00.300000,418.9081131993213,1000
2024-09-16 09:54:00.356000,418.9456703561005,104
2024-09-16 09:54:00.407000,418.9137129509975,15
2024-09-16 09:54:00.494000,418.9496544267012,996
2024-09-16 09:54:00.582000,418.9420594230779,15
2024-09-16 09:54:00.602000,418.8886813233088,1002
2024-09-16 09:54:00.603000,418.9586463188202,102
2024-09-16 09:54:00.607000,418.9507897647573,101
2024-09-16 09:54:00.734000,418.97342098288914,1002
2024-09-16 09:54:00.738000,418.9506577524207,1004
2024-09-16 09:54:00.787000,418.9389833426206,15
2024-09-16 09:54:00.807000,418.9284413889402,100
2024-09-16 09:54:00.822000,418.9365074490378,1002
2024-09-16 09:54:00.834000,418.9255539235382,12
2024-09-16 09:54:01.495000,418.92825801836335,1004
2024-09-16 09:54:02.026000,418.9010400893423,13
2024-09-16 09:54:02.051000,418.9193538186091,9
2024-09-16 09:54:02.097000,418.92232092466986,100
2024-09-16 09:54:02.103000,418.9360775008849,1004
2024-09-16 09:54:02.115000,418.90028535747257,1005
2024-09-16 09:54:02.309000,418.9455509080143,1001
2024-09-16 09:54:02.328000,418.94115906120464,15
2024-09-16 09:54:02.364000,418.9132800467325,104
2024-09-16 09:54:02.410000,418.9142377825141,14
2024-09-16 09:54:02.469000,418.9153378146147,1004
2024-09-16 09:54:02.566000,418.9112377065746,999
2024-09-16 09:54:02.684000,418.89341306490127,9
2024-09-16 09:54:02.864000,418.91646381942246,7
2024-09-16 09:54:03.159000,418.91896219575335,998
2024-09-16 09:54:03.162000,418.8929385469468,103
2024-09-16 09:54:03.282000,418.9448579484396,1004
2024-09-16 09:54:03.295000,418.9314616715821,8
2024-09-16 09:54:03.303000,418.8741278559852,995
2024-09-16 09:54:03.341000,418.9370195336472,101
2024-09-16 09:54:03.426000,418.9085911831892,1004
2024-09-16 09:54:03.441000,418.8876624337424,9
2024-09-16 09:54:03.460000,418.8977419797546,95
2024-09-16 09:54:03.499000,418.9154332653035,1000
2024-09-16 09:54:03.538000,418.8999321276424,1002
2024-09-16 09:54:03.553000,418.88531239422167,96
2024-09-16 09:54:03.607000,418.9240030371061,11
2024-09-16 09:54:03.677000,418.9201953295951,995
2024-09-16 09:54:03.692000,418.93436260212775,9
2024-09-16 09:54:03.747000,418.9434929343839,10
2024-09-16 09:54:03.755000,418.86535098850266,1003
2024-09-16 09:54:03.773000,418.8661832128077,97
2024-09-16 09:54:03.972000,418.93162191700776,96
2024-09-16 09:54:04.154000,418.8458774651492,5
2024-09-16 09:54:04.233000,418.8475038224515,1005
2024-09-16 09:54:04.277000,418.84667057600257,14
2024-09-16 09:54:04.384000,418.8385084500279,6
2024-09-16 09:54:04.504000,418.831705972296,11
2024-09-16 09:54:04.629000,418.8962752008005,15
2024-09-16 09:54:04.957000,418.8755218635761,96
2024-09-16 09:54:05.150000,418.83746686648806,1004
2024-09-16 09:54:05.180000,418.8335000475656,1002
2024-09-16 09:54:05.622000,418.8458065908205,95
2024-09-16 09:54:05.756000,418.8386157937563,1000
2024-09-16 09:54:05.791000,418.8344252136392,101
2024-09-16 09:54:05.892000,418.8445935359783,8
2024-09-16 09:54:05.943000,418.8462857411285,997
2024-09-16 09:54:06.006000,418.795976254085,997
2024-09-16 09:54:06.022000,418.8105625109766,10
2024-09-16 09:54:06.127000,418.8115164875084,1003
2024-09-16 09:54:06.207000,418.8211311769303,101
2024-09-16 09:54:06.290000,418.836493750055,996
2024-09-16 09:54:06.311000,418.8072721665644,999
2024-09-16 09:54:06.403000,418.8210206484613,95
2024-09-16 09:54:06.407000,418.8462583171972,102
2024-09-16 09:54:06.474000,418.8229945241548,997
2024-09-16 09:54:06.487000,418.7931025969023,95
2024-09-16 09:54:06.518000,418.850920605127,7
2024-09-16 09:54:06.542000,418.8196058208175,103
2024-09-16 09:54:06.604000,418.8296301099035,99
2024-09-16 09:54:06.661000,418.8261857296817,9
2024-09-16 09:54:06.773000,418.7912819173466,97
2024-09-16 09:54:06.840000,418.8555779006381,12
2024-09-16 09:54:06.996000,418.7855772313953,97
2024-09-16 09:54:07.344000,418.8343050770598,99
2024-09-16 09:54:07.456000,418.8057760062043,996
2024-09-16 09:54:07.484000,418.8041856892125,996
2024-09-16 09:54:07.616000,418.8163632350789,1001
2024-09-16 09:54:07.639000,418.8533306988629,7
2024-09-16 09:54:07.957000,418.821264089931,11
2024-09-16 09:54:08.041000,418.8396067401942,105
2024-09-16 09:54:08.046000,418.8828715480885,96
2024-09-16 09:54:08.224000,418.8298756341657,103
2024-09-16 09:54:08.405000,418.86922898163016,996
2024-09-16 09:54:08.440000,418.8884078560116,9
2024-09-16 09:54:08.524000,418.8346240004456,97
2024-09-16 09:54:08.565000,418.8513385736084,97
2024-09-16 09:54:08.591000,418.8793488059261,9
2024-09-16 09:54:08.612000,418.8509031331512,95
2024-09-16 09:54:08.613000,418.83311934464814,104
2024-09-16 09:54:08.614000,418.86801360041954,1001
2024-09-16 09:54:08.749000,418.8683987734073,1002
2024-09-16 09:54:08.771000,418.88525735974775,999
2024-09-16 09:54:08.845000,418.8805854152486,103
2024-09-16 09:54:08.850000,418.8686125478405,6
2024-09-16 09:54:08.878000,418.8896765410783,95
2024-09-16 09:54:08.887000,418.8426429670645,1004
2024-09-16 09:54:08.922000,418.845669995444,998
2024-09-16 09:54:09.113000,418.85149268881696,1000
2024-09-16 09:54:09.128000,418.8737419587824,95
2024-09-16 09:54:09.178000,418.8540017857442,104
2024-09-16 09:54:09.468000,418.8368981599603,99
2024-09-16 09:54:09.740000,418.8628644368477,96
2024-09-16 09:54:10.161000,418.8538464656161,14
2024-09-16 09:54:10.493000,418.8605187611928,1005
2024-09-16 09:54:10.602000,418.8705956833204,99
2024-09-16 09:54:10.797000,418.8475273278626,998
2024-09-16 09:54:11.028000,418.8486476875044,103
2024-09-16 09:54:11.579000,418.84922400524897,995
2024-09-16 09:54:12.288000,418.8422672213261,96
2024-09-16 09:54:12.365000,418.831147459427,1000
2024-09-16 09:54:12.459000,418.8368623689666,996
2024-09-16 09:54:12.710000,418.8458134729028,999
2024-09-16 09:54:12.824000,418.8298349619694,1004
2024-09-16 09:54:12.992000,418.8288804100253,6
2024-09-16 09:54:13.049000,418.7385444935256,995
2024-09-16 09:54:13.101000,418.8039634410069,104
2024-09-16 09:54:13.103000,418.74915752784665,95
2024-09-16 09:54:13.118000,418.7863386552877,11
2024-09-16 09:54:13.139000,418.7611191635478,5
2024-09-16 09:54:13.183000,418.7456253272403,103
2024-09-16 09:54:13.417000,418.7777740190145,103
2024-09-16 09:54:13.464000,418.7553695309759,5
2024-09-16 09:54:13.471000,418.8299651161523,15
2024-09-16 09:54:13.474000,418.7363286186242,1002
2024-09-16 09:54:13.590000,418.7360040966414,101
2024-09-16 09:54:13.696000,418.74161623428427,1003
2024-09-16 09:54:13.704000,418.7938331709249,103
2024-09-16 09:54:13.718000,418.7211985969985,1000
2024-09-16 09:54:13.816000,418.7411353923881,14
2024-09-16 09:54:13.853000,418.7440506646845,997
2024-09-16 09:54:13.854000,418.769948505864,13
2024-09-16 09:54:13.943000,418.7273921774344,95
2024-09-16 09:54:14.112000,418.7759476568519,102
2024-09-16 09:54:14.136000,418.81454465299856,15
2024-09-16 09:54:14.231000,418.8214122679457,1004
2024-09-16 09:54:14.567000,418.7859633687729,10
2024-09-16 09:54:14.622000,418.80335604839183,1001
2024-09-16 09:54:14.730000,418.7868586752175,95
2024-09-16 09:54:14.753000,418.80052661598137,996
2024-09-16 09:54:15.118000,418.79450196879696,13
2024-09-16 09:54:15.164000,418.79920858658113,96
2024-09-16 09:54:15.331000,418.7696190790192,1003
2024-09-16 09:54:15.404000,418.8004258437431,15
2024-09-16 09:54:15.500000,418.7785698941445,1001
2024-09-16 09:54:15.512000,418.79532968366215,1005
2024-09-16 09:54:15.576000,418.79634256544136,99
2024-09-16 09:54:15.876000,418.8255188734889,995
2024-09-16 09:54:15.924000,418.8010975593842,15
2024-09-16 09:54:16.049000,418.7151754057813,6
2024-09-16 09:54:16.090000,418.73966261385095,13
2024-09-16 09:54:16.102000,418.75955208751753,104
2024-09-16 09:54:16.123000,418.7343787157368,9
2024-09-16 09:54:16.176000,418.8127716438133,6
2024-09-16 09:54:16.262000,418.7399369178737,7
2024-09-16 09:54:16.265000,418.7119682622013,95
2024-09-16 09:54:16.279000,418.77961661273946,99
2024-09-16 09:54:16.343000,418.7812920004134,99
2024-09-16 09:54:16.482000,418.74087386310833,1000
2024-09-16 09:54:16.545000,418.8081727096143,96
2024-09-16 09:54:16.666000,418.7792186789831,95
2024-09-16 09:54:16.685000,418.7083442125095,97
2024-09-16 09:54:16.727000,418.7252173443604,995
2024-09-16 09:54:16.738000,418.7337220332058,98
2024-09-16 09:54:16.824000,418.7439975713383,96
2024-09-16 09:54:16.886000,418.7418494887472,1001
2024-09-16 09:54:16.895000,418.7219226077072,10
2024-09-16 09:54:17.032000,418.7610443912392,100
2024-09-16 09:54:17.186000,418.755086394804,1004
2024-09-16 09:54:17.306000,418.74844338518926,998
2024-09-16 09:54:17.328000,418.75340076886215,104
2024-09-16 09:54:17.363000,418.73887609154457,1001
2024-09-16 09:54:17.398000,418.7243843738924,99
2024-09-16 09:54:17.430000,418.7499456964653,995
2024-09-16 09:54:17.544000,418.74988329036097,99
2024-09-16 09:54:17.636000,418.7357742546817,14
2024-09-16 09:54:17.694000,418.75308799042665,10
2024-09-16 09:54:17.746000,418.71768392701006,10
2024-09-16 09:54:17.806000,418.7561195805911,96
2024-09-16 09:54:17.868000,418.7544430200189,104
2024-09-16 09:54:17.927000,418.7445536492584,100
2024-09-16 09:54:18.037000,418.7609770130742,101
2024-09-16 09:54:18.055000,418.6976197940184,10
2024-09-16 09:54:18.187000,418.751248437485,13
2024-09-16 09:54:18.266000,418.75179333447954,5
2024-09-16 09:54:18.381000,418.7486672111739,997
2024-09-16 09:54:18.455000,418.7141593213589,6
2024-09-16 09:54:18.476000,418.7459265463927,6
2024-09-16 09:54:18.493000,418.7053275510232,999
2024-09-16 09:54:18.532000,418.7532762781629,96
2024-09-16 09:54:18.580000,418.7480555436821,1004
2024-09-16 09:54:18.685000,418.7406583395604,6
2024-09-16 09:54:18.730000,418.7047576149882,99
2024-09-16 09:54:18.735000,418.7559463255394,95
2024-09-16 09:54:18.938000,418.7505252514042,1002
2024-09-16 09:54:19.059000,418.50598139888086,96
2024-09-16 09:54:19.086000,418.5313128923003,11
2024-09-16 09:54:19.098000,418.637092172005,15
2024-09-16 09:54:19.133000,418.6333223757152,97
2024-09-16 09:54:19.146000,418.63342927689393,995
2024-09-16 09:54:19.227000,418.6218412738059,10
2024-09-16 09:54:19.231000,418.630214294368,1005
2024-09-16 09:54:19.298000,418.67456690722577,996
2024-09-16 09:54:19.303000,418.6645624497892,12
2024-09-16 09:54:19.362000,418.6807589485461,999
2024-09-16 09:54:19.394000,418.57340804670986,99
2024-09-16 09:54:19.399000,418.58616562861374,1000
2024-09-16 09:54:19.418000,418.5339148539829,11
2024-09-16 09:54:19.506000,418.5150195714945,997
2024-09-16 09:54:19.555000,418.6146237527592,14
2024-09-16 09:54:19.563000,418.67128451508864,9
2024-09-16 09:54:19.570000,418.5585846268039,6
2024-09-16 09:54:19.603000,418.5633467635638,1004
2024-09-16 09:54:19.627000,418.5413105043889,102
2024-09-16 09:54:19.646000,418.6452986827532,97
2024-09-16 09:54:19.656000,418.512797857353,8
2024-09-16 09:54:19.674000,418.5136881373927,6
2024-09-16 09:54:19.779000,418.65054392321866,14
2024-09-16 09:54:19.808000,418.68654337305344,15
2024-09-16 09:54:19.873000,418.6247102695245,10
2024-09-16 09:54:19.873000,418.60057892105664,999
2024-09-16 09:54:21.022000,418.4271101594195,8
2024-09-16 09:54:21.061000,418.4517225256699,99
2024-09-16 09:54:21.104000,418.431459055851,999
2024-09-16 09:54:21.126000,418.4437562136926,8
2024-09-16 09:54:21.131000,418.48505082824073,15
2024-09-16 09:54:21.165000,418.4247890993113,95
2024-09-16 09:54:21.166000,418.4864341059362,999
2024-09-16 09:54:21.175000,418.4984835278328,96
2024-09-16 09:54:21.187000,418.4311484388167,7
2024-09-16 09:54:21.297000,418.4097684986808,7
2024-09-16 09:54:21.337000,418.4662189701963,6
2024-09-16 09:54:21.454000,418.4908533618808,7
2024-09-16 09:54:21.490000,418.4704328745089,101
2024-09-16 09:54:21.500000,418.4495168161117,104
2024-09-16 09:54:21.559000,418.4838792307537,10
2024-09-16 09:54:21.667000,418.42512710473113,14
2024-09-16 09:54:21.739000,418.4172180180156,1001
2024-09-16 09:54:21.850000,418.4359522102556,997
2024-09-16 09:54:22.016000,418.45953422695135,998
2024-09-16 09:54:22.036000,418.4833034182304,14
2024-09-16 09:54:22.055000,418.456507841646,100
2024-09-16 09:54:22.057000,418.445648818332,12
2024-09-16 09:54:22.087000,418.4821780656089,101
2024-09-16 09:54:22.183000,418.4550556386662,15
2024-09-16 09:54:22.197000,418.4730151761521,997
2024-09-16 09:54:22.219000,418.4578096060412,100
2024-09-16 09:54:22.268000,418.4411926278407,13
2024-09-16 09:54:22.308000,418.4999066497805,101
2024-09-16 09:54:22.336000,418.4322283053017,10
2024-09-16 09:54:22.406000,418.41930870629216,995
2024-09-16 09:54:22.442000,418.4485432798895,1004
2024-09-16 09:54:22.446000,418.4610425223374,11
2024-09-16 09:54:22.481000,418.467844855108,105
2024-09-16 09:54:22.510000,418.4497382453884,6
2024-09-16 09:54:22.532000,418.4357557953796,96
2024-09-16 09:54:22.561000,418.4342152192096,7
2024-09-16 09:54:22.653000,418.4726014541631,97
2024-09-16 09:54:22.754000,418.4641143473597,15
2024-09-16 09:54:22.812000,418.484064273681,7
2024-09-16 09:54:22.842000,418.4378814879468,7
2024-09-16 09:54:22.851000,418.429765184992,96
2024-09-16 09:54:22.897000,418.435982997263,996
2024-09-16 09:54:22.917000,418.44775356999975,11
2024-09-16 09:54:22.936000,418.4607861352033,99
2024-09-16 09:54:22.939000,418.4445157660985,6
2024-09-16 09:54:22.994000,418.4460184895079,101
2024-09-16 09:54:23.113000,418.427318101218,1000
2024-09-16 09:54:23.342000,418.4309713815566,8
2024-09-16 09:54:23.415000,418.44415004324463,996
2024-09-16 09:54:23.683000,418.43789822603645,101
2024-09-16 09:54:23.725000,418.4376439279684,14
2024-09-16 09:54:23.742000,418.4293282406513,998
2024-09-16 09:54:24.041000,418.44995972329775,11
2024-09-16 09:54:24.083000,418.4449192015554,102
2024-09-16 09:54:24.121000,418.446791592453,15
2024-09-16 09:54:24.165000,418.44449029741935,5
2024-09-16 09:54:24.235000,418.46168112491176,104
2024-09-16 09:54:24.249000,418.4738493691376,14
2024-09-16 09:54:24.256000,418.4239884460241,995
2024-09-16 09:54:24.336000,418.4667722752044,12
2024-09-16 09:54:24.364000,418.42889437435497,98
2024-09-16 09:54:24.382000,418.44503344330656,11
2024-09-16 09:54:24.417000,418.4617869613916,98
2024-09-16 09:54:24.462000,418.4630576237578,97
2024-09-16 09:54:24.490000,418.48348765819793,15
2024-09-16 09:54:24.505000,418.4391630214603,97
2024-09-16 09:54:24.550000,418.48081421626665,1004
2024-09-16 09:54:24.568000,418.4680297034302,13
2024-09-16 09:54:24.596000,418.4500702727794,95
2024-09-16 09:54:24.618000,418.488777067819,1002
2024-09-16 09:54:24.676000,418.4742617583992,6
2024-09-16 09:54:24.705000,418.45840102396335,103
2024-09-16 09:54:24.813000,418.4603089646751,10
2024-09-16 09:54:24.844000,418.4546816616902,96
2024-09-16 09:54:24.865000,418.4509624852757,996
2024-09-16 09:54:24.882000,418.4532507594066,14
2024-09-16 09:54:24.915000,418.4425942883644,1002
2024-09-16 09:54:24.924000,418.44491028233466,7
2024-09-16 09:54:25.058000,418.45328623474825,101
2024-09-16 09:54:25.214000,418.4442511123788,103
2024-09-16 09:54:25.519000,418.4447410318155,999
2024-09-16 09:54:26.080000,418.4873448589282,995
2024-09-16 09:54:26.243000,418.4711558345436,6
2024-09-16 09:54:26.268000,418.4602308874948,100
2024-09-16 09:54:26.278000,418.4532654786058,11
2024-09-16 09:54:26.283000,418.4830539843278,97
2024-09-16 09:54:26.289000,418.4486152050071,97
2024-09-16 09:54:26.342000,418.4618390830368,100
2024-09-16 09:54:26.348000,418.4441945865249,100
2024-09-16 09:54:26.394000,418.47113596939454,96
2024-09-16 09:54:26.435000,418.45660145842527,999
2024-09-16 09:54:26.438000,418.42873798598674,100
2024-09-16 09:54:26.470000,418.4436659691488,15
2024-09-16 09:54:26.512000,418.4901318231683,96
2024-09-16 09:54:26.539000,418.4251537952519,103
2024-09-16 09:54:26.547000,418.4818930655432,99
2024-09-16 09:54:26.583000,418.4956337287928,5
2024-09-16 09:54:26.592000,418.46749993124166,97
2024-09-16 09:54:26.664000,418.4532099541523,997
2024-09-16 09:54:26.665000,418.4565558650362,1004
2024-09-16 09:54:26.726000,418.4487883320058,98
2024-09-16 09:54:26.751000,418.4754239526258,5
2024-09-16 09:54:26.770000,418.4511312755825,12
2024-09-16 09:54:26.772000,418.46053068100287,99
2024-09-16 09:54:26.775000,418.4246090865243,15
2024-09-16 09:54:26.864000,418.45698790605775,13
2024-09-16 09:54:26.892000,418.4416242837329,1000
2024-09-16 09:54:26.903000,418.4582510602796,1000
2024-09-16 09:54:26.993000,418.4258419723857,6
2024-09-16 09:54:27.140000,418.4369786132069,98
2024-09-16 09:54:27.274000,418.423395071812,998
2024-09-16 09:54:27.746000,418.4230699076332,1000
2024-09-16 09:54:27.891000,418.4330317968216,10
2024-09-16 09:54:27.921000,418.4300784182235,9
2024-09-16 09:54:28.035000,418.41068421951496,8
2024-09-16 09:54:28.051000,418.4095222897855,1002
2024-09-16 09:54:28.091000,418.4103805793849,101
2024-09-16 09:54:28.106000,418.4009146062291,995
2024-09-16 09:54:28.140000,418.39522467901344,13
2024-09-16 09:54:28.182000,418.38026418199706,996
2024-09-16 09:54:28.190000,418.39279084810255,100
2024-09-16 09:54:28.205000,418.36071304227687,995
2024-09-16 09:54:28.246000,418.42270821316936,999
2024-09-16 09:54:28.268000,418.4187354399872,7
2024-09-16 09:54:28.306000,418.4300855223614,998
2024-09-16 09:54:28.496000,418.4288642313145,1003
2024-09-16 09:54:28.504000,418.4098231919743,104
2024-09-16 09:54:28.554000,418.39976077221536,1002
2024-09-16 09:54:28.612000,418.3432277972429,1001
2024-09-16 09:54:28.653000,418.3613545407079,96
2024-09-16 09:54:28.678000,418.4295267959864,997
2024-09-16 09:54:28.710000,418.3416931717944,5
2024-09-16 09:54:28.773000,418.4316393194548,5
2024-09-16 09:54:28.854000,418.41401022725466,98
2024-09-16 09:54:28.879000,418.35575881205625,1000
2024-09-16 09:54:28.889000,418.4134950276748,95
2024-09-16 09:54:28.912000,418.4045171119224,11
2024-09-16 09:54:28.960000,418.3823136473628,97
2024-09-16 09:54:30.030000,418.30063781349486,100
2024-09-16 09:54:30.040000,418.355342961149,99
2024-09-16 09:54:30.093000,418.33295414980654,97
2024-09-16 09:54:30.255000,418.3337191890656,105
2024-09-16 09:54:30.285000,418.3265575970244,998
2024-09-16 09:54:30.291000,418.2970602602487,997
2024-09-16 09:54:30.337000,418.3195493528869,6
2024-09-16 09:54:30.383000,418.3302777661079,100
2024-09-16 09:54:30.426000,418.3441087161775,97
2024-09-16 09:54:30.460000,418.3219854712297,105
2024-09-16 09:54:30.520000,418.3354231180496,999
2024-09-16 09:54:30.536000,418.33351203929607,96
2024-09-16 09:54:30.572000,418.3189475877504,5
2024-09-16 09:54:30.607000,418.3032102828077,12
2024-09-16 09:54:30.613000,418.3549956182323,1004
2024-09-16 09:54:30.659000,418.3819611578701,99
2024-09-16 09:54:30.669000,418.3294447747944,8
2024-09-16 09:54:30.680000,418.3343956556159,998
2024-09-16 09:54:30.680000,418.2928777975727,9
2024-09-16 09:54:30.702000,418.339423993318,103
2024-09-16 09:54:30.741000,418.3405132867231,998
2024-09-16 09:54:30.746000,418.3362706505844,1002
2024-09-16 09:54:30.867000,418.3450117377416,13
2024-09-16 09:54:30.916000,418.3621535296518,1000
2024-09-16 09:54:30.924000,418.3250269659008,999
2024-09-16 09:54:30.961000,418.34372939068936,9
2024-09-16 09:54:31.530000,418.3390502543384,9
2024-09-16 09:54:31.772000,418.358088881972,1002
2024-09-16 09:54:31.929000,418.3229708984444,14
2024-09-16 09:54:31.985000,418.3426872826602,1003
2024-09-16 09:54:32.045000,418.4336042191149,997
2024-09-16 09:54:32.054000,418.3434918953647,1000
2024-09-16 09:54:32.100000,418.4387764705476,98
2024-09-16 09:54:32.129000,418.3965481151626,10
2024-09-16 09:54:32.186000,418.418806507534,1003
2024-09-16 09:54:32.227000,418.41552078858433,1002
2024-09-16 09:54:32.232000,418.3302402979707,996
2024-09-16 09:54:32.234000,418.3032268901045,8
2024-09-16 09:54:32.241000,418.38717283027546,101
2024-09-16 09:54:32.286000,418.4328959167917,102
2024-09-16 09:54:32.296000,418.3897901339891,97
2024-09-16 09:54:32.324000,418.3368947437247,10
2024-09-16 09:54:32.339000,418.30718956043376,1005
2024-09-16 09:54:32.364000,418.4341520710186,1001
2024-09-16 09:54:32.439000,418.3528803819538,1003
2024-09-16 09:54:32.514000,418.27824333653575,999
2024-09-16 09:54:32.517000,418.40955166851074,15
2024-09-16 09:54:32.536000,418.32994697356247,13
2024-09-16 09:54:32.571000,418.4264748573586,1001
2024-09-16 09:54:32.636000,418.3918655020115,1003
2024-09-16 09:54:32.659000,418.3284351308023,1000
2024-09-16 09:54:32.858000,418.4492185976622,6
2024-09-16 09:54:32.924000,418.3630237925782,1004
2024-09-16 09:54:32.973000,418.3058763155992,11
2024-09-16 09:54:33.017000,418.4102888093058,11
2024-09-16 09:54:33.022000,418.3711697841814,1001
2024-09-16 09:54:33.064000,418.3969625183038,997
2024-09-16 09:54:33.078000,418.35836012300274,997
2024-09-16 09:54:33.172000,418.3705263820896,100
2024-09-16 09:54:33.223000,418.4074130750026,1005
2024-09-16 09:54:33.223000,418.36142442418856,1002
2024-09-16 09:54:33.226000,418.4223180490104,98
2024-09-16 09:54:33.256000,418.4280631283702,100
2024-09-16 09:54:33.274000,418.4164641941485,1004
2024-09-16 09:54:33.279000,418.3636115549865,12
2024-09-16 09:54:33.314000,418.39583628710415,1001
2024-09-16 09:54:33.415000,418.4325701892436,10
2024-09-16 09:54:33.437000,418.3389539802425,1000
2024-09-16 09:54:33.557000,418.4160032149952,1001
2024-09-16 09:54:33.663000,418.358079479861,1000
2024-09-16 09:54:33.734000,418.42804496753575,98
2024-09-16 09:54:33.771000,418.3466720256697,101
2024-09-16 09:54:33.779000,418.3768734420236,99
2024-09-16 09:54:33.880000,418.45032774319424,6
2024-09-16 09:54:33.902000,418.420671802214,9
2024-09-16 09:54:33.992000,418.387014191187,1001
2024-09-16 09:54:35.075000,418.3755615419946,1000
2024-09-16 09:54:35.077000,418.36715792692297,1001
2024-09-16 09:54:35.108000,418.39771141749753,5
2024-09-16 09:54:35.108000,418.3922231548474,997
2024-09-16 09:54:35.149000,418.3862337271694,102
2024-09-16 09:54:35.249000,418.3717855274577,99
2024-09-16 09:54:35.276000,418.36644693627886,6
2024-09-16 09:54:35.285000,418.4018619007657,102
2024-09-16 09:54:35.286000,418.3912083301342,99
2024-09-16 09:54:35.288000,418.3678199865228,101
2024-09-16 09:54:35.313000,418.39914503671326,102
2024-09-16 09:54:35.344000,418.386615542618,8
2024-09-16 09:54:35.410000,418.3798398787179,997
2024-09-16 09:54:35.575000,418.3891400072279,105
2024-09-16 09:54:35.633000,418.3894943234213,1002
2024-09-16 09:54:35.709000,418.37943790195766,14
2024-09-16 09:54:35.714000,418.41600308990377,100
2024-09-16 09:54:35.729000,418.3807351165409,1002
2024-09-16 09:54:35.740000,418.41703752479685,97
2024-09-16 09:54:35.742000,418.4028794996935,996
2024-09-16 09:54:35.766000,418.3893313035686,10
2024-09-16 09:54:35.804000,418.40833850892767,14
2024-09-16 09:54:35.839000,418.4237316175605,1001
2024-09-16 09:54:35.876000,418.380263380314,13
2024-09-16 09:54:35.880000,418.42192122428327,13
2024-09-16 09:54:35.884000,418.3849595301584,95
2024-09-16 09:54:35.896000,418.3712773712167,9
2024-09-16 09:54:35.944000,418.3977819426053,1002
2024-09-16 09:54:36.327000,418.4230987669965,997
2024-09-16 09:54:36.476000,418.4391417661783,96
2024-09-16 09:54:37.048000,418.4747436180058,95
2024-09-16 09:54:37.112000,418.406499465295,15
2024-09-16 09:54:37.122000,418.4146248750272,997
2024-09-16 09:54:37.179000,418.4578500031175,95
2024-09-16 09:54:37.181000,418.4255732933247,13
2024-09-16 09:54:37.249000,418.3990905133159,12
2024-09-16 09:54:37.326000,418.4450437577749,1002
2024-09-16 09:54:37.427000,418.4609111742912,10
2024-09-16 09:54:37.529000,418.4098738711658,8
2024-09-16 09:54:37.537000,418.4436370670959,1003
2024-09-16 09:54:37.554000,418.4783693401317,999
2024-09-16 09:54:37.617000,418.42045946597386,1004
2024-09-16 09:54:37.671000,418.4247080040165,997
2024-09-16 09:54:37.671000,418.43710775530377,101
2024-09-16 09:54:37.688000,418.4594308051619,8
2024-09-16 09:54:37.796000,418.42306891359743,105
2024-09-16 09:54:37.822000,418.4165892987705,98
2024-09-16 09:54:37.954000,418.41654453345046,103
2024-09-16 09:54:37.979000,418.4536658846544,105
2024-09-16 09:54:37.981000,418.4070311030079,96
2024-09-16 09:54:38.496000,418.4636077442207,104
2024-09-16 09:54:39.135000,418.467322038506,95
2024-09-16 09:54:39.595000,418.4553915058385,95
2024-09-16 09:54:39.680000,418.4316491776176,5
2024-09-16 09:54:39.682000,418.4266799970037,15
2024-09-16 09:54:39.798000,418.4357306101728,10
2024-09-16 09:54:39.810000,418.4576136362403,10
2024-09-16 09:54:39.903000,418.4416139480096,997
2024-09-16 09:54:39.946000,418.4731399549034,7
2024-09-16 09:54:39.995000,418.4684465952462,995
2024-09-16 09:54:40.429000,418.47703069156825,102
2024-09-16 09:54:40.520000,418.4725492587558,5
2024-09-16 09:54:40.589000,418.4836538369278,999
2024-09-16 09:54:40.636000,418.4603978461185,12
2024-09-16 09:54:41.078000,418.4744412927873,11
2024-09-16 09:54:41.082000,418.415498774411,1004
2024-09-16 09:54:41.087000,418.451178911642,104
2024-09-16 09:54:41.154000,418.47060882457566,13
2024-09-16 09:54:41.221000,418.4696093911954,995
2024-09-16 09:54:41.231000,418.4405729480402,98
2024-09-16 09:54:41.270000,418.4433944908414,99
2024-09-16 09:54:41.303000,418.4323377888751,104
2024-09-16 09:54:41.313000,418.4747710479941,5
2024-09-16 09:54:41.349000,418.4513521051606,102
2024-09-16 09:54:41.355000,418.4179901600157,103
2024-09-16 09:54:41.444000,418.4407515362653,102
2024-09-16 09:54:41.484000,418.3838672384286,996
2024-09-16 09:54:41.544000,418.4813015478528,5
2024-09-16 09:54:41.639000,418.42079661402136,100
2024-09-16 09:54:41.650000,418.39607603736255,1003
2024-09-16 09:54:41.742000,418.45573333199,11
2024-09-16 09:54:41.787000,418.4779432361873,11
2024-09-16 09:54:41.873000,418.4217526829164,5
2024-09-16 09:54:41.879000,418.40086471701073,8
2024-09-16 09:54:41.895000,418.3948087776483,1000
2024-09-16 09:54:41.926000,418.4438513759478,1000
2024-09-16 09:54:41.928000,418.4201154695205,97
2024-09-16 09:54:41.964000,418.44316717777167,99
2024-09-16 09:54:42.013000,418.4839901775776,99
2024-09-16 09:54:42.048000,418.4573962757541,101
2024-09-16 09:54:42.215000,418.46250067851634,6
2024-09-16 09:54:42.483000,418.49301829481504,100
2024-09-16 09:54:42.508000,418.46741894777017,104
2024-09-16 09:54:42.548000,418.49739062835664,96
2024-09-16 09:54:42.746000,418.4617967678413,12
2024-09-16 09:54:42.868000,418.466674303413,11
2024-09-16 09:54:42.931000,418.46977043178174,101
2024-09-16 09:54:44.014000,418.431312484663,11
2024-09-16 09:54:44.086000,418.450476200769,97
2024-09-16 09:54:44.135000,418.421163925096,8
2024-09-16 09:54:44.227000,418.4446279592023,101
2024-09-16 09:54:44.237000,418.4540936913836,999
2024-09-16 09:54:44.289000,418.4291603728922,13
2024-09-16 09:54:44.302000,418.4287782008456,1002
2024-09-16 09:54:44.441000,418.46610257721767,999
2024-09-16 09:54:44.516000,418.44631265284943,95
2024-09-16 09:54:44.565000,418.4550374939489,95
2024-09-16 09:54:44.571000,418.474090816508,8
2024-09-16 09:54:44.608000,418.4456277234029,998
2024-09-16 09:54:44.742000,418.4378798204696,8
2024-09-16 09:54:44.761000,418.454908980446,995
2024-09-16 09:54:44.812000,418.4425984715604,13
2024-09-16 09:54:44.896000,418.4306545677434,14
2024-09-16 09:54:44.931000,418.454297456911,998
2024-09-16 09:54:44.934000,418.4377704256619,102
2024-09-16 09:54:44.983000,418.45048673379097,102
2024-09-16 09:54:44.988000,418.4411629759939,6
2024-09-16 09:54:44.999000,418.4188705116293,10
2024-09-16 09:54:45.273000,418.4913104245746,102
2024-09-16 09:54:45.429000,418.484182287165,9
2024-09-16 09:54:45.804000,418.4907051516401,1005
2024-09-16 09:54:45.972000,418.49218416328745,13
2024-09-16 09:54:46.036000,418.4846163276626,1005
2024-09-16 09:54:46.199000,418.45425876652735,97
2024-09-16 09:54:46.407000,418.5145069565038,104
2024-09-16 09:54:46.483000,418.4897787427741,1001
2024-09-16 09:54:46.490000,418.4832630970953,9
2024-09-16 09:54:46.579000,418.5022042810115,103
2024-09-16 09:54:46.597000,418.4873684368968,101
2024-09-16 09:54:46.710000,418.5194313617096,1003
2024-09-16 09:54:46.762000,418.5212460478371,996
2024-09-16 09:54:46.814000,418.5075872260076,8
2024-09-16 09:54:46.843000,418.5067285827327,98
2024-09-16 09:54:46.874000,418.4804856821256,103
2024-09-16 09:54:47.042000,418.4657678210343,1001
2024-09-16 09:54:47.112000,418.47399264661993,104
2024-09-16 09:54:47.166000,418.4326263066074,10
2024-09-16 09:54:47.209000,418.4730272681258,8
2024-09-16 09:54:47.236000,418.4411655788035,7
2024-09-16 09:54:47.253000,418.4549978167385,102
2024-09-16 09:54:47.301000,418.45804139677193,5
2024-09-16 09:54:47.333000,418.434024280794,7
2024-09-16 09:54:47.334000,418.4667597098511,1000
2024-09-16 09:54:47.388000,418.4622948785187,7
2024-09-16 09:54:47.402000,418.4844692357453,102
2024-09-16 09:54:47.421000,418.45436131275625,105
2024-09-16 09:54:47.467000,418.4554445242283,104
2024-09-16 09:54:47.485000,418.4964198512588,9
2024-09-16 09:54:47.657000,418.4832854412211,1002
2024-09-16 09:54:47.673000,418.4833139597615,101
2024-09-16 09:54:47.689000,418.4990970710341,102
2024-09-16 09:54:47.694000,418.45380608747854,15
2024-09-16 09:54:47.714000,418.4488947003502,12
2024-09-16 09:54:47.753000,418.5022640878491,12
2024-09-16 09:54:47.763000,418.47730880576745,95
2024-09-16 09:54:47.772000,418.48380796823454,1003
2024-09-16 09:54:47.809000,418.4938393570083,14
2024-09-16 09:54:47.853000,418.4380413779249,1000
2024-09-16 09:54:47.854000,418.4992713388074,999
2024-09-16 09:54:47.879000,418.4295111395634,96
2024-09-16 09:54:47.888000,418.4813332867368,11
2024-09-16 09:54:47.946000,418.4814498964873,999
2024-09-16 09:54:47.954000,418.4457377957436,100
2024-09-16 09:54:48.013000,418.53247002067087,1003
2024-09-16 09:54:48.020000,418.49019657635455,6
2024-09-16 09:54:48.300000,418.4950140906584,997
2024-09-16 09:54:48.308000,418.4672684395699,998
2024-09-16 09:54:48.471000,418.5263927451293,11
2024-09-16 09:54:48.530000,418.51847461617086,101
2024-09-16 09:54:48.571000,418.5169767626634,1000
2024-09-16 09:54:48.597000,418.5325500180813,999
2024-09-16 09:54:48.760000,418.5227367166824,1000
2024-09-16 09:54:48.802000,418.5152848140668,6
2024-09-16 09:54:48.849000,418.50850946794367,995
2024-09-16 09:54:48.948000,418.5279097664724,1003
2024-09-16 09:54:48.975000,418.4913969613896,13
2024-09-16 09:54:48.991000,418.513258675587,8
2024-09-16 09:54:49.221000,418.5539340921412,1003
2024-09-16 09:54:49.267000,418.5340168535967,1002
2024-09-16 09:54:49.614000,418.5686791865823,1000
2024-09-16 09:54:50.002000,418.5666193954923,1001
2024-09-16 09:54:50.103000,418.5466060389412,1003
2024-09-16 09:54:50.351000,418.5536793906151,999
2024-09-16 09:54:50.372000,418.54221149128944,999
2024-09-16 09:54:50.465000,418.5377573272416,103
2024-09-16 09:54:50.664000,418.5422137870587,98
2024-09-16 09:54:50.666000,418.5571333781701,100
2024-09-16 09:54:50.688000,418.5340438422471,1000
2024-09-16 09:54:50.715000,418.54074568037606,1000
2024-09-16 09:54:50.731000,418.54336318243935,7
2024-09-16 09:54:51.026000,418.5464315138752,1004
2024-09-16 09:54:51.077000,418.55902420808985,10
2024-09-16 09:54:51.157000,418.5433831759621,105
2024-09-16 09:54:51.180000,418.5748936763949,1001
2024-09-16 09:54:51.199000,418.56517975156777,97
2024-09-16 09:54:51.266000,418.5629985636037,998
2024-09-16 09:54:51.300000,418.5593507330347,1003
2024-09-16 09:54:51.444000,418.5676903744438,6
2024-09-16 09:54:51.492000,418.5455651158318,14
2024-09-16 09:54:51.510000,418.54495378295695,5
2024-09-16 09:54:51.589000,418.57800140351554,12
2024-09-16 09:54:51.622000,418.5891924668022,8
2024-09-16 09:54:51.690000,418.56664620791713,101
2024-09-16 09:54:51.698000,418.55032369095113,96
2024-09-16 09:54:51.714000,418.5489492819368,1005
2024-09-16 09:54:51.725000,418.60877657913454,1002
2024-09-16 09:54:51.751000,418.54466103476807,13
2024-09-16 09:54:51.782000,418.5496596842895,12
2024-09-16 09:54:51.859000,418.5731895158891,103
2024-09-16 09:54:51.882000,418.5564657870944,10
2024-09-16 09:54:51.910000,418.5426895505184,103
2024-09-16 09:54:51.940000,418.5616553449837,5
2024-09-16 09:54:51.984000,418.6050812203792,100
2024-09-16 09:54:52.010000,418.5399151074487,14
2024-09-16 09:54:52.023000,418.57149195595343,1005
2024-09-16 09:54:52.064000,418.5435169718144,996
2024-09-16 09:54:52.065000,418.56005204627394,996
2024-09-16 09:54:52.114000,418.5533949711264,1002
2024-09-16 09:54:52.201000,418.6019340473113,6
2024-09-16 09:54:52.205000,418.5566010110487,103
2024-09-16 09:54:52.227000,418.62373732597126,100
2024-09-16 09:54:52.361000,418.5436276162589,104
2024-09-16 09:54:52.403000,418.54724687599565,10
2024-09-16 09:54:52.405000,418.5591024642651,104
2024-09-16 09:54:52.422000,418.6009110934723,103
2024-09-16 09:54:52.432000,418.5537524955204,8
2024-09-16 09:54:52.544000,418.57072775692194,105
2024-09-16 09:54:52.645000,418.5534197163005,1000
2024-09-16 09:54:52.802000,418.5500361838868,1001
2024-09-16 09:54:52.827000,418.5636276755943,15
2024-09-16 09:54:52.857000,418.5537169903464,8
2024-09-16 09:54:52.930000,418.5480625971821,103
2024-09-16 09:54:53.071000,418.58724145601633,102
2024-09-16 09:54:53.078000,418.54176941720647,7
2024-09-16 09:54:53.165000,418.5715644449045,100
2024-09-16 09:54:53.165000,418.5577206128413,1002
2024-09-16 09:54:53.211000,418.56447170347343,1004
2024-09-16 09:54:53.404000,418.5532573470883,6
2024-09-16 09:54:53.416000,418.5822242949074,14
2024-09-16 09:54:53.419000,418.5803004517403,5
2024-09-16 09:54:53.429000,418.5459043219285,14
2024-09-16 09:54:53.430000,418.5779680043445,996
2024-09-16 09:54:53.434000,418.563335961328,14
2024-09-16 09:54:53.499000,418.5535956831373,10
2024-09-16 09:54:53.534000,418.5995944529615,998
2024-09-16 09:54:53.575000,418.58686756894906,99
2024-09-16 09:54:53.644000,418.5536190332013,97
2024-09-16 09:54:53.678000,418.55214731829545,1005
2024-09-16 09:54:53.732000,418.5546905052516,1001
2024-09-16 09:54:53.741000,418.59499616799405,96
2024-09-16 09:54:53.768000,418.5824591915283,14
2024-09-16 09:54:53.781000,418.5788124857402,1004
2024-09-16 09:54:53.809000,418.5787005165869,1001
2024-09-16 09:54:53.814000,418.5755258524833,8
2024-09-16 09:54:53.980000,418.5492781070785,99
2024-09-16 09:54:54.179000,418.5968146311597,7
2024-09-16 09:54:54.184000,418.6246037168773,998
2024-09-16 09:54:54.213000,418.5609332123678,1000
2024-09-16 09:54:54.323000,418.5778442469613,6
2024-09-16 09:54:54.367000,418.6264975279413,97
2024-09-16 09:54:54.536000,418.5796151292348,99
2024-09-16 09:54:54.627000,418.60199930782494,96
2024-09-16 09:54:54.715000,418.5606854016165,102
2024-09-16 09:54:54.902000,418.5805942011696,5
2024-09-16 09:54:54.902000,418.5618875911552,1002
2024-09-16 09:54:54.934000,418.5578451319866,998
2024-09-16 09:54:54.951000,418.5685586613479,105
2024-09-16 09:54:54.965000,418.5709334594581,100
2024-09-16 09:54:54.973000,418.5548248296332,103
2024-09-16 09:54:55.014000,418.54327707795306,998
2024-09-16 09:54:55.071000,418.5416896040629,7
2024-09-16 09:54:55.117000,418.541079867402,1004
2024-09-16 09:54:55.144000,418.558442019247,102
2024-09-16 09:54:55.150000,418.5547025869439,1003
2024-09-16 09:54:55.175000,418.5006583989057,995
2024-09-16 09:54:55.332000,418.5171528539299,7
2024-09-16 09:54:55.396000,418.5378243905009,97
2024-09-16 09:54:55.441000,418.5626285784061,1000
2024-09-16 09:54:55.478000,418.5320468359952,99
2024-09-16 09:54:55.574000,418.5422470377326,105
2024-09-16 09:54:55.577000,418.5370122756014,15
2024-09-16 09:54:55.623000,418.5117522507691,97
2024-09-16 09:54:55.641000,418.5627463764396,5
2024-09-16 09:54:55.642000,418.53820357657617,1004
2024-09-16 09:54:55.642000,418.5315268872077,100
2024-09-16 09:54:55.649000,418.5461980818583,14
2024-09-16 09:54:55.675000,418.5518420840109,12
2024-09-16 09:54:55.750000,418.5581652749201,95
2024-09-16 09:54:55.763000,418.56299358792967,7
2024-09-16 09:54:55.875000,418.5400862032295,9
2024-09-16 09:54:55.886000,418.50949976217385,995
2024-09-16 09:54:55.954000,418.5670252053031,14
2024-09-16 09:54:55.956000,418.5505124370497,1003
2024-09-16 09:54:55.966000,418.5372809509318,9
2024-09-16 09:54:55.985000,418.5230275876298,100
2024-09-16 09:54:56.260000,418.59444543839993,99
2024-09-16 09:54:56.485000,418.5642980127221,14
2024-09-16 09:54:56.607000,418.627171805979,1001
2024-09-16 09:54:56.778000,418.57435409932026,10
2024-09-16 09:54:56.790000,418.6339719652252,98
2024-09-16 09:54:56.834000,418.6177287884257,1001
2024-09-16 09:54:56.837000,418.60452785592463,97
2024-09-16 09:54:57.387000,418.6377734750896,105
2024-09-16 09:54:57.540000,418.6254546120188,998
2024-09-16 09:54:57.574000,418.6399281123973,5
2024-09-16 09:54:57.750000,418.6213468238286,11
2024-09-16 09:54:58.083000,418.8333377211326,997
2024-09-16 09:54:58.086000,418.65235629835166,100
2024-09-16 09:54:58.097000,418.79754408415664,1003
2024-09-16 09:54:58.144000,418.6285636933641,1001
2024-09-16 09:54:58.157000,418.8522334304523,995
2024-09-16 09:54:58.165000,418.8435880671776,1004
2024-09-16 09:54:58.202000,418.7075187634773,8
2024-09-16 09:54:58.232000,418.72251011976994,998
2024-09-16 09:54:58.256000,418.7139499116902,104
2024-09-16 09:54:58.303000,418.6632719518669,12
2024-09-16 09:54:58.340000,418.6436893027925,100
2024-09-16 09:54:58.373000,418.74066026316336,12
2024-09-16 09:54:58.581000,418.76716410530713,98
2024-09-16 09:54:58.588000,418.7297975307663,11
2024-09-16 09:54:58.595000,418.7409960978356,1001
2024-09-16 09:54:58.610000,418.8179876202528,6
2024-09-16 09:54:58.628000,418.7030596687513,7
2024-09-16 09:54:58.646000,418.70971740208455,9
2024-09-16 09:54:58.674000,418.6347123532752,995
2024-09-16 09:54:58.687000,418.6327412962214,996
2024-09-16 09:54:58.709000,418.7624615133121,11
2024-09-16 09:54:58.797000,418.7481403657489,995
2024-09-16 09:54:58.820000,418.69651269564383,1002
2024-09-16 09:54:58.880000,418.7485265642342,996
2024-09-16 09:54:58.883000,418.7523289731355,1002
2024-09-16 09:54:58.960000,418.7002712837136,996
2024-09-16 09:54:58.990000,418.6682171181458,96
2024-09-16 09:54:58.990000,418.6392250778442,101
2024-09-16 09:54:59.045000,418.804478144922,9
2024-09-16 09:54:59.096000,418.8265841228337,6
2024-09-16 09:54:59.271000,418.7994423191533,1000
2024-09-16 09:54:59.282000,418.7946364895838,97
2024-09-16 09:54:59.309000,418.8078888146528,6
2024-09-16 09:54:59.384000,418.8168519722303,104
2024-09-16 09:54:59.398000,418.8161473010881,101
2024-09-16 09:54:59.498000,418.8358787027215,97
2024-09-16 09:54:59.611000,418.8112682948854,996
2024-09-16 09:54:59.615000,418.780370000098,14
2024-09-16 09:54:59.789000,418.811832260141,6
2024-09-16 09:54:59.855000,418.7916158970978,999
2024-09-16 09:54:59.911000,418.7786153922832,1001
2024-09-16 09:54:59.990000,418.7973854492938,8
