Timestamp,Price,Size
2024-09-18 10:28:00.080000,411.0475871707772,999
2024-09-18 10:28:00.157000,411.0394302088589,10
2024-09-18 10:28:00.666000,411.0425773311666,1003
2024-09-18 10:28:00.892000,411.0370739288773,101
2024-09-18 10:28:00.925000,411.0307837861003,999
2024-09-18 10:28:01.096000,411.0054125182549,11
2024-09-18 10:28:01.141000,411.07507201842566,103
2024-09-18 10:28:01.195000,410.983648713839,6
2024-09-18 10:28:01.242000,410.9912859741339,13
2024-09-18 10:28:01.253000,410.9809727271975,999
2024-09-18 10:28:01.279000,410.9655767659098,98
2024-09-18 10:28:01.294000,411.0532172082949,15
2024-09-18 10:28:01.327000,410.99687478375415,999
2024-09-18 10:28:01.340000,411.0666519381437,101
2024-09-18 10:28:01.435000,411.0313383049838,95
2024-09-18 10:28:01.442000,410.9700068496469,98
2024-09-18 10:28:01.702000,410.99366257624257,96
2024-09-18 10:28:01.825000,410.9781780877374,105
2024-09-18 10:28:01.880000,410.983548950126,95
2024-09-18 10:28:01.900000,411.02202430319807,1000
2024-09-18 10:28:02.136000,411.0613175293256,1004
2024-09-18 10:28:02.218000,411.0855862263264,997
2024-09-18 10:28:02.289000,411.0595793256677,7
2024-09-18 10:28:02.710000,411.0869496398068,6
2024-09-18 10:28:02.852000,411.085444919493,101
2024-09-18 10:28:02.978000,411.0858691490801,15
2024-09-18 10:28:03.116000,411.13065780622543,7
2024-09-18 10:28:03.337000,411.13869845267504,102
2024-09-18 10:28:03.371000,411.1065004630204,1003
2024-09-18 10:28:03.373000,411.11031999868254,1004
2024-09-18 10:28:03.540000,411.1156681059177,9
2024-09-18 10:28:03.633000,411.1107868884342,996
2024-09-18 10:28:04.207000,411.0800314501697,1002
2024-09-18 10:28:04.225000,411.0979416099609,11
2024-09-18 10:28:04.235000,411.1088387921284,1003
2024-09-18 10:28:04.270000,411.0744819274673,1005
2024-09-18 10:28:04.302000,411.0852446970623,12
2024-09-18 10:28:04.326000,411.0920720753826,99
2024-09-18 10:28:04.328000,411.1617205376513,1003
2024-09-18 10:28:04.384000,411.13141759999735,95
2024-09-18 10:28:04.417000,411.1111286812992,5
2024-09-18 10:28:04.434000,411.1479722184813,1000
2024-09-18 10:28:04.454000,411.0733530013767,11
2024-09-18 10:28:04.487000,411.1374775700351,995
2024-09-18 10:28:04.492000,411.1212948353978,1002
2024-09-18 10:28:04.551000,411.08793642006464,104
2024-09-18 10:28:04.555000,411.13182747663626,1000
2024-09-18 10:28:04.568000,411.1586657081943,12
2024-09-18 10:28:04.573000,411.0788530030002,1002
2024-09-18 10:28:04.607000,411.1439000552279,12
2024-09-18 10:28:04.667000,411.094886326691,8
2024-09-18 10:28:04.675000,411.1073870131102,100
2024-09-18 10:28:04.682000,411.1329419431562,1003
2024-09-18 10:28:04.784000,411.1392900407811,1004
2024-09-18 10:28:04.811000,411.1117985702384,1001
2024-09-18 10:28:04.853000,411.0725203378382,6
2024-09-18 10:28:04.896000,411.1390773023703,6
2024-09-18 10:28:04.933000,411.0830406775726,96
2024-09-18 10:28:04.941000,411.0740792979605,5
2024-09-18 10:28:05.018000,411.1562144069884,15
2024-09-18 10:28:05.029000,411.1213226899153,13
2024-09-18 10:28:05.068000,411.12251675425176,9
2024-09-18 10:28:05.109000,411.1714998859716,15
2024-09-18 10:28:05.148000,411.1259596290842,97
2024-09-18 10:28:05.202000,411.12283809627513,100
2024-09-18 10:28:05.218000,411.1566366497287,100
2024-09-18 10:28:05.257000,411.1398803981262,7
2024-09-18 10:28:05.288000,411.12441494139927,1005
2024-09-18 10:28:05.441000,411.15176963708655,10
2024-09-18 10:28:05.467000,411.1637826620151,104
2024-09-18 10:28:05.470000,411.1322060274338,97
2024-09-18 10:28:05.561000,411.1030511765646,95
2024-09-18 10:28:05.622000,411.1239575546151,104
2024-09-18 10:28:05.634000,411.1277335076588,105
2024-09-18 10:28:05.637000,411.1083744358677,10
2024-09-18 10:28:05.699000,411.1257876671729,999
2024-09-18 10:28:05.732000,411.1308193899209,14
2024-09-18 10:28:05.852000,411.0984029612689,103
2024-09-18 10:28:05.970000,411.1587740711949,996
2024-09-18 10:28:05.985000,411.16691868150366,105
2024-09-18 10:28:05.988000,411.0759787347803,7
2024-09-18 10:28:06.032000,410.9983838018493,99
2024-09-18 10:28:06.077000,411.03259172921577,104
2024-09-18 10:28:06.110000,410.9444278344986,99
2024-09-18 10:28:06.205000,410.9609391509903,7
2024-09-18 10:28:06.238000,410.9774516598641,5
2024-09-18 10:28:06.309000,410.97517199916376,15
2024-09-18 10:28:06.309000,410.9633916501624,96
2024-09-18 10:28:06.358000,410.9576712393858,5
2024-09-18 10:28:06.375000,411.0536259178892,100
2024-09-18 10:28:06.394000,410.94689358367,5
2024-09-18 10:28:06.407000,411.0251745378128,1001
2024-09-18 10:28:06.474000,410.9877038438701,13
2024-09-18 10:28:06.503000,411.0633035844856,102
2024-09-18 10:28:06.529000,411.0511618109471,95
2024-09-18 10:28:06.540000,410.9663764599889,100
2024-09-18 10:28:06.559000,411.03395305951926,97
2024-09-18 10:28:06.577000,411.05782500062674,1002
2024-09-18 10:28:06.599000,410.9965431804296,98
2024-09-18 10:28:06.630000,410.9581693622097,8
2024-09-18 10:28:06.642000,410.9631089444736,11
2024-09-18 10:28:06.707000,411.0289545219954,1001
2024-09-18 10:28:06.740000,411.00652760674586,15
2024-09-18 10:28:06.767000,410.9327271248901,103
2024-09-18 10:28:06.847000,410.9551538100438,996
2024-09-18 10:28:06.868000,410.9529253456343,998
2024-09-18 10:28:06.914000,411.0048642070743,96
2024-09-18 10:28:07.041000,410.9345142177608,12
2024-09-18 10:28:07.170000,410.851613789953,102
2024-09-18 10:28:07.214000,410.9457605890758,997
2024-09-18 10:28:07.285000,410.9521134317679,1001
2024-09-18 10:28:07.332000,410.93861558261136,15
2024-09-18 10:28:07.342000,410.9539373406794,7
2024-09-18 10:28:07.397000,410.94312059747386,998
2024-09-18 10:28:07.420000,410.95516910312017,995
2024-09-18 10:28:07.445000,410.8481009163305,1005
2024-09-18 10:28:07.530000,410.9456914251843,9
2024-09-18 10:28:07.577000,410.9477827156803,104
2024-09-18 10:28:07.648000,410.9702054533238,105
2024-09-18 10:28:07.691000,410.9704993228543,999
2024-09-18 10:28:07.696000,410.9194915214022,99
2024-09-18 10:28:07.837000,410.8674133140245,995
2024-09-18 10:28:07.893000,410.9243997510477,11
2024-09-18 10:28:07.955000,410.8378918359272,8
2024-09-18 10:28:07.990000,410.894202261058,15
2024-09-18 10:28:08.003000,410.90899700179006,1003
2024-09-18 10:28:08.066000,410.8975575094349,14
2024-09-18 10:28:08.099000,410.8987635574642,10
2024-09-18 10:28:08.156000,410.8512264994797,13
2024-09-18 10:28:08.170000,410.86645641055554,1001
2024-09-18 10:28:08.210000,410.8674058679174,104
2024-09-18 10:28:08.251000,410.8750982412797,6
2024-09-18 10:28:08.371000,410.9122003674335,1005
2024-09-18 10:28:08.395000,410.8920835188807,103
2024-09-18 10:28:08.441000,410.8906520768476,1004
2024-09-18 10:28:08.557000,410.863723714146,13
2024-09-18 10:28:08.658000,410.85555047537775,105
2024-09-18 10:28:08.913000,410.91119855694217,96
2024-09-18 10:28:08.970000,410.9058131316194,1002
2024-09-18 10:28:09.026000,410.8005641006149,997
2024-09-18 10:28:09.030000,410.8325988782139,103
2024-09-18 10:28:09.133000,410.83518020460673,97
2024-09-18 10:28:09.174000,410.8408001660716,103
2024-09-18 10:28:09.177000,410.8586635560162,104
2024-09-18 10:28:09.192000,410.8127358012286,10
2024-09-18 10:28:09.237000,410.8634998181824,102
2024-09-18 10:28:09.246000,410.8291455012592,9
2024-09-18 10:28:09.302000,410.8187108888682,97
2024-09-18 10:28:09.374000,410.8506588570004,6
2024-09-18 10:28:09.472000,410.8553711826645,103
2024-09-18 10:28:09.559000,410.8423876507155,1004
2024-09-18 10:28:09.669000,410.8660657838848,105
2024-09-18 10:28:09.751000,410.8525211708759,5
2024-09-18 10:28:09.855000,410.8665025180646,998
2024-09-18 10:28:09.973000,410.8733399517173,1004
2024-09-18 10:28:10.037000,410.83233245556977,1005
2024-09-18 10:28:10.068000,410.8444823325916,103
2024-09-18 10:28:10.153000,410.88239025108254,97
2024-09-18 10:28:10.159000,410.8091971050406,999
2024-09-18 10:28:10.163000,410.8853089615271,104
2024-09-18 10:28:10.202000,410.88396014185366,97
2024-09-18 10:28:10.245000,410.8740741025013,1002
2024-09-18 10:28:10.411000,410.8843094252896,9
2024-09-18 10:28:10.429000,410.8372132969393,999
2024-09-18 10:28:10.456000,410.88924723070784,96
2024-09-18 10:28:10.558000,410.8269120547836,6
2024-09-18 10:28:10.569000,410.85165010889307,10
2024-09-18 10:28:10.585000,410.89294375725103,1001
2024-09-18 10:28:10.595000,410.8334433313808,12
2024-09-18 10:28:10.666000,410.7975597440053,1000
2024-09-18 10:28:10.737000,410.87647219197095,98
2024-09-18 10:28:10.838000,410.8813671751346,102
2024-09-18 10:28:10.913000,410.8405145532266,97
2024-09-18 10:28:10.972000,410.8284153101438,1000
2024-09-18 10:28:10.978000,410.8455779209068,105
2024-09-18 10:28:11.011000,410.8513719978462,105
2024-09-18 10:28:11.024000,410.8551228075719,6
2024-09-18 10:28:11.104000,410.8693595664951,100
2024-09-18 10:28:11.211000,410.83886010410106,1002
2024-09-18 10:28:11.242000,410.8494618228191,998
2024-09-18 10:28:11.249000,410.86644388703104,997
2024-09-18 10:28:11.268000,410.85044344951854,101
2024-09-18 10:28:11.297000,410.8809755790499,9
2024-09-18 10:28:11.321000,410.831565470572,105
2024-09-18 10:28:11.363000,410.8626965226628,5
2024-09-18 10:28:11.398000,410.8335450331536,7
2024-09-18 10:28:11.489000,410.8386243483599,6
2024-09-18 10:28:11.520000,410.847656117614,6
2024-09-18 10:28:11.547000,410.866581027546,11
2024-09-18 10:28:11.604000,410.85791826851096,7
2024-09-18 10:28:11.634000,410.8751480425311,1002
2024-09-18 10:28:11.725000,410.8366304493225,101
2024-09-18 10:28:11.825000,410.824024473905,10
2024-09-18 10:28:12.038000,410.85444628245295,102
2024-09-18 10:28:12.148000,410.8406328522759,998
2024-09-18 10:28:12.149000,410.8182241837597,999
2024-09-18 10:28:12.206000,410.8283932659337,95
2024-09-18 10:28:12.209000,410.82518110012415,8
2024-09-18 10:28:12.246000,410.847149974806,103
2024-09-18 10:28:12.286000,410.86862852181474,10
2024-09-18 10:28:12.311000,410.8548654287085,12
2024-09-18 10:28:12.491000,410.8399186052753,5
2024-09-18 10:28:12.511000,410.8620286521399,6
2024-09-18 10:28:12.638000,410.84082650669455,101
2024-09-18 10:28:12.641000,410.80652542006567,1003
2024-09-18 10:28:12.698000,410.8675887722822,7
2024-09-18 10:28:12.708000,410.87509433513327,5
2024-09-18 10:28:12.935000,410.8304064789658,1005
2024-09-18 10:28:13.008000,410.7908309020455,13
2024-09-18 10:28:13.054000,410.7871475499853,11
2024-09-18 10:28:13.091000,410.76861596070194,100
2024-09-18 10:28:13.183000,410.782050174005,98
2024-09-18 10:28:13.187000,410.79160719806,102
2024-09-18 10:28:13.241000,410.8078819431342,1002
2024-09-18 10:28:13.256000,410.7859489003995,1001
2024-09-18 10:28:13.270000,410.788745943791,96
2024-09-18 10:28:13.314000,410.810179532485,98
2024-09-18 10:28:13.336000,410.8072393763632,1002
2024-09-18 10:28:13.355000,410.8264363628836,98
2024-09-18 10:28:13.358000,410.8074256535695,9
2024-09-18 10:28:13.478000,410.8065459960524,15
2024-09-18 10:28:13.535000,410.84661848357626,5
2024-09-18 10:28:13.551000,410.8502463928604,998
2024-09-18 10:28:13.580000,410.83466654425257,1001
2024-09-18 10:28:13.634000,410.8047947654248,998
2024-09-18 10:28:13.688000,410.801159117623,1004
2024-09-18 10:28:13.698000,410.836058160658,6
2024-09-18 10:28:13.756000,410.8215505450767,995
2024-09-18 10:28:13.757000,410.8507374241976,998
2024-09-18 10:28:13.771000,410.8191967137898,998
2024-09-18 10:28:13.777000,410.7964699592927,1003
2024-09-18 10:28:13.778000,410.7972331110977,998
2024-09-18 10:28:13.795000,410.81257341917416,1005
2024-09-18 10:28:13.817000,410.7863426536925,1003
2024-09-18 10:28:13.876000,410.8018863303159,8
2024-09-18 10:28:13.911000,410.8221439785691,7
2024-09-18 10:28:14.056000,410.834963278325,15
2024-09-18 10:28:14.202000,410.82974141460136,1003
2024-09-18 10:28:14.246000,410.8363538268512,95
2024-09-18 10:28:14.255000,410.83734738720494,95
2024-09-18 10:28:14.292000,410.8352346908897,1000
2024-09-18 10:28:14.346000,410.8439753055116,999
2024-09-18 10:28:14.387000,410.82851731917873,11
2024-09-18 10:28:14.414000,410.8118361196557,8
2024-09-18 10:28:14.485000,410.8288600268723,997
2024-09-18 10:28:14.554000,410.82579345038727,1000
2024-09-18 10:28:14.561000,410.836189367964,1000
2024-09-18 10:28:14.570000,410.8476866355143,99
2024-09-18 10:28:14.672000,410.83343843607287,6
2024-09-18 10:28:14.743000,410.8304998655478,7
2024-09-18 10:28:14.860000,410.8296644359267,1004
2024-09-18 10:28:15.035000,410.8003111674839,12
2024-09-18 10:28:15.036000,410.790787979629,1001
2024-09-18 10:28:15.106000,410.8180477127475,999
2024-09-18 10:28:15.196000,410.78958459811867,998
2024-09-18 10:28:15.199000,410.798982975949,102
2024-09-18 10:28:15.206000,410.7365147073846,104
2024-09-18 10:28:15.236000,410.8254243356151,12
2024-09-18 10:28:15.283000,410.7530297218825,10
2024-09-18 10:28:15.286000,410.76323611846726,1003
2024-09-18 10:28:15.311000,410.79746645431845,15
2024-09-18 10:28:15.361000,410.81626590133664,1005
2024-09-18 10:28:15.368000,410.8236137718414,10
2024-09-18 10:28:15.399000,410.7505124848445,96
2024-09-18 10:28:15.432000,410.78126705607286,105
2024-09-18 10:28:15.490000,410.83428694226825,1005
2024-09-18 10:28:15.500000,410.7388615510171,15
2024-09-18 10:28:15.563000,410.832812201943,1004
2024-09-18 10:28:15.565000,410.74381272157376,995
2024-09-18 10:28:15.635000,410.80776580771374,101
2024-09-18 10:28:15.645000,410.7790407132347,105
2024-09-18 10:28:15.650000,410.80717974169625,1004
2024-09-18 10:28:15.653000,410.7433129535645,1000
2024-09-18 10:28:15.731000,410.77628205967824,100
2024-09-18 10:28:15.742000,410.7488211628275,1004
2024-09-18 10:28:15.803000,410.74019397983415,102
2024-09-18 10:28:15.878000,410.7398082202989,98
2024-09-18 10:28:15.928000,410.7638207928941,98
2024-09-18 10:28:15.948000,410.80182448703886,1000
2024-09-18 10:28:15.999000,410.77780404451767,96
2024-09-18 10:28:16.045000,410.77927336300826,99
2024-09-18 10:28:16.065000,410.7767124564058,100
2024-09-18 10:28:16.187000,410.7932492239523,1001
2024-09-18 10:28:16.353000,410.7753187024612,103
2024-09-18 10:28:16.354000,410.7736046295366,995
2024-09-18 10:28:16.409000,410.7739341541189,995
2024-09-18 10:28:16.412000,410.7886053733137,96
2024-09-18 10:28:16.459000,410.7577983244944,95
2024-09-18 10:28:16.459000,410.7809739348334,8
2024-09-18 10:28:16.487000,410.7863198984056,999
2024-09-18 10:28:16.585000,410.7763882928489,9
2024-09-18 10:28:16.635000,410.7654958987308,12
2024-09-18 10:28:16.711000,410.7715057216838,10
2024-09-18 10:28:16.892000,410.771306817569,104
2024-09-18 10:28:16.925000,410.7427841658072,1003
2024-09-18 10:28:16.986000,410.75999470215766,8
2024-09-18 10:28:16.987000,410.7897707963888,98
2024-09-18 10:28:17.028000,410.7948418134926,1005
2024-09-18 10:28:17.157000,410.791945059634,8
2024-09-18 10:28:17.339000,410.79672166791977,1003
2024-09-18 10:28:17.383000,410.80567797844384,12
2024-09-18 10:28:17.391000,410.78106337642,995
2024-09-18 10:28:17.393000,410.79268828963495,104
2024-09-18 10:28:17.490000,410.79930114145,5
2024-09-18 10:28:17.497000,410.8131165733564,9
2024-09-18 10:28:17.525000,410.8132874863766,100
2024-09-18 10:28:17.530000,410.7794601166113,1001
2024-09-18 10:28:17.633000,410.8034687294415,98
2024-09-18 10:28:17.764000,410.80214930255175,1004
2024-09-18 10:28:17.844000,410.7797720269966,998
2024-09-18 10:28:17.975000,410.78912048545845,998
2024-09-18 10:28:18.600000,410.7941568558672,99
2024-09-18 10:28:19.014000,410.7716255524,1004
2024-09-18 10:28:19.143000,410.79127793688497,996
2024-09-18 10:28:19.148000,410.7734312764641,999
2024-09-18 10:28:19.258000,410.7627316806633,96
2024-09-18 10:28:19.396000,410.7893692485542,6
2024-09-18 10:28:19.448000,410.8039851488323,1005
2024-09-18 10:28:19.596000,410.7802318821412,13
2024-09-18 10:28:19.635000,410.7790967554348,1003
2024-09-18 10:28:19.780000,410.7850489552072,100
2024-09-18 10:28:19.835000,410.7618692362568,7
2024-09-18 10:28:19.896000,410.77438278263,998
2024-09-18 10:28:19.900000,410.7922132475839,995
2024-09-18 10:28:20.064000,410.7815631156637,8
2024-09-18 10:28:20.071000,410.7921687126636,996
2024-09-18 10:28:20.120000,410.77260626364114,102
2024-09-18 10:28:20.136000,410.7911079217996,996
2024-09-18 10:28:20.143000,410.80845347255257,1002
2024-09-18 10:28:20.160000,410.8188207088039,999
2024-09-18 10:28:20.204000,410.811512365305,997
2024-09-18 10:28:20.220000,410.8194877296292,95
2024-09-18 10:28:20.319000,410.7607675424479,11
2024-09-18 10:28:20.340000,410.8025132650768,96
2024-09-18 10:28:20.349000,410.7846545422565,96
2024-09-18 10:28:20.416000,410.806497315898,995
2024-09-18 10:28:20.419000,410.7773391758925,96
2024-09-18 10:28:20.441000,410.7939944859715,7
2024-09-18 10:28:20.470000,410.7938352958765,15
2024-09-18 10:28:20.547000,410.8112900659065,14
2024-09-18 10:28:20.557000,410.7985507901051,98
2024-09-18 10:28:20.560000,410.8004116649536,8
2024-09-18 10:28:20.712000,410.82457817706967,99
2024-09-18 10:28:20.773000,410.82612424381017,1001
2024-09-18 10:28:20.801000,410.77176067575056,95
2024-09-18 10:28:20.806000,410.8062648995423,997
2024-09-18 10:28:20.891000,410.7892225131572,99
2024-09-18 10:28:20.974000,410.78572489099736,100
2024-09-18 10:28:21.037000,410.79682957698407,14
2024-09-18 10:28:21.065000,410.7981215194514,11
2024-09-18 10:28:21.089000,410.8147691082258,1003
2024-09-18 10:28:21.119000,410.7845610456866,14
2024-09-18 10:28:21.178000,410.8041215520056,7
2024-09-18 10:28:21.190000,410.80247234484006,104
2024-09-18 10:28:21.233000,410.805992954476,1002
2024-09-18 10:28:21.248000,410.78275745846855,97
2024-09-18 10:28:21.315000,410.77932627720895,997
2024-09-18 10:28:21.462000,410.7856319073358,14
2024-09-18 10:28:21.468000,410.78844935906426,103
2024-09-18 10:28:21.473000,410.7960082615288,7
2024-09-18 10:28:21.620000,410.79599578873206,6
2024-09-18 10:28:21.621000,410.7885685625174,98
2024-09-18 10:28:21.631000,410.7848530129427,103
2024-09-18 10:28:21.660000,410.80911300307713,1005
2024-09-18 10:28:21.692000,410.8192145180647,104
2024-09-18 10:28:21.717000,410.8015058866253,15
2024-09-18 10:28:21.773000,410.80267769456657,1001
2024-09-18 10:28:21.779000,410.7898273801174,996
2024-09-18 10:28:21.793000,410.814531849553,998
2024-09-18 10:28:21.804000,410.8148102530128,99
2024-09-18 10:28:21.813000,410.8098924019609,1002
2024-09-18 10:28:21.818000,410.7808829034042,1005
2024-09-18 10:28:22.002000,410.8010368361747,101
2024-09-18 10:28:22.260000,410.834197236236,96
2024-09-18 10:28:22.380000,410.7957179457383,13
2024-09-18 10:28:22.387000,410.7956791381734,100
2024-09-18 10:28:22.518000,410.82578600239054,13
2024-09-18 10:28:22.522000,410.79783987610585,98
2024-09-18 10:28:22.547000,410.83335109114495,1000
2024-09-18 10:28:22.563000,410.8314855552151,98
2024-09-18 10:28:22.700000,410.82071890139406,10
2024-09-18 10:28:22.717000,410.8039072287437,95
2024-09-18 10:28:22.766000,410.803071597524,997
2024-09-18 10:28:22.808000,410.807451739502,996
2024-09-18 10:28:22.814000,410.8217154071116,14
2024-09-18 10:28:22.911000,410.7861126413381,1000
2024-09-18 10:28:22.961000,410.8051077888511,6
2024-09-18 10:28:23.080000,410.79667357601545,10
2024-09-18 10:28:23.106000,410.8439477905774,96
2024-09-18 10:28:23.134000,410.810324705115,11
2024-09-18 10:28:23.184000,410.8051523505018,1004
2024-09-18 10:28:23.186000,410.7698013080752,98
2024-09-18 10:28:23.204000,410.7832674259638,10
2024-09-18 10:28:23.215000,410.789261752676,997
2024-09-18 10:28:23.227000,410.767096807489,1000
2024-09-18 10:28:23.235000,410.8640617470138,11
2024-09-18 10:28:23.295000,410.8370420312175,10
2024-09-18 10:28:23.324000,410.8115131084712,105
2024-09-18 10:28:23.403000,410.8359342999334,10
2024-09-18 10:28:23.421000,410.8054705912488,103
2024-09-18 10:28:23.446000,410.7866314919596,13
2024-09-18 10:28:23.462000,410.81054984831815,5
2024-09-18 10:28:23.479000,410.809245624316,8
2024-09-18 10:28:23.485000,410.8335888297293,14
2024-09-18 10:28:23.513000,410.8152289249174,995
2024-09-18 10:28:23.588000,410.8111415925361,98
2024-09-18 10:28:23.588000,410.80119560049087,98
2024-09-18 10:28:23.614000,410.805878928868,15
2024-09-18 10:28:23.686000,410.8521998418213,6
2024-09-18 10:28:23.718000,410.8218848595352,1000
2024-09-18 10:28:23.768000,410.8522150746287,9
2024-09-18 10:28:23.797000,410.8317640685705,8
2024-09-18 10:28:23.808000,410.8134770532631,5
2024-09-18 10:28:23.833000,410.83963878452647,9
2024-09-18 10:28:23.851000,410.84851717257817,1000
2024-09-18 10:28:23.866000,410.7884996965292,13
2024-09-18 10:28:23.957000,410.8081696580924,98
2024-09-18 10:28:24.003000,410.78239111483146,100
2024-09-18 10:28:24.071000,410.8164929529631,995
2024-09-18 10:28:24.082000,410.8000115248456,999
2024-09-18 10:28:24.129000,410.7520219792743,996
2024-09-18 10:28:24.144000,410.763067463031,7
2024-09-18 10:28:24.165000,410.7624795177981,6
2024-09-18 10:28:24.303000,410.76272719210215,5
2024-09-18 10:28:24.306000,410.8067258122047,1003
2024-09-18 10:28:24.329000,410.7800913215613,104
2024-09-18 10:28:24.359000,410.7544784822199,996
2024-09-18 10:28:24.375000,410.7711323263054,99
2024-09-18 10:28:24.465000,410.8016292710107,104
2024-09-18 10:28:24.578000,410.7529449511417,999
2024-09-18 10:28:24.725000,410.786133682641,103
2024-09-18 10:28:24.773000,410.7844155855557,9
2024-09-18 10:28:24.780000,410.7833179217656,99
2024-09-18 10:28:24.803000,410.78552391783984,7
2024-09-18 10:28:24.961000,410.76574388177465,104
2024-09-18 10:28:24.977000,410.7859591508992,1004
2024-09-18 10:28:25.110000,410.84776748889993,7
2024-09-18 10:28:25.125000,410.8292246817976,995
2024-09-18 10:28:25.591000,410.8636459294913,1000
2024-09-18 10:28:25.672000,410.84680349119526,8
2024-09-18 10:28:26.053000,410.8826773900877,104
2024-09-18 10:28:26.210000,410.8364002100228,14
2024-09-18 10:28:26.220000,410.83163633382014,1004
2024-09-18 10:28:26.240000,410.8726546474367,1000
2024-09-18 10:28:26.263000,410.87656690909006,13
2024-09-18 10:28:26.266000,410.8170758923101,97
2024-09-18 10:28:26.289000,410.8613595516978,999
2024-09-18 10:28:26.331000,410.8057111756116,14
2024-09-18 10:28:26.458000,410.8295051734023,10
2024-09-18 10:28:26.481000,410.8752709502365,1001
2024-09-18 10:28:26.491000,410.8219426188791,999
2024-09-18 10:28:26.641000,410.8757940776372,102
2024-09-18 10:28:26.728000,410.85631908982896,11
2024-09-18 10:28:26.819000,410.818212920294,102
2024-09-18 10:28:26.845000,410.800264540354,1002
2024-09-18 10:28:26.855000,410.8874978914532,1004
2024-09-18 10:28:26.943000,410.8098845966814,95
2024-09-18 10:28:26.966000,410.8245879206421,103
2024-09-18 10:28:27.001000,410.8688254801018,10
2024-09-18 10:28:27.077000,410.88163851107015,104
2024-09-18 10:28:27.300000,410.8893542085297,995
2024-09-18 10:28:27.319000,410.8628858512512,8
2024-09-18 10:28:27.379000,410.895057630333,9
2024-09-18 10:28:27.405000,410.8831522016,999
2024-09-18 10:28:27.502000,410.8563792367162,1002
2024-09-18 10:28:27.698000,410.88350930125705,100
2024-09-18 10:28:27.853000,410.8660818319915,9
2024-09-18 10:28:28.148000,410.9094202744998,1000
2024-09-18 10:28:28.287000,410.93071788164326,103
2024-09-18 10:28:28.294000,410.9034466279733,998
2024-09-18 10:28:28.336000,410.9255169382229,1001
2024-09-18 10:28:28.386000,410.9179770444737,7
2024-09-18 10:28:28.647000,410.899547904218,97
2024-09-18 10:28:28.685000,410.9353085275284,5
2024-09-18 10:28:28.752000,410.9143293803657,1005
2024-09-18 10:28:28.856000,410.90863875293735,15
2024-09-18 10:28:28.871000,410.8929897375432,12
2024-09-18 10:28:28.974000,410.90725452531024,6
2024-09-18 10:28:29.075000,410.9958223948938,1004
2024-09-18 10:28:29.113000,410.93485063620886,1003
2024-09-18 10:28:29.264000,410.93350563840266,1004
2024-09-18 10:28:29.294000,410.9255793273056,1003
2024-09-18 10:28:29.329000,410.9540544404265,13
2024-09-18 10:28:29.373000,410.9631182448893,12
2024-09-18 10:28:29.399000,410.94567283819606,12
2024-09-18 10:28:29.442000,410.955086191282,104
2024-09-18 10:28:29.533000,410.9438838142496,1000
2024-09-18 10:28:29.621000,410.94523421646,1005
2024-09-18 10:28:29.656000,410.9664372494071,96
2024-09-18 10:28:29.658000,410.940019281425,10
2024-09-18 10:28:29.714000,410.9503346031415,102
2024-09-18 10:28:29.751000,410.9463687785562,10
2024-09-18 10:28:30.010000,411.00618754297,13
2024-09-18 10:28:30.032000,411.0216628556026,104
2024-09-18 10:28:30.046000,411.0260422943748,8
2024-09-18 10:28:30.101000,411.0170993116256,10
2024-09-18 10:28:30.126000,411.03627438525007,104
2024-09-18 10:28:30.267000,411.0226363585545,101
2024-09-18 10:28:30.300000,411.0175345539602,102
2024-09-18 10:28:30.406000,411.0343621018391,97
2024-09-18 10:28:30.574000,411.0287582783069,10
2024-09-18 10:28:30.665000,410.98410809109447,9
2024-09-18 10:28:30.701000,411.008851455133,102
2024-09-18 10:28:31.070000,411.0084175904758,99
2024-09-18 10:28:31.109000,410.9654088969051,1000
2024-09-18 10:28:31.114000,410.96075187599257,104
2024-09-18 10:28:31.178000,411.0115837045314,999
2024-09-18 10:28:31.411000,411.0226188992187,13
2024-09-18 10:28:31.422000,411.00064177767376,1003
2024-09-18 10:28:31.450000,410.9538945443857,103
2024-09-18 10:28:31.484000,410.9541003168729,96
2024-09-18 10:28:31.571000,410.9938758655401,96
2024-09-18 10:28:31.618000,410.9790852891208,1004
2024-09-18 10:28:31.619000,411.0105677218956,999
2024-09-18 10:28:31.688000,410.998221287296,995
2024-09-18 10:28:31.694000,410.996938192704,100
2024-09-18 10:28:31.771000,411.0105735181163,998
2024-09-18 10:28:31.923000,410.9881785789776,1001
2024-09-18 10:28:31.938000,410.9769501742413,14
2024-09-18 10:28:32.181000,411.0622421223015,13
2024-09-18 10:28:32.302000,411.028012525163,1004
2024-09-18 10:28:32.367000,410.9708200177165,96
2024-09-18 10:28:32.405000,410.9751357040114,13
2024-09-18 10:28:32.426000,411.00843669941673,101
2024-09-18 10:28:32.469000,411.05552832051785,13
2024-09-18 10:28:32.512000,410.9682458067226,100
2024-09-18 10:28:32.527000,411.01848803744167,999
2024-09-18 10:28:32.704000,411.03767654613466,10
2024-09-18 10:28:32.706000,410.9732590295019,1001
2024-09-18 10:28:32.713000,411.00102951063263,98
2024-09-18 10:28:32.733000,410.95622604012686,10
2024-09-18 10:28:32.793000,411.06108651844215,103
2024-09-18 10:28:32.850000,410.9933961982725,999
2024-09-18 10:28:33.067000,411.0568308001901,102
2024-09-18 10:28:33.104000,411.07411166062775,998
2024-09-18 10:28:33.170000,411.0888334098207,7
2024-09-18 10:28:33.194000,411.0797991662248,1005
2024-09-18 10:28:33.205000,411.0900524630332,13
2024-09-18 10:28:33.226000,411.0859843386989,5
2024-09-18 10:28:33.245000,411.070329390148,997
2024-09-18 10:28:33.245000,411.09083796675145,5
2024-09-18 10:28:33.290000,411.0626016139936,997
2024-09-18 10:28:33.335000,411.09923079556665,13
2024-09-18 10:28:33.354000,411.0851532801217,1003
2024-09-18 10:28:33.399000,411.06292330072586,95
2024-09-18 10:28:33.401000,411.0768185541186,95
2024-09-18 10:28:33.421000,411.0661378720156,103
2024-09-18 10:28:33.482000,411.0703247622405,99
2024-09-18 10:28:33.516000,411.0893306538367,14
2024-09-18 10:28:33.609000,411.0859861263417,1003
2024-09-18 10:28:33.615000,411.072597069765,13
2024-09-18 10:28:33.680000,411.1023914414421,995
2024-09-18 10:28:33.683000,411.0474995344716,6
2024-09-18 10:28:33.710000,411.0453867988014,95
2024-09-18 10:28:33.723000,411.0868060261965,999
2024-09-18 10:28:33.804000,411.0604740559529,1002
2024-09-18 10:28:33.817000,411.084123408189,104
2024-09-18 10:28:33.964000,411.0486603006293,998
2024-09-18 10:28:34.546000,411.0870499756845,97
2024-09-18 10:28:34.606000,411.0795325337857,1002
2024-09-18 10:28:34.872000,411.08126438284006,1005
2024-09-18 10:28:35.049000,411.103657669364,1000
2024-09-18 10:28:35.141000,411.0603224503315,1000
2024-09-18 10:28:35.144000,411.056199447745,1001
2024-09-18 10:28:35.146000,411.1087351295324,9
2024-09-18 10:28:35.157000,411.08567741492686,15
2024-09-18 10:28:35.484000,411.0551418515849,996
2024-09-18 10:28:35.630000,411.09766237820094,13
2024-09-18 10:28:35.634000,411.0326272576663,103
2024-09-18 10:28:35.712000,411.0415950468972,1005
2024-09-18 10:28:35.739000,411.0967642576347,102
2024-09-18 10:28:35.837000,411.0943264451126,1003
2024-09-18 10:28:35.869000,411.0452501903573,15
2024-09-18 10:28:35.881000,411.0706773352138,996
2024-09-18 10:28:36.032000,411.11472307724665,1005
2024-09-18 10:28:36.072000,411.11263484236014,1004
2024-09-18 10:28:36.180000,411.1542557012753,95
2024-09-18 10:28:36.192000,411.1486592981418,100
2024-09-18 10:28:36.437000,411.1307891812674,97
2024-09-18 10:28:36.511000,411.1491964663552,101
2024-09-18 10:28:36.530000,411.13958537718526,999
2024-09-18 10:28:36.774000,411.1440526072168,5
2024-09-18 10:28:36.783000,411.1481217527095,10
2024-09-18 10:28:36.784000,411.155818999858,100
2024-09-18 10:28:36.922000,411.13415043976687,995
2024-09-18 10:28:36.958000,411.141265570228,7
2024-09-18 10:28:36.961000,411.14956042779545,97
2024-09-18 10:28:37.009000,411.12700464750594,995
2024-09-18 10:28:37.012000,411.12606189125273,9
2024-09-18 10:28:37.048000,411.1273042094225,99
2024-09-18 10:28:37.088000,411.1211884501715,96
2024-09-18 10:28:37.093000,411.1391430714237,99
2024-09-18 10:28:37.220000,411.1175859048825,11
2024-09-18 10:28:37.227000,411.1478740328132,98
2024-09-18 10:28:37.439000,411.1003507968343,101
2024-09-18 10:28:37.456000,411.1329705862601,102
2024-09-18 10:28:37.525000,411.1032468845617,1002
2024-09-18 10:28:37.566000,411.1467341001507,102
2024-09-18 10:28:37.624000,411.1077519146474,103
2024-09-18 10:28:37.734000,411.126430275756,100
2024-09-18 10:28:37.743000,411.1284395861196,6
2024-09-18 10:28:37.767000,411.1235910657084,102
2024-09-18 10:28:37.769000,411.0869957528541,997
2024-09-18 10:28:37.861000,411.1329193789,1004
2024-09-18 10:28:37.875000,411.1237951248947,97
2024-09-18 10:28:37.904000,411.1015068297448,8
2024-09-18 10:28:37.940000,411.1077482057783,103
2024-09-18 10:28:37.971000,411.1174493729198,12
2024-09-18 10:28:37.976000,411.1354984404222,1001
2024-09-18 10:28:38.026000,411.1164366786192,104
2024-09-18 10:28:38.123000,411.1348963133724,12
2024-09-18 10:28:38.504000,411.1100198865536,997
2024-09-18 10:28:38.588000,411.13002528853696,999
2024-09-18 10:28:38.603000,411.12970950432674,999
2024-09-18 10:28:38.772000,411.1302825657184,100
2024-09-18 10:28:38.857000,411.1198556234351,998
2024-09-18 10:28:38.944000,411.1433989392752,97
2024-09-18 10:28:38.964000,411.13244978485386,100
2024-09-18 10:28:39.070000,411.1901023074065,1004
2024-09-18 10:28:39.125000,411.1725234360852,102
2024-09-18 10:28:39.127000,411.1213450950633,11
2024-09-18 10:28:39.139000,411.0746710309178,103
2024-09-18 10:28:39.162000,411.2040650483601,11
2024-09-18 10:28:39.194000,411.1185830776511,1001
2024-09-18 10:28:39.213000,411.0763038664258,6
2024-09-18 10:28:39.301000,411.1919077397737,1005
2024-09-18 10:28:39.304000,411.0745575404432,999
2024-09-18 10:28:39.318000,411.1022664453983,6
2024-09-18 10:28:39.339000,411.1032396762218,11
2024-09-18 10:28:39.342000,411.219240434978,1003
2024-09-18 10:28:39.352000,411.0989343539732,998
2024-09-18 10:28:39.423000,411.15491605722207,1001
2024-09-18 10:28:39.446000,411.1173957874803,100
2024-09-18 10:28:39.568000,411.1029763186132,999
2024-09-18 10:28:39.582000,411.1724533177724,997
2024-09-18 10:28:39.677000,411.0987228192322,1005
2024-09-18 10:28:39.719000,411.08251733320265,96
2024-09-18 10:28:39.818000,411.0985834679224,13
2024-09-18 10:28:39.865000,411.1021784582259,7
2024-09-18 10:28:39.954000,411.0905980971053,14
2024-09-18 10:28:40.050000,411.22439682828247,102
2024-09-18 10:28:40.101000,411.091763114588,7
2024-09-18 10:28:40.196000,411.184775087547,999
2024-09-18 10:28:40.204000,411.1815227013421,100
2024-09-18 10:28:40.259000,411.1509899232932,1000
2024-09-18 10:28:40.291000,411.0843172020392,98
2024-09-18 10:28:40.311000,411.0955804715316,7
2024-09-18 10:28:40.344000,411.0837842429316,1001
2024-09-18 10:28:40.411000,411.0922145702336,101
2024-09-18 10:28:40.438000,411.1576529351249,995
2024-09-18 10:28:40.475000,411.1010032680184,103
2024-09-18 10:28:40.492000,411.0904659510754,1003
2024-09-18 10:28:40.543000,411.10025541433833,100
2024-09-18 10:28:40.579000,411.1108928618417,1004
2024-09-18 10:28:40.585000,411.1884977723578,103
2024-09-18 10:28:40.662000,411.1941942062646,995
2024-09-18 10:28:40.722000,411.0928606317062,995
2024-09-18 10:28:40.746000,411.1756854146424,996
2024-09-18 10:28:40.751000,411.1272213479373,1004
2024-09-18 10:28:40.757000,411.1591231111029,9
2024-09-18 10:28:40.909000,411.1713104517533,95
2024-09-18 10:28:40.958000,411.0856608614105,104
2024-09-18 10:28:41,411.0807458520629,995
2024-09-18 10:28:41.051000,411.1482339675038,1002
2024-09-18 10:28:41.054000,411.1360814654431,9
2024-09-18 10:28:41.080000,411.0823799833278,14
2024-09-18 10:28:41.176000,411.1042500109068,105
2024-09-18 10:28:41.192000,411.0600578569803,13
2024-09-18 10:28:41.258000,411.1100924473899,998
2024-09-18 10:28:41.279000,411.14646861962734,104
2024-09-18 10:28:41.334000,411.13617555090406,1005
2024-09-18 10:28:41.498000,411.1213129198736,13
2024-09-18 10:28:41.548000,411.0683498852672,1005
2024-09-18 10:28:41.596000,411.07860850587855,103
2024-09-18 10:28:41.694000,411.0942541393044,8
2024-09-18 10:28:41.804000,411.08105177900296,1003
2024-09-18 10:28:42.027000,411.2302042723142,1004
2024-09-18 10:28:42.082000,411.2192046002694,5
2024-09-18 10:28:42.094000,411.2607788079719,1005
2024-09-18 10:28:42.264000,411.1514721653225,10
2024-09-18 10:28:42.277000,411.2340508789571,102
2024-09-18 10:28:42.371000,411.1879163030278,103
2024-09-18 10:28:42.453000,411.2357805355592,999
2024-09-18 10:28:42.454000,411.2310637303244,103
2024-09-18 10:28:42.522000,411.2447193663854,101
2024-09-18 10:28:42.572000,411.23776800528657,103
2024-09-18 10:28:42.578000,411.1498627955379,11
2024-09-18 10:28:42.591000,411.2366278203518,1002
2024-09-18 10:28:42.603000,411.1863761806424,95
2024-09-18 10:28:42.627000,411.1552211764859,8
2024-09-18 10:28:42.658000,411.1479975151686,8
2024-09-18 10:28:42.710000,411.2408064705931,998
2024-09-18 10:28:42.718000,411.14484133579646,10
2024-09-18 10:28:42.858000,411.1942406239702,1001
2024-09-18 10:28:42.904000,411.2445444057605,97
2024-09-18 10:28:43.087000,411.2066082645431,97
2024-09-18 10:28:43.121000,411.2078900077777,1001
2024-09-18 10:28:43.141000,411.1999662568733,1003
2024-09-18 10:28:43.152000,411.216049611701,995
2024-09-18 10:28:43.180000,411.19380560543135,1005
2024-09-18 10:28:43.221000,411.2193639998259,997
2024-09-18 10:28:43.243000,411.222641381492,95
2024-09-18 10:28:43.252000,411.2145942259296,99
2024-09-18 10:28:43.307000,411.2017016803847,1005
2024-09-18 10:28:43.331000,411.22650340982847,96
2024-09-18 10:28:43.342000,411.2025414792671,9
2024-09-18 10:28:43.345000,411.1841819346401,7
2024-09-18 10:28:43.352000,411.2173299732051,102
2024-09-18 10:28:43.367000,411.2011036095012,1005
2024-09-18 10:28:43.410000,411.23770927733307,103
2024-09-18 10:28:43.447000,411.22189634929424,1000
2024-09-18 10:28:43.522000,411.2460168129864,11
2024-09-18 10:28:43.550000,411.1966435295772,102
2024-09-18 10:28:43.555000,411.2437881346268,97
2024-09-18 10:28:43.677000,411.2084474841882,105
2024-09-18 10:28:43.683000,411.2410336820464,998
2024-09-18 10:28:43.762000,411.1839862346873,13
2024-09-18 10:28:43.772000,411.2201860660623,15
2024-09-18 10:28:43.794000,411.2047428781655,1003
2024-09-18 10:28:43.884000,411.2031966980748,100
2024-09-18 10:28:43.937000,411.2019143709488,1004
2024-09-18 10:28:43.973000,411.2399867033116,12
2024-09-18 10:28:43.973000,411.2367163311998,14
2024-09-18 10:28:43.987000,411.2388707082038,13
2024-09-18 10:28:44.069000,411.1312486635881,102
2024-09-18 10:28:44.155000,411.09414537757885,105
2024-09-18 10:28:44.174000,411.1249852501738,95
2024-09-18 10:28:44.186000,411.1642818692495,11
2024-09-18 10:28:44.197000,411.184724720547,103
2024-09-18 10:28:44.270000,411.1210523460776,12
2024-09-18 10:28:44.283000,411.1537147032523,99
2024-09-18 10:28:44.331000,411.1006341039606,1000
2024-09-18 10:28:44.405000,411.1112686824216,104
2024-09-18 10:28:44.546000,411.1060727273338,95
2024-09-18 10:28:44.580000,411.1130832741067,98
2024-09-18 10:28:44.589000,411.1303910695849,1001
2024-09-18 10:28:44.602000,411.1121176753325,10
2024-09-18 10:28:44.611000,411.1545899938545,98
2024-09-18 10:28:44.683000,411.1535274482279,1001
2024-09-18 10:28:44.872000,411.15128912847007,995
2024-09-18 10:28:44.961000,411.11467495096826,105
2024-09-18 10:28:44.969000,411.14281695913127,13
2024-09-18 10:28:44.981000,411.128638202082,99
2024-09-18 10:28:44.987000,411.1331823942335,1005
2024-09-18 10:28:45.004000,411.02503258018913,105
2024-09-18 10:28:45.030000,411.0062560196517,1001
2024-09-18 10:28:45.051000,411.0458567606472,1005
2024-09-18 10:28:45.084000,411.0051304153776,8
2024-09-18 10:28:45.169000,411.012388834728,14
2024-09-18 10:28:45.196000,411.0569095345306,97
2024-09-18 10:28:45.226000,411.11873343703706,5
2024-09-18 10:28:45.243000,411.0169231474292,997
2024-09-18 10:28:45.346000,411.0502664427466,1002
2024-09-18 10:28:45.375000,411.1128263346956,10
2024-09-18 10:28:45.407000,411.11742151344913,10
2024-09-18 10:28:45.467000,411.1187048256173,11
2024-09-18 10:28:45.475000,411.0815929495303,997
2024-09-18 10:28:45.498000,411.0448113053482,995
2024-09-18 10:28:45.520000,411.1158819030738,1001
2024-09-18 10:28:45.598000,411.0641983565083,1002
2024-09-18 10:28:45.601000,411.1162902628235,995
2024-09-18 10:28:45.602000,411.00462684666377,104
2024-09-18 10:28:45.644000,411.1250372520027,15
2024-09-18 10:28:45.644000,411.0598997547737,15
2024-09-18 10:28:45.747000,411.1195042028896,96
2024-09-18 10:28:45.767000,411.0612126232238,995
2024-09-18 10:28:45.839000,411.09812378335033,15
2024-09-18 10:28:45.930000,411.0306398131725,10
2024-09-18 10:28:45.999000,411.06663737386026,1005
2024-09-18 10:28:46.071000,410.9869563766363,998
2024-09-18 10:28:46.332000,410.9845272814478,9
2024-09-18 10:28:46.437000,410.98574787644833,103
2024-09-18 10:28:46.438000,410.9774163254194,98
2024-09-18 10:28:46.463000,410.9829121789704,6
2024-09-18 10:28:46.713000,410.9842402144684,95
2024-09-18 10:28:47.090000,410.9689546057027,14
2024-09-18 10:28:47.259000,410.9717662714384,9
2024-09-18 10:28:47.380000,410.9929971415619,100
2024-09-18 10:28:47.394000,410.9770037633324,12
2024-09-18 10:28:47.409000,410.9932684458625,1002
2024-09-18 10:28:47.529000,410.98620087274185,101
2024-09-18 10:28:47.553000,410.9849951948044,1000
2024-09-18 10:28:47.602000,410.9960444391968,11
2024-09-18 10:28:47.611000,410.9767413470517,14
2024-09-18 10:28:47.756000,410.9704370439944,1005
2024-09-18 10:28:47.861000,410.9833151539872,6
2024-09-18 10:28:47.892000,410.98791335334624,97
2024-09-18 10:28:48.021000,410.9685815615183,6
2024-09-18 10:28:48.049000,410.95508045193935,5
2024-09-18 10:28:48.070000,410.9654585695516,6
2024-09-18 10:28:48.130000,410.9598625505707,103
2024-09-18 10:28:48.229000,410.96405904500426,10
2024-09-18 10:28:48.238000,410.94829954821,11
2024-09-18 10:28:48.346000,410.9528938545502,1004
2024-09-18 10:28:48.582000,410.9630051824503,1002
2024-09-18 10:28:48.630000,410.92379205154793,101
2024-09-18 10:28:48.642000,410.9273266766364,9
2024-09-18 10:28:48.642000,410.9501891606392,5
2024-09-18 10:28:48.643000,410.9622809901801,995
2024-09-18 10:28:48.649000,410.9576059353377,996
2024-09-18 10:28:48.678000,410.95784427398536,15
2024-09-18 10:28:48.723000,410.95070564280456,996
2024-09-18 10:28:48.787000,410.918885286836,96
2024-09-18 10:28:48.824000,410.9643629240709,997
2024-09-18 10:28:48.849000,410.9451116947007,11
2024-09-18 10:28:48.860000,410.9435747104615,11
2024-09-18 10:28:48.929000,410.9606167320069,1001
2024-09-18 10:28:49.108000,410.9675141342436,12
2024-09-18 10:28:49.366000,410.9902799421516,1002
2024-09-18 10:28:49.403000,410.9940850717995,1002
2024-09-18 10:28:49.435000,410.9697119952168,8
2024-09-18 10:28:49.436000,410.9522910276015,95
2024-09-18 10:28:49.476000,411.0087776660756,5
2024-09-18 10:28:49.648000,410.9827538989415,7
2024-09-18 10:28:49.666000,410.9481641050265,999
2024-09-18 10:28:49.894000,410.9964834155965,11
2024-09-18 10:28:49.942000,410.9680594767329,9
2024-09-18 10:28:49.999000,410.99830056293416,104
2024-09-18 10:28:50.009000,411.0040643693228,14
2024-09-18 10:28:50.016000,411.0629506435122,101
2024-09-18 10:28:50.026000,411.0033596492898,8
2024-09-18 10:28:50.035000,411.01021405659145,1002
2024-09-18 10:28:50.168000,411.0646636857371,1001
2024-09-18 10:28:50.186000,411.0572254332992,103
2024-09-18 10:28:50.250000,411.035850221869,999
2024-09-18 10:28:50.272000,411.0365065772692,1004
2024-09-18 10:28:50.326000,411.0046758615048,14
2024-09-18 10:28:50.365000,410.997240119396,11
2024-09-18 10:28:50.481000,411.0372581696213,6
2024-09-18 10:28:50.502000,411.0668326102596,1003
2024-09-18 10:28:50.589000,411.0044167188197,95
2024-09-18 10:28:50.620000,411.0524175604152,99
2024-09-18 10:28:50.637000,411.0550296207783,95
2024-09-18 10:28:50.756000,411.05358234627977,99
2024-09-18 10:28:50.912000,411.0621980329656,11
2024-09-18 10:28:50.938000,411.0377712692078,98
2024-09-18 10:28:50.991000,411.0495003057554,11
2024-09-18 10:28:51.116000,411.0720506376581,97
2024-09-18 10:28:51.142000,411.0583863249655,1000
2024-09-18 10:28:51.177000,411.0412925136456,999
2024-09-18 10:28:51.216000,411.1003033233655,97
2024-09-18 10:28:51.230000,411.0154444272965,14
2024-09-18 10:28:51.331000,411.0611075782968,103
2024-09-18 10:28:51.353000,411.0674806390006,1004
2024-09-18 10:28:51.388000,411.0514861071647,995
2024-09-18 10:28:51.417000,411.0496687573651,103
2024-09-18 10:28:51.420000,411.0817882532912,97
2024-09-18 10:28:51.437000,411.0743908491339,1004
2024-09-18 10:28:51.481000,411.0314836680674,98
2024-09-18 10:28:51.492000,411.02873327128646,1004
2024-09-18 10:28:51.505000,411.1083073033258,998
2024-09-18 10:28:51.507000,411.0329697987653,104
2024-09-18 10:28:51.690000,411.0349546212144,100
2024-09-18 10:28:51.706000,411.0306966388087,11
2024-09-18 10:28:51.754000,411.0428153589627,13
2024-09-18 10:28:51.863000,411.1054173478509,8
2024-09-18 10:28:52.842000,411.0971671340583,5
2024-09-18 10:28:53.213000,411.0934323278954,15
2024-09-18 10:28:53.266000,411.0669788108794,1000
2024-09-18 10:28:53.594000,411.1126598879151,15
2024-09-18 10:28:53.703000,411.0871686316633,99
2024-09-18 10:28:53.713000,411.1001877269108,1001
2024-09-18 10:28:53.809000,411.1004153913363,1000
2024-09-18 10:28:53.811000,411.10186093093625,100
2024-09-18 10:28:53.818000,411.0777213345712,96
2024-09-18 10:28:53.844000,411.0814285187316,101
2024-09-18 10:28:54.024000,411.0631781761305,10
2024-09-18 10:28:54.027000,411.0434726759749,99
2024-09-18 10:28:54.122000,411.0628783811613,99
2024-09-18 10:28:54.157000,411.1143499435062,7
2024-09-18 10:28:54.191000,411.0805060074338,5
2024-09-18 10:28:54.216000,411.0760165617976,1003
2024-09-18 10:28:54.344000,411.0888552215133,8
2024-09-18 10:28:54.349000,411.0179019750042,97
2024-09-18 10:28:54.393000,411.0931766697086,996
2024-09-18 10:28:54.560000,411.0580816593083,997
2024-09-18 10:28:54.570000,411.1138822140346,999
2024-09-18 10:28:54.607000,411.06557291206417,14
2024-09-18 10:28:54.623000,411.0982119033336,7
2024-09-18 10:28:54.644000,411.1034862202209,9
2024-09-18 10:28:54.795000,411.1004853578446,1000
2024-09-18 10:28:54.807000,411.0168836536512,1000
2024-09-18 10:28:54.897000,411.0962565820776,13
2024-09-18 10:28:55.074000,411.16436947056775,1003
2024-09-18 10:28:55.157000,411.055761671207,6
2024-09-18 10:28:55.232000,411.0740299389011,999
2024-09-18 10:28:55.236000,411.0476064237066,15
2024-09-18 10:28:55.276000,411.2083013715257,15
2024-09-18 10:28:55.289000,411.1438364373295,15
2024-09-18 10:28:55.297000,411.0376981844876,98
2024-09-18 10:28:55.297000,411.1367479172557,15
2024-09-18 10:28:55.302000,411.1800647560299,100
2024-09-18 10:28:55.346000,411.0608216934981,998
2024-09-18 10:28:55.351000,411.20172620646144,7
2024-09-18 10:28:55.399000,411.0771414630409,1003
2024-09-18 10:28:55.407000,411.0938984255873,15
2024-09-18 10:28:55.418000,411.07623783639457,1001
2024-09-18 10:28:55.458000,411.18878027969606,100
2024-09-18 10:28:55.473000,411.1905738578544,98
2024-09-18 10:28:55.492000,411.1250154253159,10
2024-09-18 10:28:55.502000,411.0905212420175,96
2024-09-18 10:28:55.516000,411.0666040769442,6
2024-09-18 10:28:55.543000,411.0868036200344,12
2024-09-18 10:28:55.563000,411.1260361702724,1002
2024-09-18 10:28:55.618000,411.1014372931274,11
2024-09-18 10:28:55.650000,411.085003976989,1000
2024-09-18 10:28:55.750000,411.1614394657962,102
2024-09-18 10:28:55.830000,411.0825464317319,13
2024-09-18 10:28:55.932000,411.1214449646408,1000
2024-09-18 10:28:56.097000,411.20990419275023,6
2024-09-18 10:28:56.229000,411.22949364506127,12
2024-09-18 10:28:56.308000,411.24958704637726,7
2024-09-18 10:28:56.331000,411.2495076368922,101
2024-09-18 10:28:56.369000,411.2728168525256,996
2024-09-18 10:28:56.391000,411.2510675356432,999
2024-09-18 10:28:56.436000,411.2343012139873,104
2024-09-18 10:28:56.467000,411.27707406545454,1000
2024-09-18 10:28:56.472000,411.2648507778218,1001
2024-09-18 10:28:56.486000,411.2457476259216,1000
2024-09-18 10:28:56.554000,411.28048182551146,10
2024-09-18 10:28:56.587000,411.1964123942222,5
2024-09-18 10:28:56.732000,411.24244437922846,14
2024-09-18 10:28:56.822000,411.2784428637825,997
2024-09-18 10:28:56.887000,411.20463045142094,103
2024-09-18 10:28:56.959000,411.2076462455828,95
2024-09-18 10:28:56.961000,411.2591495987953,105
2024-09-18 10:28:56.974000,411.25429031337393,1002
2024-09-18 10:28:57.257000,411.26432682096936,102
2024-09-18 10:28:57.523000,411.2637929582104,98
2024-09-18 10:28:57.581000,411.2739118877195,1004
2024-09-18 10:28:57.651000,411.2476566926369,1005
2024-09-18 10:28:58.026000,411.2325362961888,9
2024-09-18 10:28:58.105000,411.2772040552237,7
2024-09-18 10:28:58.112000,411.21393169010287,1002
2024-09-18 10:28:58.137000,411.2698912264986,15
2024-09-18 10:28:58.281000,411.2528384244972,997
2024-09-18 10:28:58.295000,411.2858119934512,10
2024-09-18 10:28:58.303000,411.2679486165536,10
2024-09-18 10:28:58.323000,411.2678171406776,95
2024-09-18 10:28:58.335000,411.2834505873361,8
2024-09-18 10:28:58.336000,411.26277672739104,995
2024-09-18 10:28:58.478000,411.2609293467472,102
2024-09-18 10:28:58.486000,411.2794511185765,995
2024-09-18 10:28:58.488000,411.2522368256259,105
2024-09-18 10:28:58.563000,411.2247022666605,102
2024-09-18 10:28:58.644000,411.2929441627191,105
2024-09-18 10:28:58.664000,411.2522990126994,101
2024-09-18 10:28:58.666000,411.2829715432798,5
2024-09-18 10:28:58.888000,411.272605406887,10
2024-09-18 10:28:58.944000,411.2389940656897,6
2024-09-18 10:28:59.001000,411.2004521398861,99
2024-09-18 10:28:59.026000,411.2988122565277,12
2024-09-18 10:28:59.074000,411.2401202925221,8
2024-09-18 10:28:59.092000,411.28891801191,1001
2024-09-18 10:28:59.147000,411.221236706003,8
2024-09-18 10:28:59.156000,411.2952674791051,1002
2024-09-18 10:28:59.195000,411.2383181281367,101
2024-09-18 10:28:59.228000,411.2942482498707,103
2024-09-18 10:28:59.274000,411.28483131538826,13
2024-09-18 10:28:59.323000,411.2897319046053,101
2024-09-18 10:28:59.399000,411.2424780836582,105
2024-09-18 10:28:59.418000,411.286862833986,97
2024-09-18 10:28:59.432000,411.24801997213234,98
2024-09-18 10:28:59.538000,411.215665783081,99
2024-09-18 10:28:59.550000,411.2902997376194,12
2024-09-18 10:28:59.612000,411.2502312476039,1004
2024-09-18 10:28:59.630000,411.2302486408588,96
2024-09-18 10:28:59.673000,411.2786959695141,1001
2024-09-18 10:28:59.680000,411.19701066780937,104
2024-09-18 10:28:59.697000,411.23106512229776,13
2024-09-18 10:28:59.707000,411.2916593051714,11
2024-09-18 10:28:59.728000,411.2072784220082,1001
2024-09-18 10:28:59.735000,411.243787814539,997
2024-09-18 10:28:59.762000,411.2867738273845,1000
2024-09-18 10:28:59.788000,411.212588129588,998
2024-09-18 10:28:59.803000,411.2125697269096,10
2024-09-18 10:28:59.864000,411.2009153733984,1005
2024-09-18 10:28:59.923000,411.2140835840928,95
2024-09-18 10:28:59.969000,411.2870974267691,11
