Timestamp,Price,Size
2024-09-20 11:23:00.165000,426.4161165744628,9
2024-09-20 11:23:00.205000,426.39610218767626,100
2024-09-20 11:23:00.246000,426.420064734576,100
2024-09-20 11:23:00.281000,426.4193518408656,1001
2024-09-20 11:23:00.370000,426.42946664925125,10
2024-09-20 11:23:00.488000,426.4395900987102,105
2024-09-20 11:23:00.553000,426.4284921893173,1000
2024-09-20 11:23:00.649000,426.4244342838418,8
2024-09-20 11:23:00.743000,426.4412404962453,10
2024-09-20 11:23:00.804000,426.4072024926063,999
2024-09-20 11:23:00.976000,426.39241355083215,102
2024-09-20 11:23:01.233000,426.4742196421376,95
2024-09-20 11:23:01.253000,426.45937110693865,1002
2024-09-20 11:23:01.306000,426.474990595092,8
2024-09-20 11:23:01.321000,426.473757445337,99
2024-09-20 11:23:01.566000,426.479016836846,100
2024-09-20 11:23:01.568000,426.48798071235774,100
2024-09-20 11:23:01.760000,426.4703681627153,9
2024-09-20 11:23:01.801000,426.4403246890907,1001
2024-09-20 11:23:01.893000,426.47614812841766,15
2024-09-20 11:23:01.896000,426.4712953300671,1003
2024-09-20 11:23:01.995000,426.4689396584471,100
2024-09-20 11:23:02.055000,426.4970149143165,1003
2024-09-20 11:23:02.065000,426.4612898281195,100
2024-09-20 11:23:02.325000,426.4776250361089,12
2024-09-20 11:23:02.332000,426.4462691957016,97
2024-09-20 11:23:02.351000,426.4690475688585,97
2024-09-20 11:23:02.538000,426.4766486468659,998
2024-09-20 11:23:02.668000,426.4698217293556,999
2024-09-20 11:23:02.691000,426.4768693698237,13
2024-09-20 11:23:02.702000,426.4833528915831,12
2024-09-20 11:23:02.718000,426.4599037727878,15
2024-09-20 11:23:02.790000,426.4352143840065,97
2024-09-20 11:23:02.903000,426.44760983075446,1004
2024-09-20 11:23:03.026000,426.4713683544434,1004
2024-09-20 11:23:03.030000,426.4550857633439,1000
2024-09-20 11:23:03.032000,426.43583969023285,1005
2024-09-20 11:23:03.070000,426.4494883352948,11
2024-09-20 11:23:03.103000,426.480324747649,14
2024-09-20 11:23:03.132000,426.46446764074807,1001
2024-09-20 11:23:03.202000,426.4652862458442,5
2024-09-20 11:23:03.302000,426.48297501142696,9
2024-09-20 11:23:03.328000,426.4690027840376,1003
2024-09-20 11:23:03.336000,426.4515120592688,995
2024-09-20 11:23:03.480000,426.4574344639487,103
2024-09-20 11:23:03.563000,426.4367828012705,6
2024-09-20 11:23:03.593000,426.4938260208551,999
2024-09-20 11:23:03.607000,426.4493542332499,9
2024-09-20 11:23:03.617000,426.4629690134208,10
2024-09-20 11:23:03.680000,426.4481489214791,100
2024-09-20 11:23:03.702000,426.47723703429057,99
2024-09-20 11:23:03.730000,426.4321962540482,1000
2024-09-20 11:23:03.752000,426.47523511265086,996
2024-09-20 11:23:03.795000,426.4450328003524,10
2024-09-20 11:23:03.801000,426.4614615393872,9
2024-09-20 11:23:03.802000,426.44497257604553,100
2024-09-20 11:23:03.826000,426.4477945098726,96
2024-09-20 11:23:03.830000,426.4622061667167,99
2024-09-20 11:23:03.831000,426.4526328575,100
2024-09-20 11:23:03.908000,426.4611579754772,104
2024-09-20 11:23:03.914000,426.4308421714721,996
2024-09-20 11:23:03.962000,426.4424976773821,95
2024-09-20 11:23:04.005000,426.51551411078094,1000
2024-09-20 11:23:04.014000,426.5203577445776,6
2024-09-20 11:23:04.023000,426.5124761721597,101
2024-09-20 11:23:04.029000,426.5061835283892,10
2024-09-20 11:23:04.037000,426.5176569053703,98
2024-09-20 11:23:04.129000,426.5340797032188,100
2024-09-20 11:23:04.150000,426.4809235615128,102
2024-09-20 11:23:04.157000,426.5448884595689,999
2024-09-20 11:23:04.222000,426.488678833388,14
2024-09-20 11:23:04.245000,426.5082006543102,997
2024-09-20 11:23:04.337000,426.499726978584,1005
2024-09-20 11:23:04.462000,426.4946137581606,1004
2024-09-20 11:23:04.471000,426.4936323034292,104
2024-09-20 11:23:04.535000,426.48728647504737,15
2024-09-20 11:23:04.568000,426.5249562077871,100
2024-09-20 11:23:04.595000,426.4947315871676,11
2024-09-20 11:23:04.614000,426.58367955867504,103
2024-09-20 11:23:04.668000,426.5050627240481,999
2024-09-20 11:23:04.717000,426.5641967609855,998
2024-09-20 11:23:04.762000,426.49326384988393,998
2024-09-20 11:23:04.835000,426.4945252678798,6
2024-09-20 11:23:04.842000,426.4724175526992,1005
2024-09-20 11:23:04.869000,426.527361527856,1004
2024-09-20 11:23:04.915000,426.4836313117365,102
2024-09-20 11:23:04.944000,426.4911412658747,1002
2024-09-20 11:23:05.028000,426.5913986194525,1003
2024-09-20 11:23:05.029000,426.5450716056305,7
2024-09-20 11:23:05.071000,426.5576705084023,14
2024-09-20 11:23:05.191000,426.5733784823461,101
2024-09-20 11:23:05.238000,426.5577550777022,995
2024-09-20 11:23:05.259000,426.572640923756,14
2024-09-20 11:23:05.278000,426.5818475163114,104
2024-09-20 11:23:05.301000,426.5775406296203,997
2024-09-20 11:23:05.322000,426.5868304328941,997
2024-09-20 11:23:05.349000,426.5792149702484,5
2024-09-20 11:23:05.420000,426.545349133657,1003
2024-09-20 11:23:05.460000,426.60014745108185,10
2024-09-20 11:23:05.466000,426.5728042731245,97
2024-09-20 11:23:05.512000,426.5276006012731,97
2024-09-20 11:23:05.516000,426.5741822501409,995
2024-09-20 11:23:05.549000,426.5429184075076,1003
2024-09-20 11:23:05.550000,426.5929651374895,95
2024-09-20 11:23:05.603000,426.5826271153558,7
2024-09-20 11:23:05.612000,426.5794732280533,997
2024-09-20 11:23:05.649000,426.5849895033986,8
2024-09-20 11:23:05.682000,426.5598923815626,1001
2024-09-20 11:23:05.692000,426.5884204997776,1003
2024-09-20 11:23:05.693000,426.5913909267444,99
2024-09-20 11:23:05.705000,426.562605424568,5
2024-09-20 11:23:05.773000,426.57251782757095,995
2024-09-20 11:23:05.824000,426.6013524602998,1001
2024-09-20 11:23:05.898000,426.5556514632015,97
2024-09-20 11:23:05.951000,426.5809791565177,1002
2024-09-20 11:23:06.039000,426.602959115389,998
2024-09-20 11:23:06.087000,426.5849244024142,104
2024-09-20 11:23:06.152000,426.598995798532,998
2024-09-20 11:23:06.209000,426.6010800200198,1005
2024-09-20 11:23:06.210000,426.5914453440753,8
2024-09-20 11:23:06.218000,426.5956664002401,999
2024-09-20 11:23:06.225000,426.60738360285904,998
2024-09-20 11:23:06.235000,426.5748496780979,104
2024-09-20 11:23:06.250000,426.6190788297912,996
2024-09-20 11:23:06.304000,426.6123180504106,10
2024-09-20 11:23:06.314000,426.5812484564857,11
2024-09-20 11:23:06.340000,426.56468332643294,1003
2024-09-20 11:23:06.352000,426.619877896236,7
2024-09-20 11:23:06.370000,426.6026018900084,98
2024-09-20 11:23:06.417000,426.6409572389001,11
2024-09-20 11:23:06.492000,426.6033322190935,8
2024-09-20 11:23:06.594000,426.618639021294,10
2024-09-20 11:23:06.623000,426.5665434253097,1005
2024-09-20 11:23:06.630000,426.5982225567153,5
2024-09-20 11:23:06.638000,426.6286618722317,11
2024-09-20 11:23:06.652000,426.63066960249,105
2024-09-20 11:23:06.702000,426.5834368869933,96
2024-09-20 11:23:06.731000,426.5660752405563,998
2024-09-20 11:23:06.773000,426.6132872725348,13
2024-09-20 11:23:06.857000,426.58685543994864,11
2024-09-20 11:23:06.973000,426.5982984240738,97
2024-09-20 11:23:06.993000,426.5523915280263,1001
2024-09-20 11:23:07.003000,426.61753240259617,1003
2024-09-20 11:23:07.008000,426.58774478046297,5
2024-09-20 11:23:07.036000,426.6275328160247,998
2024-09-20 11:23:07.182000,426.6003850746558,105
2024-09-20 11:23:07.282000,426.6396217476223,95
2024-09-20 11:23:07.413000,426.6259729267558,999
2024-09-20 11:23:07.453000,426.6126477370008,14
2024-09-20 11:23:07.508000,426.62034939339634,999
2024-09-20 11:23:07.563000,426.6239322416488,1004
2024-09-20 11:23:07.607000,426.6294885968052,97
2024-09-20 11:23:07.703000,426.6045536872408,8
2024-09-20 11:23:07.886000,426.5959040149003,100
2024-09-20 11:23:07.939000,426.6034051641076,998
2024-09-20 11:23:08.285000,426.6572235324783,105
2024-09-20 11:23:08.359000,426.6501138447034,6
2024-09-20 11:23:08.573000,426.65397010196966,996
2024-09-20 11:23:09.286000,426.625484516111,11
2024-09-20 11:23:09.832000,426.6364317499484,100
2024-09-20 11:23:10.009000,426.6487544069998,11
2024-09-20 11:23:10.220000,426.64964520335207,11
2024-09-20 11:23:10.321000,426.67056957343976,14
2024-09-20 11:23:10.370000,426.7095935584804,999
2024-09-20 11:23:10.379000,426.7018766220679,101
2024-09-20 11:23:10.399000,426.69684535156216,998
2024-09-20 11:23:10.402000,426.6771900554924,998
2024-09-20 11:23:10.462000,426.6894184069736,9
2024-09-20 11:23:10.476000,426.64123243193046,105
2024-09-20 11:23:10.547000,426.67287571764206,102
2024-09-20 11:23:10.624000,426.6353032915471,1004
2024-09-20 11:23:10.655000,426.65985646106543,97
2024-09-20 11:23:10.658000,426.6542526870261,1001
2024-09-20 11:23:10.789000,426.64659220434834,1001
2024-09-20 11:23:10.837000,426.6566987199661,95
2024-09-20 11:23:11.015000,426.6964510955137,996
2024-09-20 11:23:11.065000,426.6639454181879,996
2024-09-20 11:23:11.195000,426.708828764178,1001
2024-09-20 11:23:11.236000,426.6693374478953,5
2024-09-20 11:23:11.539000,426.66922941803176,99
2024-09-20 11:23:11.639000,426.659260473744,15
2024-09-20 11:23:11.796000,426.6642240674594,1003
2024-09-20 11:23:12.050000,426.7298299691584,102
2024-09-20 11:23:12.062000,426.71492112669137,99
2024-09-20 11:23:12.068000,426.7273664004732,996
2024-09-20 11:23:12.085000,426.7618912320008,10
2024-09-20 11:23:12.122000,426.7330840612418,103
2024-09-20 11:23:12.244000,426.73650216594575,997
2024-09-20 11:23:12.312000,426.72010435744494,97
2024-09-20 11:23:12.332000,426.7159900746423,97
2024-09-20 11:23:12.528000,426.7228146312941,9
2024-09-20 11:23:12.583000,426.7408480552021,12
2024-09-20 11:23:12.658000,426.7192509568117,5
2024-09-20 11:23:12.668000,426.7332837702244,12
2024-09-20 11:23:12.716000,426.75520284721455,998
2024-09-20 11:23:12.766000,426.7611181796236,1001
2024-09-20 11:23:12.770000,426.7311255015797,7
2024-09-20 11:23:13.050000,426.71308342482416,99
2024-09-20 11:23:13.175000,426.6678454248732,9
2024-09-20 11:23:13.267000,426.6678587756854,998
2024-09-20 11:23:13.280000,426.7195634648798,99
2024-09-20 11:23:13.343000,426.7517707447125,99
2024-09-20 11:23:13.388000,426.70379432765,1000
2024-09-20 11:23:13.408000,426.7197177222747,9
2024-09-20 11:23:13.678000,426.7041051376823,102
2024-09-20 11:23:13.831000,426.7597568575269,1002
2024-09-20 11:23:14.012000,426.6769044914702,95
2024-09-20 11:23:14.763000,426.6869899447199,10
2024-09-20 11:23:14.829000,426.6806924080237,1002
2024-09-20 11:23:15.004000,426.7102657310951,997
2024-09-20 11:23:15.006000,426.7005350888488,997
2024-09-20 11:23:15.247000,426.7245730368609,10
2024-09-20 11:23:15.323000,426.74784468717087,13
2024-09-20 11:23:15.343000,426.7460811063663,12
2024-09-20 11:23:15.388000,426.75033716153297,104
2024-09-20 11:23:15.495000,426.7457527907443,1003
2024-09-20 11:23:15.529000,426.726429235068,1002
2024-09-20 11:23:15.615000,426.6940297570677,96
2024-09-20 11:23:15.625000,426.7445366435165,1001
2024-09-20 11:23:15.639000,426.71592096233786,995
2024-09-20 11:23:15.666000,426.7396381995783,103
2024-09-20 11:23:15.666000,426.7448104501357,996
2024-09-20 11:23:15.835000,426.73116672981206,1001
2024-09-20 11:23:15.981000,426.7303677020987,15
2024-09-20 11:23:16.004000,426.6993845788108,1005
2024-09-20 11:23:16.013000,426.669383887335,1000
2024-09-20 11:23:16.035000,426.7045845122913,10
2024-09-20 11:23:16.064000,426.70427531128826,1000
2024-09-20 11:23:16.075000,426.6371278963551,7
2024-09-20 11:23:16.083000,426.65876343815785,1000
2024-09-20 11:23:16.131000,426.67787147266,997
2024-09-20 11:23:16.409000,426.6785696586393,14
2024-09-20 11:23:16.431000,426.6750473802706,100
2024-09-20 11:23:16.446000,426.6703190362461,99
2024-09-20 11:23:16.456000,426.6697557956666,1000
2024-09-20 11:23:16.493000,426.692441810052,96
2024-09-20 11:23:16.530000,426.6665306430418,995
2024-09-20 11:23:16.567000,426.6348628446172,13
2024-09-20 11:23:16.608000,426.6725146336608,7
2024-09-20 11:23:16.628000,426.65553530032736,95
2024-09-20 11:23:16.649000,426.6569202993428,998
2024-09-20 11:23:16.739000,426.6934274503057,1005
2024-09-20 11:23:16.740000,426.6862898636728,95
2024-09-20 11:23:16.824000,426.67903888313504,1003
2024-09-20 11:23:16.876000,426.68757246240347,101
2024-09-20 11:23:16.908000,426.68673942905536,996
2024-09-20 11:23:17.160000,426.7253048318254,1002
2024-09-20 11:23:17.192000,426.6728764184764,1005
2024-09-20 11:23:17.324000,426.6758836845449,1003
2024-09-20 11:23:17.340000,426.7067603121668,1002
2024-09-20 11:23:17.395000,426.6959694940847,100
2024-09-20 11:23:17.735000,426.6867978049473,14
2024-09-20 11:23:17.749000,426.66847455206766,1000
2024-09-20 11:23:17.808000,426.73586250893743,104
2024-09-20 11:23:18.013000,426.6810528655231,7
2024-09-20 11:23:18.052000,426.7057459648351,99
2024-09-20 11:23:18.060000,426.69903200772217,1004
2024-09-20 11:23:18.121000,426.7085295141064,1004
2024-09-20 11:23:18.147000,426.7055882178542,999
2024-09-20 11:23:18.321000,426.7056375358249,1004
2024-09-20 11:23:18.561000,426.7035633356854,1002
2024-09-20 11:23:18.590000,426.7137657940095,10
2024-09-20 11:23:18.649000,426.7087313358952,15
2024-09-20 11:23:18.800000,426.7108012605689,1001
2024-09-20 11:23:18.896000,426.7249108970354,997
2024-09-20 11:23:18.996000,426.7366099028919,96
2024-09-20 11:23:19.024000,426.7358925153167,9
2024-09-20 11:23:19.028000,426.7200552565952,1002
2024-09-20 11:23:19.283000,426.7665745167077,1005
2024-09-20 11:23:19.293000,426.7359012445466,1002
2024-09-20 11:23:19.765000,426.7401218924069,1002
2024-09-20 11:23:19.796000,426.72440507402086,104
2024-09-20 11:23:19.903000,426.7593467906838,11
2024-09-20 11:23:20.022000,426.7982026806012,997
2024-09-20 11:23:20.101000,426.76742681417073,97
2024-09-20 11:23:20.182000,426.8035819197421,1003
2024-09-20 11:23:20.196000,426.8028466394454,6
2024-09-20 11:23:20.197000,426.76471504073874,1003
2024-09-20 11:23:20.202000,426.791665402569,1000
2024-09-20 11:23:20.230000,426.8017419305961,100
2024-09-20 11:23:20.294000,426.7494374116573,96
2024-09-20 11:23:20.319000,426.7889807445764,99
2024-09-20 11:23:20.346000,426.7844024978544,100
2024-09-20 11:23:20.354000,426.7679390077186,15
2024-09-20 11:23:20.359000,426.77526522127937,14
2024-09-20 11:23:20.485000,426.787827295442,1005
2024-09-20 11:23:20.560000,426.747748750338,10
2024-09-20 11:23:20.680000,426.81252926564633,98
2024-09-20 11:23:20.683000,426.7634073218713,996
2024-09-20 11:23:20.717000,426.8114259458014,9
2024-09-20 11:23:20.759000,426.8267064531189,96
2024-09-20 11:23:20.800000,426.80026690257336,999
2024-09-20 11:23:20.957000,426.80196644553416,105
2024-09-20 11:23:20.976000,426.77139276163433,1003
2024-09-20 11:23:21.006000,426.7870758295051,1004
2024-09-20 11:23:21.035000,426.7541301431245,97
2024-09-20 11:23:21.088000,426.794345536908,998
2024-09-20 11:23:21.150000,426.7533170762429,15
2024-09-20 11:23:21.159000,426.76938152786965,1004
2024-09-20 11:23:21.275000,426.74249324523424,12
2024-09-20 11:23:21.310000,426.775584644161,96
2024-09-20 11:23:21.322000,426.7627840366156,1003
2024-09-20 11:23:21.338000,426.7938710397755,98
2024-09-20 11:23:21.404000,426.79451496189904,5
2024-09-20 11:23:21.422000,426.7514174501322,104
2024-09-20 11:23:21.465000,426.7677600893674,15
2024-09-20 11:23:21.489000,426.7550195843271,102
2024-09-20 11:23:21.572000,426.7879884631837,997
2024-09-20 11:23:21.580000,426.7681984387842,11
2024-09-20 11:23:21.694000,426.79108899435295,13
2024-09-20 11:23:21.775000,426.7929944539302,13
2024-09-20 11:23:21.821000,426.80142887046406,101
2024-09-20 11:23:21.830000,426.7794438546001,105
2024-09-20 11:23:21.862000,426.7609545928029,996
2024-09-20 11:23:21.884000,426.7511197935343,1003
2024-09-20 11:23:21.889000,426.7528458499671,14
2024-09-20 11:23:21.918000,426.7641839201313,7
2024-09-20 11:23:21.924000,426.74676928182026,99
2024-09-20 11:23:21.959000,426.7592296439944,103
2024-09-20 11:23:22.002000,426.7713595495068,103
2024-09-20 11:23:22.028000,426.75712241737455,6
2024-09-20 11:23:22.102000,426.7614240936373,99
2024-09-20 11:23:22.125000,426.7574451536993,104
2024-09-20 11:23:22.167000,426.7613754633709,5
2024-09-20 11:23:22.232000,426.76736082777416,995
2024-09-20 11:23:22.234000,426.7478121394739,95
2024-09-20 11:23:22.324000,426.7690195501258,1002
2024-09-20 11:23:22.340000,426.7602472179516,1002
2024-09-20 11:23:22.368000,426.7304583274952,1002
2024-09-20 11:23:22.368000,426.7651472984334,98
2024-09-20 11:23:22.395000,426.76820416999874,14
2024-09-20 11:23:22.442000,426.7531752715167,11
2024-09-20 11:23:22.461000,426.7385572243816,14
2024-09-20 11:23:22.557000,426.7602086735982,12
2024-09-20 11:23:22.600000,426.7572116685338,100
2024-09-20 11:23:22.698000,426.75510715848543,996
2024-09-20 11:23:22.699000,426.7509283461232,11
2024-09-20 11:23:22.712000,426.77286098508506,1002
2024-09-20 11:23:22.717000,426.7517319460042,1004
2024-09-20 11:23:22.724000,426.7777906809649,1001
2024-09-20 11:23:22.867000,426.7401286079645,102
2024-09-20 11:23:22.934000,426.7536913538452,104
2024-09-20 11:23:23.129000,426.7576895066956,103
2024-09-20 11:23:23.265000,426.8006694012957,101
2024-09-20 11:23:23.431000,426.757630703972,97
2024-09-20 11:23:23.556000,426.774672077358,7
2024-09-20 11:23:24.323000,426.809705532965,999
2024-09-20 11:23:24.346000,426.7844853949032,1000
2024-09-20 11:23:24.432000,426.80429817233886,99
2024-09-20 11:23:24.471000,426.8047879291348,1003
2024-09-20 11:23:24.591000,426.7853443519671,996
2024-09-20 11:23:24.898000,426.7958032790946,999
2024-09-20 11:23:24.956000,426.816772380395,103
2024-09-20 11:23:24.961000,426.8007666663849,8
2024-09-20 11:23:25.435000,426.7770910434765,15
2024-09-20 11:23:25.601000,426.8046595806828,12
2024-09-20 11:23:25.895000,426.7763554566588,995
2024-09-20 11:23:25.998000,426.7959060373936,97
2024-09-20 11:23:26.771000,426.7876008760666,11
2024-09-20 11:23:27.233000,426.8228285577699,12
2024-09-20 11:23:27.326000,426.8014605430023,995
2024-09-20 11:23:27.399000,426.799006032741,5
2024-09-20 11:23:27.493000,426.8207432447377,102
2024-09-20 11:23:27.568000,426.8189514164443,96
2024-09-20 11:23:27.687000,426.8065521447844,96
2024-09-20 11:23:28.040000,426.79336007519,98
2024-09-20 11:23:28.046000,426.8046153792973,96
2024-09-20 11:23:28.050000,426.7515294018452,15
2024-09-20 11:23:28.065000,426.7610750967128,997
2024-09-20 11:23:28.077000,426.8125802013763,105
2024-09-20 11:23:28.144000,426.758257512392,1005
2024-09-20 11:23:28.181000,426.8073572624064,6
2024-09-20 11:23:28.191000,426.7805002715734,98
2024-09-20 11:23:28.198000,426.7464543740694,13
2024-09-20 11:23:28.225000,426.7873726895493,1005
2024-09-20 11:23:28.242000,426.80987760387535,10
2024-09-20 11:23:28.246000,426.7743345163914,100
2024-09-20 11:23:28.281000,426.7993703053024,97
2024-09-20 11:23:28.297000,426.81036546227153,95
2024-09-20 11:23:28.323000,426.76073825176496,12
2024-09-20 11:23:28.355000,426.7888735175904,1001
2024-09-20 11:23:28.367000,426.8090904190127,1003
2024-09-20 11:23:28.373000,426.7820187884428,997
2024-09-20 11:23:28.390000,426.7846578472349,1003
2024-09-20 11:23:28.481000,426.75985773347946,998
2024-09-20 11:23:28.626000,426.766989621848,101
2024-09-20 11:23:28.668000,426.8020398513686,15
2024-09-20 11:23:28.818000,426.7985803105773,10
2024-09-20 11:23:28.830000,426.79086978291366,6
2024-09-20 11:23:28.880000,426.77091253406303,997
2024-09-20 11:23:28.889000,426.8102015994693,98
2024-09-20 11:23:28.899000,426.7811362503347,1004
2024-09-20 11:23:28.903000,426.7835558984728,103
2024-09-20 11:23:28.982000,426.790751463448,1002
2024-09-20 11:23:29.089000,426.76988534318167,998
2024-09-20 11:23:29.164000,426.798112711865,999
2024-09-20 11:23:29.175000,426.7519438109597,95
2024-09-20 11:23:29.195000,426.7704918516618,12
2024-09-20 11:23:29.197000,426.8083670260039,99
2024-09-20 11:23:29.309000,426.8022206619307,1005
2024-09-20 11:23:29.316000,426.7534165678228,14
2024-09-20 11:23:29.335000,426.8044312295311,1005
2024-09-20 11:23:29.519000,426.7970332618879,7
2024-09-20 11:23:29.628000,426.8142258012087,998
2024-09-20 11:23:29.636000,426.7640267295259,5
2024-09-20 11:23:29.673000,426.80588258094014,99
2024-09-20 11:23:29.710000,426.7944844865152,5
2024-09-20 11:23:29.747000,426.7561598356988,13
2024-09-20 11:23:29.786000,426.81071461650686,995
2024-09-20 11:23:30.003000,426.8225413060196,13
2024-09-20 11:23:30.031000,426.7810093937951,99
2024-09-20 11:23:30.037000,426.8027970508165,98
2024-09-20 11:23:30.115000,426.8029170649178,105
2024-09-20 11:23:30.126000,426.77688013147593,96
2024-09-20 11:23:30.152000,426.7798079518674,7
2024-09-20 11:23:30.250000,426.7980214503141,96
2024-09-20 11:23:30.265000,426.7818733706774,999
2024-09-20 11:23:30.352000,426.7224106769207,1004
2024-09-20 11:23:30.373000,426.7976084711064,1002
2024-09-20 11:23:30.453000,426.7109649410341,100
2024-09-20 11:23:30.459000,426.7819198382336,1001
2024-09-20 11:23:30.466000,426.712363768475,1001
2024-09-20 11:23:30.531000,426.76987680646187,104
2024-09-20 11:23:30.664000,426.79246973220336,104
2024-09-20 11:23:30.716000,426.8154103983435,97
2024-09-20 11:23:30.721000,426.81209691994354,995
2024-09-20 11:23:30.793000,426.7786326308643,10
2024-09-20 11:23:30.836000,426.76733208739125,8
2024-09-20 11:23:30.881000,426.7727328443831,1001
2024-09-20 11:23:30.909000,426.78742141218993,104
2024-09-20 11:23:30.909000,426.7777075839205,7
2024-09-20 11:23:30.942000,426.71321845487074,101
2024-09-20 11:23:30.991000,426.7943243168506,998
2024-09-20 11:23:31.045000,426.7179319925369,1002
2024-09-20 11:23:31.075000,426.729505505984,1000
2024-09-20 11:23:31.083000,426.7262909549556,1004
2024-09-20 11:23:31.381000,426.7284242951797,15
2024-09-20 11:23:31.408000,426.7209579548411,7
2024-09-20 11:23:31.485000,426.7582799061726,995
2024-09-20 11:23:31.642000,426.72424788876725,10
2024-09-20 11:23:31.958000,426.74856834407234,95
2024-09-20 11:23:31.961000,426.70856542716587,101
2024-09-20 11:23:31.982000,426.72432307055385,1003
2024-09-20 11:23:31.999000,426.7422846456325,6
2024-09-20 11:23:32.018000,426.7637465817679,1005
2024-09-20 11:23:32.019000,426.77397128122175,1002
2024-09-20 11:23:32.028000,426.7392944733381,104
2024-09-20 11:23:32.046000,426.7025643811658,100
2024-09-20 11:23:32.109000,426.6788265423248,1001
2024-09-20 11:23:32.137000,426.7417658248929,999
2024-09-20 11:23:32.156000,426.7421108364734,996
2024-09-20 11:23:32.163000,426.760010280774,1000
2024-09-20 11:23:32.179000,426.7615619529122,15
2024-09-20 11:23:32.218000,426.752841505247,100
2024-09-20 11:23:32.223000,426.68951602358914,997
2024-09-20 11:23:32.294000,426.70219681915256,12
2024-09-20 11:23:32.307000,426.7294871201097,1000
2024-09-20 11:23:32.374000,426.73939863627135,1004
2024-09-20 11:23:32.438000,426.68812524136416,97
2024-09-20 11:23:32.517000,426.7299360046647,1000
2024-09-20 11:23:32.520000,426.69362597039736,1005
2024-09-20 11:23:32.548000,426.7460241609082,995
2024-09-20 11:23:32.561000,426.7300171246522,101
2024-09-20 11:23:32.678000,426.696608866902,97
2024-09-20 11:23:32.682000,426.6797784491805,13
2024-09-20 11:23:32.767000,426.7425014601984,8
2024-09-20 11:23:32.837000,426.68934032397857,999
2024-09-20 11:23:32.873000,426.6958741740128,98
2024-09-20 11:23:32.893000,426.7446172448993,98
2024-09-20 11:23:32.895000,426.7507309897539,1004
2024-09-20 11:23:32.941000,426.7757814162843,6
2024-09-20 11:23:32.949000,426.7454938670485,105
2024-09-20 11:23:32.974000,426.7644163829584,999
2024-09-20 11:23:33.011000,426.797066240056,996
2024-09-20 11:23:33.049000,426.81599191930906,9
2024-09-20 11:23:33.060000,426.855173834534,99
2024-09-20 11:23:33.125000,426.8190912277724,11
2024-09-20 11:23:33.140000,426.80092915372336,101
2024-09-20 11:23:33.164000,426.80632256988224,12
2024-09-20 11:23:33.183000,426.808181010947,100
2024-09-20 11:23:33.248000,426.8007655430776,13
2024-09-20 11:23:33.255000,426.7748408787821,98
2024-09-20 11:23:33.263000,426.85254907234446,11
2024-09-20 11:23:33.354000,426.8013452957626,102
2024-09-20 11:23:33.357000,426.7627467191061,104
2024-09-20 11:23:33.365000,426.8453901802005,8
2024-09-20 11:23:33.568000,426.76351776519857,105
2024-09-20 11:23:33.580000,426.7942360424294,6
2024-09-20 11:23:33.642000,426.79895339986297,995
2024-09-20 11:23:33.686000,426.7917776421929,14
2024-09-20 11:23:33.722000,426.7815086045089,105
2024-09-20 11:23:33.724000,426.8541277257913,99
2024-09-20 11:23:33.753000,426.7901258387633,96
2024-09-20 11:23:33.759000,426.8201761946253,11
2024-09-20 11:23:33.807000,426.75245201833457,12
2024-09-20 11:23:33.822000,426.770634154836,104
2024-09-20 11:23:33.888000,426.8256407564278,104
2024-09-20 11:23:33.894000,426.814633086393,7
2024-09-20 11:23:33.900000,426.84037606817657,6
2024-09-20 11:23:33.915000,426.8620825316721,1005
2024-09-20 11:23:33.943000,426.8550744504384,14
2024-09-20 11:23:33.977000,426.85396795213217,100
2024-09-20 11:23:35.166000,426.80477739080703,15
2024-09-20 11:23:35.176000,426.87203146619584,6
2024-09-20 11:23:35.181000,426.8797876829212,5
2024-09-20 11:23:35.255000,426.8602427514641,11
2024-09-20 11:23:35.280000,426.81363728405927,103
2024-09-20 11:23:35.335000,426.856998423575,995
2024-09-20 11:23:35.336000,426.8188646162344,999
2024-09-20 11:23:35.345000,426.8532007062223,1001
2024-09-20 11:23:35.363000,426.8238827743806,9
2024-09-20 11:23:35.374000,426.8146022686052,102
2024-09-20 11:23:35.383000,426.8791581978823,15
2024-09-20 11:23:35.452000,426.8204996782471,98
2024-09-20 11:23:35.453000,426.8535679599882,97
2024-09-20 11:23:35.506000,426.8741033581219,102
2024-09-20 11:23:35.514000,426.8255734438237,5
2024-09-20 11:23:35.555000,426.8329714020424,11
2024-09-20 11:23:35.562000,426.8093104133477,995
2024-09-20 11:23:35.725000,426.9092872549622,100
2024-09-20 11:23:35.758000,426.86343614626014,11
2024-09-20 11:23:35.772000,426.9057953889789,1005
2024-09-20 11:23:35.786000,426.858098077891,999
2024-09-20 11:23:35.830000,426.8676557239977,12
2024-09-20 11:23:35.873000,426.89597479337147,1004
2024-09-20 11:23:35.926000,426.803916635901,998
2024-09-20 11:23:35.976000,426.8797139338136,10
2024-09-20 11:23:36.014000,426.8636788417257,1002
2024-09-20 11:23:36.158000,426.898414135748,13
2024-09-20 11:23:36.177000,426.8817723014561,5
2024-09-20 11:23:36.228000,426.8301048276237,996
2024-09-20 11:23:36.295000,426.8620422779565,996
2024-09-20 11:23:36.351000,426.8393329484836,99
2024-09-20 11:23:36.357000,426.84102121255694,1005
2024-09-20 11:23:36.386000,426.8941829070987,9
2024-09-20 11:23:36.404000,426.8685223470528,10
2024-09-20 11:23:36.415000,426.82798641787525,11
2024-09-20 11:23:36.415000,426.87108947460047,8
2024-09-20 11:23:36.419000,426.8297710239716,1003
2024-09-20 11:23:36.482000,426.8817737589653,995
2024-09-20 11:23:36.484000,426.8842530335824,9
2024-09-20 11:23:36.496000,426.8650919603053,99
2024-09-20 11:23:36.571000,426.87510970403264,10
2024-09-20 11:23:36.640000,426.8917201588215,998
2024-09-20 11:23:36.658000,426.83241252980855,8
2024-09-20 11:23:36.681000,426.8373380684514,12
2024-09-20 11:23:36.708000,426.8488019847383,13
2024-09-20 11:23:36.731000,426.8768328623946,99
2024-09-20 11:23:36.775000,426.8935937257144,8
2024-09-20 11:23:36.816000,426.9124546926939,97
2024-09-20 11:23:36.822000,426.8396248929928,1004
2024-09-20 11:23:36.834000,426.8375437572506,7
2024-09-20 11:23:36.838000,426.8440514574712,12
2024-09-20 11:23:36.942000,426.8527165003267,101
2024-09-20 11:23:36.943000,426.8291469050187,102
2024-09-20 11:23:36.944000,426.8385555229767,13
2024-09-20 11:23:37.106000,426.92280201347256,995
2024-09-20 11:23:37.239000,426.91537002902805,100
2024-09-20 11:23:37.392000,426.90186029825753,11
2024-09-20 11:23:37.396000,426.9123333350632,1000
2024-09-20 11:23:37.404000,426.9084654668408,1002
2024-09-20 11:23:37.412000,426.9288027071191,1002
2024-09-20 11:23:37.412000,426.9018893168076,996
2024-09-20 11:23:37.418000,426.9117581468115,8
2024-09-20 11:23:37.440000,426.92792156966414,7
2024-09-20 11:23:37.490000,426.9229737382423,1005
2024-09-20 11:23:37.499000,426.9160465016525,96
2024-09-20 11:23:37.575000,426.8965060851083,1003
2024-09-20 11:23:37.766000,426.9180770449132,10
2024-09-20 11:23:38.029000,426.95798619617926,100
2024-09-20 11:23:38.050000,426.8138796297875,7
2024-09-20 11:23:38.095000,426.8483522880123,95
2024-09-20 11:23:38.120000,426.9564376910992,1005
2024-09-20 11:23:38.128000,426.92033532277054,105
2024-09-20 11:23:38.198000,426.9086445231743,8
2024-09-20 11:23:38.219000,426.9609242604139,8
2024-09-20 11:23:38.232000,426.9140944988768,8
2024-09-20 11:23:38.235000,426.9517261205727,98
2024-09-20 11:23:38.247000,426.8283016166874,97
2024-09-20 11:23:38.250000,426.865967885772,998
2024-09-20 11:23:38.294000,426.8400602109313,97
2024-09-20 11:23:38.361000,426.8819865461251,1002
2024-09-20 11:23:38.415000,426.8146719738243,11
2024-09-20 11:23:38.468000,426.9388674082256,8
2024-09-20 11:23:38.478000,426.8157365140007,96
2024-09-20 11:23:38.513000,426.8296374476656,100
2024-09-20 11:23:38.601000,426.9635648675093,1004
2024-09-20 11:23:38.625000,426.8980369049692,14
2024-09-20 11:23:38.634000,426.9417213409562,998
2024-09-20 11:23:38.654000,426.95638333974216,1002
2024-09-20 11:23:38.661000,426.8988128881085,105
2024-09-20 11:23:38.721000,426.8311654148379,9
2024-09-20 11:23:38.739000,426.9104018326134,5
2024-09-20 11:23:38.823000,426.9147747508768,11
2024-09-20 11:23:38.923000,426.9224937037374,98
2024-09-20 11:23:38.932000,426.94298165180993,1003
2024-09-20 11:23:38.992000,426.9168940182133,7
2024-09-20 11:23:38.995000,426.9354560593614,95
2024-09-20 11:23:38.999000,426.9305004262183,98
2024-09-20 11:23:39.079000,426.87878323638233,6
2024-09-20 11:23:39.139000,426.92296622580585,9
2024-09-20 11:23:39.172000,426.90721994268887,5
2024-09-20 11:23:39.202000,426.8486200478017,9
2024-09-20 11:23:39.216000,426.85679587458606,995
2024-09-20 11:23:39.266000,426.8617154374615,98
2024-09-20 11:23:39.286000,426.8746029969878,102
2024-09-20 11:23:39.286000,426.864856696478,996
2024-09-20 11:23:39.345000,426.906296875246,1001
2024-09-20 11:23:39.386000,426.8466278180069,996
2024-09-20 11:23:39.394000,426.8728481791563,14
2024-09-20 11:23:39.482000,426.85760591204905,1003
2024-09-20 11:23:39.486000,426.84903733339456,98
2024-09-20 11:23:39.571000,426.84480961258765,998
2024-09-20 11:23:39.599000,426.8704583167197,101
2024-09-20 11:23:39.745000,426.9150398941608,13
2024-09-20 11:23:39.756000,426.907303501456,100
2024-09-20 11:23:39.770000,426.84461377438464,1003
2024-09-20 11:23:39.804000,426.84093328840254,7
2024-09-20 11:23:39.815000,426.81802933444015,104
2024-09-20 11:23:39.867000,426.8294357593,102
2024-09-20 11:23:39.963000,426.8449892504741,105
2024-09-20 11:23:39.985000,426.8524912590789,1002
2024-09-20 11:23:40.059000,426.88034695803054,98
2024-09-20 11:23:40.084000,426.8801824803274,99
2024-09-20 11:23:40.095000,426.88704881141547,8
2024-09-20 11:23:40.109000,426.8719531137703,10
2024-09-20 11:23:40.183000,426.87470169301673,6
2024-09-20 11:23:40.233000,426.8595139572057,97
2024-09-20 11:23:40.250000,426.85097855788905,7
2024-09-20 11:23:40.251000,426.8543116841259,95
2024-09-20 11:23:40.281000,426.8757217075207,9
2024-09-20 11:23:40.306000,426.8728220081241,103
2024-09-20 11:23:40.323000,426.893432418396,9
2024-09-20 11:23:40.328000,426.8711991378625,1004
2024-09-20 11:23:40.341000,426.850417724747,1001
2024-09-20 11:23:40.346000,426.8682615439116,999
2024-09-20 11:23:40.427000,426.8527184952061,103
2024-09-20 11:23:40.431000,426.8427972967423,104
2024-09-20 11:23:40.484000,426.8908493733631,98
2024-09-20 11:23:40.547000,426.833821351991,100
2024-09-20 11:23:40.589000,426.8950384809871,10
2024-09-20 11:23:40.630000,426.8499337846469,9
2024-09-20 11:23:40.655000,426.8511662902918,103
2024-09-20 11:23:40.679000,426.8696659949573,99
2024-09-20 11:23:40.696000,426.84846230643,1002
2024-09-20 11:23:40.750000,426.8742551714124,11
2024-09-20 11:23:40.758000,426.8464318725353,105
2024-09-20 11:23:40.759000,426.8831026465216,102
2024-09-20 11:23:40.840000,426.88283616566935,100
2024-09-20 11:23:40.907000,426.8712000836007,999
2024-09-20 11:23:40.914000,426.8649124545856,1004
2024-09-20 11:23:40.982000,426.8914864566452,13
2024-09-20 11:23:41.048000,426.8414947097677,98
2024-09-20 11:23:41.050000,426.8326959455943,98
2024-09-20 11:23:41.071000,426.84943164991,104
2024-09-20 11:23:41.101000,426.8157421458192,10
2024-09-20 11:23:41.124000,426.9004118196712,99
2024-09-20 11:23:41.125000,426.8458009358524,15
2024-09-20 11:23:41.166000,426.9228242889845,6
2024-09-20 11:23:41.192000,426.8363665117225,995
2024-09-20 11:23:41.303000,426.8763279542247,5
2024-09-20 11:23:41.338000,426.85167803952055,99
2024-09-20 11:23:41.390000,426.87657870008326,105
2024-09-20 11:23:41.448000,426.8481295662731,15
2024-09-20 11:23:41.450000,426.9036576756462,101
2024-09-20 11:23:41.483000,426.91441925321055,5
2024-09-20 11:23:41.487000,426.88322449633085,6
2024-09-20 11:23:41.680000,426.8530497953803,996
2024-09-20 11:23:41.681000,426.84006326728667,11
2024-09-20 11:23:41.687000,426.86306993707024,97
2024-09-20 11:23:41.716000,426.8490360864713,99
2024-09-20 11:23:41.719000,426.8227489753011,10
2024-09-20 11:23:41.760000,426.8242905885378,14
2024-09-20 11:23:41.806000,426.89301276727866,8
2024-09-20 11:23:41.828000,426.89562175713,1000
2024-09-20 11:23:41.841000,426.9050379935913,95
2024-09-20 11:23:41.885000,426.8541278009336,7
2024-09-20 11:23:41.891000,426.8448026905025,8
2024-09-20 11:23:41.988000,426.8615617442605,999
2024-09-20 11:23:42.014000,426.8255943023703,105
2024-09-20 11:23:42.032000,426.8614778360514,996
2024-09-20 11:23:42.042000,426.8273340049606,13
2024-09-20 11:23:42.199000,426.8795981453312,105
2024-09-20 11:23:42.203000,426.92024148946007,999
2024-09-20 11:23:42.258000,426.90335694334215,10
2024-09-20 11:23:42.316000,426.8227491578015,97
2024-09-20 11:23:42.347000,426.86716192382215,15
2024-09-20 11:23:42.360000,426.9071504723553,101
2024-09-20 11:23:42.436000,426.8163975518101,96
2024-09-20 11:23:42.438000,426.8921064501936,102
2024-09-20 11:23:42.474000,426.8241729998464,998
2024-09-20 11:23:42.583000,426.8777758690438,11
2024-09-20 11:23:42.719000,426.8879800032766,5
2024-09-20 11:23:42.728000,426.85332606967023,13
2024-09-20 11:23:42.818000,426.9159762762361,14
2024-09-20 11:23:42.843000,426.898738928104,995
2024-09-20 11:23:42.870000,426.8370221427148,995
2024-09-20 11:23:42.928000,426.8570783222592,105
2024-09-20 11:23:42.935000,426.8916637151127,102
2024-09-20 11:23:43.063000,426.84864467253374,104
2024-09-20 11:23:43.071000,426.8684700306757,1000
2024-09-20 11:23:43.114000,426.8328926968512,9
2024-09-20 11:23:43.194000,426.8224281800104,12
2024-09-20 11:23:43.215000,426.8342803939952,1001
2024-09-20 11:23:43.275000,426.846134097884,1003
2024-09-20 11:23:43.300000,426.8580825030209,97
2024-09-20 11:23:43.422000,426.82620945880194,1000
2024-09-20 11:23:43.577000,426.8589249092136,9
2024-09-20 11:23:43.946000,426.833086586512,1003
2024-09-20 11:23:44.017000,426.7530052524576,15
2024-09-20 11:23:44.132000,426.8049764882487,10
2024-09-20 11:23:44.271000,426.8233919669334,103
2024-09-20 11:23:44.310000,426.8074859269668,102
2024-09-20 11:23:44.767000,426.7886687601902,99
2024-09-20 11:23:44.838000,426.8357118372467,999
2024-09-20 11:23:44.844000,426.82260851422654,1003
2024-09-20 11:23:44.901000,426.82505131688674,97
2024-09-20 11:23:44.912000,426.8358305230194,14
2024-09-20 11:23:45.036000,426.7282931945704,1005
2024-09-20 11:23:45.075000,426.7325503754877,998
2024-09-20 11:23:45.111000,426.7235322026129,95
2024-09-20 11:23:45.137000,426.7407721348548,6
2024-09-20 11:23:45.209000,426.7454374261053,995
2024-09-20 11:23:45.256000,426.7424698353819,13
2024-09-20 11:23:45.380000,426.736945997846,105
2024-09-20 11:23:45.553000,426.7370210123048,1002
2024-09-20 11:23:45.591000,426.73257171386246,105
2024-09-20 11:23:45.619000,426.72363293463934,11
2024-09-20 11:23:45.671000,426.73571516405946,998
2024-09-20 11:23:45.671000,426.7333250303648,1004
2024-09-20 11:23:45.673000,426.7204747321164,996
2024-09-20 11:23:45.714000,426.72928071519607,6
2024-09-20 11:23:45.924000,426.7398000681666,102
2024-09-20 11:23:46.126000,426.7503280279912,1002
2024-09-20 11:23:46.138000,426.75336126196606,1000
2024-09-20 11:23:46.149000,426.738227829621,1001
2024-09-20 11:23:46.157000,426.741978560057,103
2024-09-20 11:23:46.364000,426.7601185371888,96
2024-09-20 11:23:46.384000,426.7641398077964,1001
2024-09-20 11:23:46.750000,426.7460005685812,14
2024-09-20 11:23:46.969000,426.77202182349953,995
2024-09-20 11:23:47.024000,426.7554142414051,15
2024-09-20 11:23:47.038000,426.6788039561793,1002
2024-09-20 11:23:47.098000,426.6438299270336,95
2024-09-20 11:23:47.099000,426.6749228392646,998
2024-09-20 11:23:47.203000,426.6407914270373,101
2024-09-20 11:23:47.255000,426.65993157623166,15
2024-09-20 11:23:47.289000,426.71936432379096,996
2024-09-20 11:23:47.363000,426.66030149053535,14
2024-09-20 11:23:47.368000,426.6673250737418,1002
2024-09-20 11:23:47.403000,426.7626776690645,996
2024-09-20 11:23:47.408000,426.7602528327401,95
2024-09-20 11:23:47.413000,426.6729847831216,96
2024-09-20 11:23:47.422000,426.6589277814558,8
2024-09-20 11:23:47.434000,426.6581387865119,102
2024-09-20 11:23:47.521000,426.6793461753117,999
2024-09-20 11:23:47.571000,426.65600164667177,13
2024-09-20 11:23:47.573000,426.75432002990834,1005
2024-09-20 11:23:47.584000,426.6867846228381,102
2024-09-20 11:23:47.646000,426.6162338218088,1004
2024-09-20 11:23:47.693000,426.6740206699427,97
2024-09-20 11:23:47.732000,426.6335381091342,105
2024-09-20 11:23:47.739000,426.67665475110186,96
2024-09-20 11:23:47.765000,426.6386614920122,997
2024-09-20 11:23:47.779000,426.6532032833064,97
2024-09-20 11:23:47.798000,426.7713751296853,997
2024-09-20 11:23:47.845000,426.7515441957512,1003
2024-09-20 11:23:47.855000,426.6947896608335,105
2024-09-20 11:23:47.937000,426.70952773840617,1003
2024-09-20 11:23:47.941000,426.69743531148896,1005
2024-09-20 11:23:48.037000,426.6229512426932,6
2024-09-20 11:23:48.131000,426.6490899689677,8
2024-09-20 11:23:48.164000,426.654915986597,995
2024-09-20 11:23:48.331000,426.6600681242178,997
2024-09-20 11:23:48.396000,426.62487859875455,1001
2024-09-20 11:23:48.695000,426.652080718049,996
2024-09-20 11:23:48.784000,426.6369501669414,103
2024-09-20 11:23:48.831000,426.6401730679969,1000
2024-09-20 11:23:48.973000,426.6488000386107,100
2024-09-20 11:23:49.065000,426.6241728960439,1000
2024-09-20 11:23:49.090000,426.6273256954532,105
2024-09-20 11:23:49.145000,426.6188608206422,998
2024-09-20 11:23:49.166000,426.6058123443962,11
2024-09-20 11:23:49.175000,426.5769549025385,1003
2024-09-20 11:23:49.237000,426.6154817660071,6
2024-09-20 11:23:49.250000,426.6468957010413,1002
2024-09-20 11:23:49.306000,426.61906975190897,995
2024-09-20 11:23:49.320000,426.6305937537384,995
2024-09-20 11:23:49.352000,426.6274540163022,96
2024-09-20 11:23:49.374000,426.61718413881016,1005
2024-09-20 11:23:49.389000,426.622731803833,14
2024-09-20 11:23:49.420000,426.6277211380738,100
2024-09-20 11:23:49.490000,426.646730686402,997
2024-09-20 11:23:49.546000,426.6573777944348,10
2024-09-20 11:23:49.563000,426.6079947948236,97
2024-09-20 11:23:49.754000,426.5543488864922,10
2024-09-20 11:23:49.805000,426.6267904520172,95
2024-09-20 11:23:49.805000,426.5507715470892,13
2024-09-20 11:23:49.851000,426.65229785361424,9
2024-09-20 11:23:49.999000,426.58167663922495,104
2024-09-20 11:23:50.097000,426.5964343909765,97
2024-09-20 11:23:50.119000,426.66736529876,11
2024-09-20 11:23:50.128000,426.6562969338533,12
2024-09-20 11:23:50.178000,426.5567311236837,9
2024-09-20 11:23:50.186000,426.5325219333255,13
2024-09-20 11:23:50.288000,426.6291464010178,1004
2024-09-20 11:23:50.307000,426.64478057690775,995
2024-09-20 11:23:50.565000,426.6443872605536,1004
2024-09-20 11:23:50.857000,426.529342424355,998
2024-09-20 11:23:50.888000,426.62266454770935,103
2024-09-20 11:23:50.969000,426.6036114741869,998
2024-09-20 11:23:50.985000,426.53166297856734,104
2024-09-20 11:23:50.987000,426.53711968653033,95
2024-09-20 11:23:50.998000,426.60552403557386,1004
2024-09-20 11:23:51.003000,426.6773891549262,1005
2024-09-20 11:23:51.015000,426.6334707789617,100
2024-09-20 11:23:51.120000,426.6795443057986,995
2024-09-20 11:23:51.123000,426.65111322024114,1002
2024-09-20 11:23:51.131000,426.6718470298784,100
2024-09-20 11:23:51.192000,426.65072920129205,995
2024-09-20 11:23:51.233000,426.6640583766481,9
2024-09-20 11:23:51.251000,426.65275738973776,96
2024-09-20 11:23:51.267000,426.6775570770165,103
2024-09-20 11:23:51.272000,426.66551664951487,10
2024-09-20 11:23:51.394000,426.6682745449779,1003
2024-09-20 11:23:51.396000,426.6741101028712,12
2024-09-20 11:23:51.414000,426.665889283954,99
2024-09-20 11:23:51.465000,426.65779919942537,101
2024-09-20 11:23:51.467000,426.6373425682244,98
2024-09-20 11:23:51.479000,426.6287827030454,97
2024-09-20 11:23:51.492000,426.6316967280931,5
2024-09-20 11:23:51.539000,426.6716283931048,1003
2024-09-20 11:23:51.569000,426.6631619357555,6
2024-09-20 11:23:51.722000,426.65599513752886,105
2024-09-20 11:23:51.759000,426.6591148783015,8
2024-09-20 11:23:51.804000,426.6278993488083,1002
2024-09-20 11:23:51.817000,426.6466539146696,995
2024-09-20 11:23:51.861000,426.6446758334738,995
2024-09-20 11:23:51.892000,426.6766278037081,11
2024-09-20 11:23:51.899000,426.6186975613924,1005
2024-09-20 11:23:51.987000,426.6561694137003,100
2024-09-20 11:23:52.017000,426.6273412159008,99
2024-09-20 11:23:52.028000,426.6215165485172,104
2024-09-20 11:23:52.039000,426.61625993324526,10
2024-09-20 11:23:52.153000,426.6185346619053,996
2024-09-20 11:23:52.213000,426.6262634031137,1002
2024-09-20 11:23:52.214000,426.61805581787786,7
2024-09-20 11:23:52.249000,426.6259793981566,5
2024-09-20 11:23:52.327000,426.6224287997695,1004
2024-09-20 11:23:52.337000,426.61765051277945,9
2024-09-20 11:23:52.403000,426.6442690107223,9
2024-09-20 11:23:52.421000,426.61879237873046,997
2024-09-20 11:23:52.594000,426.6184967260031,1001
2024-09-20 11:23:52.818000,426.6483018793039,12
2024-09-20 11:23:52.884000,426.61451033949663,9
2024-09-20 11:23:52.996000,426.61110329413526,999
2024-09-20 11:23:54.244000,426.6383424299645,101
2024-09-20 11:23:54.571000,426.647087296228,1000
2024-09-20 11:23:54.824000,426.6012987942893,95
2024-09-20 11:23:54.913000,426.61299062941976,99
2024-09-20 11:23:54.948000,426.6473402381288,11
2024-09-20 11:23:55.141000,426.6734812346653,95
2024-09-20 11:23:55.256000,426.6675652849336,105
2024-09-20 11:23:55.301000,426.66381535304646,95
2024-09-20 11:23:55.324000,426.6548037946256,6
2024-09-20 11:23:55.513000,426.6882368539275,12
2024-09-20 11:23:55.542000,426.65529781411175,5
2024-09-20 11:23:55.574000,426.6910000973192,6
2024-09-20 11:23:55.814000,426.6859143816895,11
2024-09-20 11:23:55.894000,426.6774102254791,100
2024-09-20 11:23:55.964000,426.6979979389477,1005
2024-09-20 11:23:55.976000,426.6887268526292,999
2024-09-20 11:23:55.977000,426.6563204500876,105
2024-09-20 11:23:57.022000,426.7018311797958,104
2024-09-20 11:23:57.088000,426.698584277594,8
2024-09-20 11:23:57.235000,426.6944563203084,98
2024-09-20 11:23:57.322000,426.7217038020941,997
2024-09-20 11:23:57.392000,426.7301815638816,998
2024-09-20 11:23:57.731000,426.7099824363099,995
2024-09-20 11:23:57.762000,426.71474146864296,95
2024-09-20 11:23:57.780000,426.6944859755202,15
2024-09-20 11:23:57.921000,426.71893881995663,997
2024-09-20 11:23:57.993000,426.72659414723256,5
2024-09-20 11:23:58.552000,426.6667206320824,1005
2024-09-20 11:23:58.726000,426.6707226454975,101
2024-09-20 11:23:58.923000,426.6664056275016,1000
2024-09-20 11:23:58.944000,426.6803384696176,998
2024-09-20 11:23:59.872000,426.6764824476172,99
2024-09-20 11:23:59.877000,426.6733791885968,995
