Timestamp,Price,Size
2024-09-20 15:20:00.030000,429.8746359491517,10
2024-09-20 15:20:00.101000,429.868470808461,95
2024-09-20 15:20:00.274000,429.871711945229,101
2024-09-20 15:20:00.315000,429.91332700968974,1003
2024-09-20 15:20:00.499000,429.90715038473536,104
2024-09-20 15:20:00.619000,429.8678810990143,100
2024-09-20 15:20:00.668000,429.92737664570166,8
2024-09-20 15:20:00.718000,429.8798041211988,95
2024-09-20 15:20:00.758000,429.8810020277966,95
2024-09-20 15:20:00.768000,429.938313230834,99
2024-09-20 15:20:00.835000,429.9450697339466,9
2024-09-20 15:20:00.975000,429.9381646282213,1002
2024-09-20 15:20:01.029000,429.8485211565917,1001
2024-09-20 15:20:01.040000,429.8664096247168,1001
2024-09-20 15:20:01.049000,429.8474068435386,10
2024-09-20 15:20:01.066000,429.8835942159679,101
2024-09-20 15:20:01.113000,429.8543528768917,99
2024-09-20 15:20:01.123000,429.8542880443994,13
2024-09-20 15:20:01.141000,429.8819434717212,999
2024-09-20 15:20:01.161000,429.84241729001616,102
2024-09-20 15:20:01.231000,429.8648683986664,5
2024-09-20 15:20:01.242000,429.8703262435491,95
2024-09-20 15:20:01.302000,429.8446636125975,5
2024-09-20 15:20:01.346000,429.8888292674534,1005
2024-09-20 15:20:01.368000,429.8549314116877,997
2024-09-20 15:20:01.383000,429.8647976904672,999
2024-09-20 15:20:01.427000,429.8496239989728,105
2024-09-20 15:20:01.451000,429.8644203940368,10
2024-09-20 15:20:01.529000,429.8643258488944,100
2024-09-20 15:20:01.542000,429.8703397455876,995
2024-09-20 15:20:01.612000,429.8565236075234,15
2024-09-20 15:20:01.681000,429.8620303844496,1001
2024-09-20 15:20:01.707000,429.83993743968426,1002
2024-09-20 15:20:01.762000,429.8500506330985,995
2024-09-20 15:20:01.766000,429.85918626234974,99
2024-09-20 15:20:01.816000,429.8461592782568,995
2024-09-20 15:20:01.824000,429.8735641371765,1003
2024-09-20 15:20:01.846000,429.8452520413098,97
2024-09-20 15:20:01.882000,429.8624673820128,99
2024-09-20 15:20:01.943000,429.85991200333297,998
2024-09-20 15:20:01.987000,429.9041553342527,10
2024-09-20 15:20:02.059000,429.82531765073344,999
2024-09-20 15:20:02.151000,429.8230906579706,997
2024-09-20 15:20:02.189000,429.8322523041418,1005
2024-09-20 15:20:02.288000,424.351653484936,97
2024-09-20 15:20:02.294000,429.8123983553862,1004
2024-09-20 15:20:02.307000,429.8152377140344,96
2024-09-20 15:20:02.319000,424.3848569862917,101
2024-09-20 15:20:02.383000,429.80482421079967,997
2024-09-20 15:20:02.637000,424.3383584305535,7
2024-09-20 15:20:02.792000,429.8009507632045,996
2024-09-20 15:20:02.857000,429.8017139034993,12
2024-09-20 15:20:02.929000,429.85232613028165,995
2024-09-20 15:20:03.125000,429.78296940363344,997
2024-09-20 15:20:03.162000,429.7766936734262,102
2024-09-20 15:20:03.207000,429.7843264306974,999
2024-09-20 15:20:03.233000,429.7748148182956,98
2024-09-20 15:20:03.238000,429.82859793571913,1005
2024-09-20 15:20:03.288000,429.79702378503447,104
2024-09-20 15:20:03.297000,429.7873834701952,1001
2024-09-20 15:20:03.357000,429.8251875936708,100
2024-09-20 15:20:03.500000,429.7812516573689,1001
2024-09-20 15:20:03.602000,429.8065545807825,996
2024-09-20 15:20:03.738000,429.8050291411163,10
2024-09-20 15:20:03.819000,429.8296737826103,1000
2024-09-20 15:20:04.052000,429.8469018598671,97
2024-09-20 15:20:04.071000,429.83406428002,996
2024-09-20 15:20:04.106000,429.8132475891,13
2024-09-20 15:20:04.146000,429.8572971815792,998
2024-09-20 15:20:04.170000,429.82078091806767,104
2024-09-20 15:20:04.246000,429.83124628456426,104
2024-09-20 15:20:04.264000,429.8354137893757,999
2024-09-20 15:20:04.273000,429.8580347571189,1000
2024-09-20 15:20:04.410000,429.8335148885005,10
2024-09-20 15:20:04.411000,429.8163632065582,8
2024-09-20 15:20:04.482000,429.8209784716148,100
2024-09-20 15:20:04.545000,429.8615078773077,1001
2024-09-20 15:20:04.603000,429.8594791300663,10
2024-09-20 15:20:04.619000,429.8609787003385,10
2024-09-20 15:20:04.667000,429.850650704765,100
2024-09-20 15:20:04.785000,429.8287872797183,11
2024-09-20 15:20:04.826000,429.8017370984389,100
2024-09-20 15:20:04.959000,429.85825021562914,6
2024-09-20 15:20:04.996000,429.8396604884436,995
2024-09-20 15:20:05.002000,429.7351026010397,1005
2024-09-20 15:20:05.004000,429.7895610670407,97
2024-09-20 15:20:05.028000,429.7774873755273,9
2024-09-20 15:20:05.039000,429.6879444903096,15
2024-09-20 15:20:05.039000,429.720106160169,6
2024-09-20 15:20:05.064000,429.7639834996839,97
2024-09-20 15:20:05.259000,429.7225974771128,13
2024-09-20 15:20:05.272000,429.7044277658146,999
2024-09-20 15:20:05.290000,429.7193351372923,95
2024-09-20 15:20:05.434000,429.84847749623856,998
2024-09-20 15:20:05.563000,429.75286608268976,999
2024-09-20 15:20:05.569000,429.7685204816154,8
2024-09-20 15:20:05.627000,429.7273278634989,9
2024-09-20 15:20:05.665000,429.80715475466025,996
2024-09-20 15:20:05.807000,429.8354316959754,96
2024-09-20 15:20:05.867000,429.6997445729901,97
2024-09-20 15:20:05.878000,429.8398385929013,99
2024-09-20 15:20:05.891000,429.70983824119577,1004
2024-09-20 15:20:05.895000,429.7395000678375,9
2024-09-20 15:20:05.940000,429.7130442684804,5
2024-09-20 15:20:05.949000,429.8283035745735,999
2024-09-20 15:20:05.959000,429.729831394975,10
2024-09-20 15:20:05.974000,429.74785086812665,995
2024-09-20 15:20:06.047000,429.73467256992967,1005
2024-09-20 15:20:06.133000,429.7384200501747,99
2024-09-20 15:20:06.233000,429.76275319613865,99
2024-09-20 15:20:06.382000,429.7646775263367,10
2024-09-20 15:20:06.454000,429.7540004546776,96
2024-09-20 15:20:06.676000,429.77187250132215,6
2024-09-20 15:20:06.694000,429.7431065529681,999
2024-09-20 15:20:06.727000,429.7278665086094,104
2024-09-20 15:20:06.819000,429.7459338523659,1000
2024-09-20 15:20:06.947000,429.76162094573294,99
2024-09-20 15:20:07.013000,429.7687614493668,7
2024-09-20 15:20:07.037000,429.79137975454006,13
2024-09-20 15:20:07.065000,429.78441241984217,12
2024-09-20 15:20:07.141000,429.7629933570733,6
2024-09-20 15:20:07.172000,429.7505305151074,14
2024-09-20 15:20:07.183000,429.7004650997378,999
2024-09-20 15:20:07.232000,429.74591513829887,97
2024-09-20 15:20:07.272000,429.7703162692208,102
2024-09-20 15:20:07.319000,429.72803465913296,102
2024-09-20 15:20:07.335000,429.7436075041287,100
2024-09-20 15:20:07.352000,429.7454791470873,1005
2024-09-20 15:20:07.435000,429.75387231133743,100
2024-09-20 15:20:07.451000,429.7741770154984,14
2024-09-20 15:20:07.631000,429.80778737884526,1001
2024-09-20 15:20:07.652000,429.72389602577965,105
2024-09-20 15:20:07.744000,429.7203133003643,104
2024-09-20 15:20:07.774000,429.7160038404811,7
2024-09-20 15:20:07.798000,429.75343715457296,999
2024-09-20 15:20:07.804000,429.7604387938457,996
2024-09-20 15:20:07.854000,429.7954165200943,1002
2024-09-20 15:20:07.985000,429.7727763001776,105
2024-09-20 15:20:07.993000,429.7652293369157,12
2024-09-20 15:20:08.051000,429.7252022613335,999
2024-09-20 15:20:08.083000,429.7312621448156,104
2024-09-20 15:20:08.128000,429.7226210084305,95
2024-09-20 15:20:08.195000,429.7186885072717,10
2024-09-20 15:20:08.197000,429.7193032910968,98
2024-09-20 15:20:08.343000,429.76186978864826,998
2024-09-20 15:20:08.360000,429.7263282940254,12
2024-09-20 15:20:08.371000,429.7180228263394,14
2024-09-20 15:20:08.436000,429.7539168899137,14
2024-09-20 15:20:08.563000,429.74558530690126,998
2024-09-20 15:20:08.704000,429.7246857293997,7
2024-09-20 15:20:08.706000,429.7624739122146,999
2024-09-20 15:20:08.745000,429.7221633754938,99
2024-09-20 15:20:08.822000,429.72924311883895,6
2024-09-20 15:20:08.831000,429.751053229286,13
2024-09-20 15:20:08.890000,429.7360529233234,995
2024-09-20 15:20:08.984000,429.7117485924804,13
2024-09-20 15:20:09.011000,429.7367199739873,5
2024-09-20 15:20:09.050000,429.7552619242393,6
2024-09-20 15:20:09.080000,429.7493536556207,9
2024-09-20 15:20:09.188000,429.7473048596552,999
2024-09-20 15:20:09.193000,429.77434713593766,6
2024-09-20 15:20:09.554000,429.7572522162605,104
2024-09-20 15:20:09.615000,429.7316074956715,104
2024-09-20 15:20:09.943000,429.7492497559673,12
2024-09-20 15:20:09.949000,429.7256232340698,99
2024-09-20 15:20:09.950000,429.7727221484075,1001
2024-09-20 15:20:10.035000,429.80253534663126,1001
2024-09-20 15:20:10.154000,429.783070245096,997
2024-09-20 15:20:10.163000,429.7677360781184,12
2024-09-20 15:20:10.204000,429.7860476645093,1005
2024-09-20 15:20:10.253000,429.7443812333685,103
2024-09-20 15:20:10.295000,429.74439494262606,96
2024-09-20 15:20:10.313000,429.7377929908887,103
2024-09-20 15:20:10.362000,429.7804796986084,15
2024-09-20 15:20:10.375000,429.76045017908166,98
2024-09-20 15:20:10.417000,429.7641073774937,10
2024-09-20 15:20:10.490000,429.78289615509954,105
2024-09-20 15:20:10.501000,429.7726302773836,995
2024-09-20 15:20:10.575000,429.7720597304616,97
2024-09-20 15:20:10.703000,429.7572123263053,15
2024-09-20 15:20:10.781000,429.7484195371703,5
2024-09-20 15:20:10.786000,429.7598361100239,98
2024-09-20 15:20:10.946000,429.7584984096261,999
2024-09-20 15:20:11.016000,429.776286707649,999
2024-09-20 15:20:11.068000,429.7699662709704,7
2024-09-20 15:20:11.073000,429.77486744290354,999
2024-09-20 15:20:11.076000,429.7913238262197,10
2024-09-20 15:20:11.082000,429.7695374677124,99
2024-09-20 15:20:11.138000,429.7526339578067,15
2024-09-20 15:20:11.207000,429.7658066871094,100
2024-09-20 15:20:11.219000,429.7756367739256,996
2024-09-20 15:20:11.241000,429.7555620913016,1004
2024-09-20 15:20:11.269000,429.78214840136224,5
2024-09-20 15:20:11.276000,429.7832756635856,101
2024-09-20 15:20:11.276000,429.7641734366936,9
2024-09-20 15:20:11.360000,429.78986008545576,6
2024-09-20 15:20:11.371000,429.7632633068229,103
2024-09-20 15:20:11.575000,429.8010142685093,15
2024-09-20 15:20:11.578000,429.7835012424259,99
2024-09-20 15:20:11.809000,429.7724558191893,997
2024-09-20 15:20:11.842000,429.7676198767297,997
2024-09-20 15:20:11.883000,429.7551056590587,104
2024-09-20 15:20:11.905000,429.7911819269812,5
2024-09-20 15:20:11.932000,429.78431232195896,1000
2024-09-20 15:20:12.122000,429.8328144895729,14
2024-09-20 15:20:12.266000,429.8195050605136,998
2024-09-20 15:20:12.285000,429.8048737186261,14
2024-09-20 15:20:12.461000,429.79357642908286,7
2024-09-20 15:20:12.591000,429.8140663781377,11
2024-09-20 15:20:12.597000,429.8093152673249,1000
2024-09-20 15:20:12.597000,429.80231242350834,1004
2024-09-20 15:20:12.649000,429.810617416996,100
2024-09-20 15:20:12.850000,429.8258639134632,9
2024-09-20 15:20:12.913000,429.8095513416732,15
2024-09-20 15:20:12.934000,429.800161076096,998
2024-09-20 15:20:14.059000,429.84537130485137,1000
2024-09-20 15:20:14.172000,429.8514706911884,6
2024-09-20 15:20:14.181000,429.8396610894828,12
2024-09-20 15:20:14.210000,429.8134118833794,96
2024-09-20 15:20:14.218000,429.8111109339667,996
2024-09-20 15:20:14.287000,429.8605677917275,105
2024-09-20 15:20:14.296000,429.8197011429827,8
2024-09-20 15:20:14.301000,429.8216378800148,99
2024-09-20 15:20:14.355000,429.8068559706831,1003
2024-09-20 15:20:14.373000,429.8269184899553,102
2024-09-20 15:20:14.416000,429.8401365995364,1004
2024-09-20 15:20:14.472000,429.82980617284574,995
2024-09-20 15:20:14.511000,429.8223007789504,6
2024-09-20 15:20:14.519000,429.80466948363767,998
2024-09-20 15:20:14.538000,429.804137186651,1002
2024-09-20 15:20:14.560000,429.8102248861958,1000
2024-09-20 15:20:14.680000,429.8399913778262,104
2024-09-20 15:20:14.785000,429.8171007330226,995
2024-09-20 15:20:14.791000,429.7783811172127,96
2024-09-20 15:20:15.006000,429.80326322712665,15
2024-09-20 15:20:15.118000,429.8530731131882,998
2024-09-20 15:20:15.189000,429.8236620719966,999
2024-09-20 15:20:15.253000,429.7878641952115,105
2024-09-20 15:20:15.361000,429.7734250328254,7
2024-09-20 15:20:15.383000,429.80089539512846,1001
2024-09-20 15:20:15.521000,429.74664764775855,105
2024-09-20 15:20:15.523000,429.7802135664434,998
2024-09-20 15:20:15.569000,429.7367833400858,13
2024-09-20 15:20:15.626000,429.7813400057245,97
2024-09-20 15:20:15.701000,429.8537757169511,997
2024-09-20 15:20:15.754000,429.79280566529457,999
2024-09-20 15:20:15.757000,429.852867514101,6
2024-09-20 15:20:15.887000,429.7564513654432,1005
2024-09-20 15:20:15.923000,429.7763314544313,11
2024-09-20 15:20:16.037000,429.7820709302519,96
2024-09-20 15:20:16.099000,429.8142829273788,15
2024-09-20 15:20:16.259000,429.7743057720822,995
2024-09-20 15:20:16.285000,429.84499125921707,996
2024-09-20 15:20:16.349000,429.79572951427895,14
2024-09-20 15:20:16.449000,429.8354558171421,996
2024-09-20 15:20:16.457000,429.7981819483719,98
2024-09-20 15:20:16.575000,429.8172389179247,15
2024-09-20 15:20:16.667000,429.8264543343455,6
2024-09-20 15:20:16.703000,429.81347587121,12
2024-09-20 15:20:16.737000,429.8318469705482,1002
2024-09-20 15:20:16.878000,429.7986102171876,997
2024-09-20 15:20:16.917000,429.8150759024214,12
2024-09-20 15:20:18.129000,429.7884480665187,95
2024-09-20 15:20:18.140000,429.7595288891221,100
2024-09-20 15:20:18.511000,429.7649099195952,997
2024-09-20 15:20:18.540000,429.76906280180526,998
2024-09-20 15:20:18.671000,429.7620797638749,104
2024-09-20 15:20:18.888000,429.7827210517578,102
2024-09-20 15:20:19.002000,429.74213149377823,104
2024-09-20 15:20:19.040000,429.73454207773295,6
2024-09-20 15:20:19.043000,429.7160158492692,96
2024-09-20 15:20:19.090000,429.7175852235262,99
2024-09-20 15:20:19.092000,429.72482852095214,998
2024-09-20 15:20:19.173000,429.7502412107434,100
2024-09-20 15:20:19.308000,429.7178108923925,101
2024-09-20 15:20:19.373000,429.71186019367246,997
2024-09-20 15:20:19.394000,429.716970419984,997
2024-09-20 15:20:19.424000,429.7157168961657,5
2024-09-20 15:20:19.488000,429.67464046551726,14
2024-09-20 15:20:19.497000,429.6900304260399,12
2024-09-20 15:20:19.552000,429.7126810198262,104
2024-09-20 15:20:19.913000,429.7272619748708,102
2024-09-20 15:20:19.942000,429.7290582502702,101
2024-09-20 15:20:19.947000,429.7418157457742,998
2024-09-20 15:20:19.971000,429.7362792543396,104
2024-09-20 15:20:19.997000,429.7156558989903,10
2024-09-20 15:20:20.005000,429.65526612453954,999
2024-09-20 15:20:20.022000,429.6249639320114,98
2024-09-20 15:20:20.033000,429.6373721727462,7
2024-09-20 15:20:20.105000,429.58099581593336,997
2024-09-20 15:20:20.192000,429.597564627438,12
2024-09-20 15:20:20.194000,429.65258321210064,11
2024-09-20 15:20:20.259000,429.6591751860305,95
2024-09-20 15:20:20.429000,429.6140088073328,13
2024-09-20 15:20:20.466000,429.5968763304565,6
2024-09-20 15:20:20.474000,429.6180331640964,1005
2024-09-20 15:20:20.475000,429.65268739472674,100
2024-09-20 15:20:20.508000,429.60787455483,996
2024-09-20 15:20:20.531000,429.5786699718527,12
2024-09-20 15:20:20.572000,429.5932770662826,7
2024-09-20 15:20:20.625000,429.563820180972,100
2024-09-20 15:20:20.629000,429.6446175228244,10
2024-09-20 15:20:20.654000,429.5884834871969,102
2024-09-20 15:20:20.690000,429.5770083221373,10
2024-09-20 15:20:20.780000,429.631521644038,6
2024-09-20 15:20:20.839000,429.6650781643186,101
2024-09-20 15:20:20.877000,429.6679491515901,1001
2024-09-20 15:20:20.905000,429.6055342743829,11
2024-09-20 15:20:20.936000,429.57218833539537,98
2024-09-20 15:20:20.973000,429.6664335248399,6
2024-09-20 15:20:21.227000,429.6669059784208,996
2024-09-20 15:20:21.745000,429.6448376117918,1002
2024-09-20 15:20:21.751000,429.6447728898966,7
2024-09-20 15:20:21.873000,429.6518481565237,12
2024-09-20 15:20:22.048000,429.6711138036184,1000
2024-09-20 15:20:22.107000,429.6681013684823,1002
2024-09-20 15:20:22.126000,429.6327383698099,1004
2024-09-20 15:20:22.129000,429.6631178954873,1005
2024-09-20 15:20:22.245000,429.6412509297735,104
2024-09-20 15:20:22.277000,429.65795759968057,97
2024-09-20 15:20:22.338000,429.64393521003706,102
2024-09-20 15:20:22.339000,424.1493133475788,99
2024-09-20 15:20:22.377000,429.66505594946096,100
2024-09-20 15:20:22.419000,424.1985404240097,1002
2024-09-20 15:20:22.450000,429.65201349645525,13
2024-09-20 15:20:22.559000,429.6407801760997,996
2024-09-20 15:20:22.622000,429.653703620855,98
2024-09-20 15:20:22.662000,429.6302907648789,95
2024-09-20 15:20:22.710000,429.6471292147594,998
2024-09-20 15:20:22.719000,429.65385475101874,11
2024-09-20 15:20:22.940000,429.65373226964266,104
2024-09-20 15:20:22.988000,429.6628597825461,1000
2024-09-20 15:20:23.250000,429.6740296729136,11
2024-09-20 15:20:23.278000,429.6955156144979,1005
2024-09-20 15:20:23.340000,429.67042740830846,103
2024-09-20 15:20:23.610000,429.6891071546785,7
2024-09-20 15:20:23.778000,429.6606107237839,10
2024-09-20 15:20:23.788000,429.6769728458475,1001
2024-09-20 15:20:23.922000,429.6638844512824,104
2024-09-20 15:20:23.930000,429.6425263586223,12
2024-09-20 15:20:23.954000,429.6541773536137,11
2024-09-20 15:20:24.106000,429.6479941663987,10
2024-09-20 15:20:24.400000,424.1646577349851,995
2024-09-20 15:20:24.407000,429.6427122720984,96
2024-09-20 15:20:24.643000,429.6583296680947,103
2024-09-20 15:20:25.043000,429.5901390512895,105
2024-09-20 15:20:25.061000,429.580860873412,1000
2024-09-20 15:20:25.111000,429.6650494741008,105
2024-09-20 15:20:25.113000,429.6652721692979,1000
2024-09-20 15:20:25.114000,429.5916200884182,97
2024-09-20 15:20:25.125000,429.6484515237401,104
2024-09-20 15:20:25.183000,429.6359138789265,103
2024-09-20 15:20:25.208000,429.6570170527198,998
2024-09-20 15:20:25.208000,429.6045934301917,102
2024-09-20 15:20:25.451000,429.580153436474,14
2024-09-20 15:20:25.465000,429.596581130872,96
2024-09-20 15:20:25.480000,429.5890841987579,998
2024-09-20 15:20:25.505000,429.5930460555924,996
2024-09-20 15:20:25.532000,429.5851838574988,105
2024-09-20 15:20:25.634000,429.5766847307657,99
2024-09-20 15:20:25.651000,429.643950914651,1001
2024-09-20 15:20:25.823000,429.659589930786,100
2024-09-20 15:20:25.825000,429.60774637052936,10
2024-09-20 15:20:25.832000,429.665762546167,1004
2024-09-20 15:20:25.862000,429.5951194208776,102
2024-09-20 15:20:25.867000,429.6694778770829,9
2024-09-20 15:20:25.876000,429.6060179769312,1003
2024-09-20 15:20:25.909000,429.6043482588888,97
2024-09-20 15:20:26.155000,429.5739821820992,105
2024-09-20 15:20:26.319000,429.6001746476642,1001
2024-09-20 15:20:26.423000,429.6359729307429,10
2024-09-20 15:20:26.438000,429.6097321432602,1004
2024-09-20 15:20:26.475000,429.5842316949272,1003
2024-09-20 15:20:26.480000,429.57685674339126,996
2024-09-20 15:20:26.506000,429.6134108895128,1005
2024-09-20 15:20:26.517000,429.575491784758,1004
2024-09-20 15:20:26.542000,429.6139282632808,10
2024-09-20 15:20:26.572000,429.6187868267298,1002
2024-09-20 15:20:26.615000,429.5873469994257,12
2024-09-20 15:20:26.746000,429.582057518397,1004
2024-09-20 15:20:26.870000,429.6016188964031,13
2024-09-20 15:20:27.140000,429.5716324690498,101
2024-09-20 15:20:27.177000,429.547837084914,14
2024-09-20 15:20:27.204000,429.6441949332825,995
2024-09-20 15:20:27.371000,429.6431483557086,995
2024-09-20 15:20:27.417000,429.5685260869895,13
2024-09-20 15:20:27.520000,429.5465183367877,103
2024-09-20 15:20:27.595000,429.56630080942847,103
2024-09-20 15:20:27.598000,429.6365371607691,11
2024-09-20 15:20:27.604000,429.64324514676935,997
2024-09-20 15:20:27.629000,429.5623126729669,105
2024-09-20 15:20:27.633000,429.5606934070222,100
2024-09-20 15:20:27.645000,429.5921159123368,104
2024-09-20 15:20:27.741000,429.5450957502466,95
2024-09-20 15:20:27.744000,429.5896213674959,996
2024-09-20 15:20:27.800000,429.566231400387,14
2024-09-20 15:20:27.877000,429.62905730164846,6
2024-09-20 15:20:27.883000,429.61300509722014,99
2024-09-20 15:20:27.891000,429.5602637152071,11
2024-09-20 15:20:27.911000,429.60988060439337,9
2024-09-20 15:20:27.925000,429.599211493181,102
2024-09-20 15:20:28.315000,429.5290667623741,996
2024-09-20 15:20:28.374000,429.5504557469898,97
2024-09-20 15:20:28.698000,429.55878174635126,105
2024-09-20 15:20:28.915000,429.5401041264661,97
2024-09-20 15:20:29.054000,429.5367883160615,102
2024-09-20 15:20:29.082000,429.5445566348912,104
2024-09-20 15:20:29.149000,429.5615270116406,997
2024-09-20 15:20:29.187000,429.54141673478136,996
2024-09-20 15:20:29.319000,429.5334253583213,101
2024-09-20 15:20:29.377000,429.5547095188381,96
2024-09-20 15:20:29.388000,429.55698957421527,1003
2024-09-20 15:20:29.391000,429.5569915116544,96
2024-09-20 15:20:29.456000,429.5538137743957,1002
2024-09-20 15:20:29.519000,429.532803199782,12
2024-09-20 15:20:29.538000,429.5309355359591,1000
2024-09-20 15:20:29.580000,429.5446348564912,1005
2024-09-20 15:20:29.618000,429.5500016188506,5
2024-09-20 15:20:29.672000,429.5215324653624,7
2024-09-20 15:20:29.690000,429.557975616133,997
2024-09-20 15:20:29.805000,429.5477371002621,9
2024-09-20 15:20:29.859000,429.5056483889847,996
2024-09-20 15:20:29.863000,429.5393394177161,999
2024-09-20 15:20:29.883000,429.5549465209342,13
2024-09-20 15:20:29.916000,429.532425822673,1005
2024-09-20 15:20:29.920000,429.527750986583,1005
2024-09-20 15:20:29.940000,429.51563226411065,100
2024-09-20 15:20:29.980000,429.5375347546254,100
2024-09-20 15:20:29.982000,429.543382367373,8
2024-09-20 15:20:30.020000,429.5236577448005,12
2024-09-20 15:20:30.034000,429.5690708715852,13
2024-09-20 15:20:30.068000,429.4734420110292,1002
2024-09-20 15:20:30.070000,429.4797849266384,102
2024-09-20 15:20:30.076000,429.53389282144576,1004
2024-09-20 15:20:30.130000,429.547684581706,13
2024-09-20 15:20:30.147000,429.5202603338317,11
2024-09-20 15:20:30.231000,429.4709890999919,999
2024-09-20 15:20:30.235000,429.5036205056961,995
2024-09-20 15:20:30.343000,429.506652490289,998
2024-09-20 15:20:30.356000,429.519081286553,1005
2024-09-20 15:20:30.357000,429.5658643901273,5
2024-09-20 15:20:30.413000,429.4858928203145,7
2024-09-20 15:20:30.429000,429.4847205522059,1005
2024-09-20 15:20:30.447000,429.5087012862227,10
2024-09-20 15:20:30.472000,429.4870806521411,8
2024-09-20 15:20:30.520000,429.5361809117433,1001
2024-09-20 15:20:30.524000,429.49793034625634,1003
2024-09-20 15:20:30.536000,429.5417456455372,1002
2024-09-20 15:20:30.554000,429.50900599135497,9
2024-09-20 15:20:30.713000,429.5266521465391,5
2024-09-20 15:20:30.725000,429.49505575887815,7
2024-09-20 15:20:30.752000,429.5492764788913,12
2024-09-20 15:20:30.914000,429.50542481705736,998
2024-09-20 15:20:30.939000,429.5139202599592,1005
2024-09-20 15:20:30.939000,429.5420177188136,1001
2024-09-20 15:20:31.053000,429.5181018335925,12
2024-09-20 15:20:31.071000,429.5182634249995,12
2024-09-20 15:20:31.143000,429.5369584080869,102
2024-09-20 15:20:31.154000,429.5216825098461,97
2024-09-20 15:20:31.349000,429.50929669746216,1001
2024-09-20 15:20:31.453000,429.51919982803696,15
2024-09-20 15:20:31.533000,429.52741216562174,96
2024-09-20 15:20:31.726000,429.5046650672718,103
2024-09-20 15:20:31.795000,429.5669955209565,105
2024-09-20 15:20:31.906000,429.52031129770165,95
2024-09-20 15:20:31.936000,429.5389680156605,105
2024-09-20 15:20:32.003000,429.5669851134528,6
2024-09-20 15:20:32.019000,429.5342994517295,998
2024-09-20 15:20:32.026000,429.5816708559998,996
2024-09-20 15:20:32.058000,429.5407919973656,105
2024-09-20 15:20:32.253000,429.5589206227689,13
2024-09-20 15:20:32.295000,429.5451632875273,1005
2024-09-20 15:20:32.346000,429.5383419602575,1005
2024-09-20 15:20:32.367000,429.533655135538,12
2024-09-20 15:20:32.369000,429.540792761149,6
2024-09-20 15:20:32.401000,429.5552717690479,14
2024-09-20 15:20:32.438000,429.56119137663126,10
2024-09-20 15:20:32.454000,429.5540856725036,97
2024-09-20 15:20:32.546000,429.5311632150169,5
2024-09-20 15:20:32.584000,429.54413447490646,11
2024-09-20 15:20:32.607000,429.5292724056191,99
2024-09-20 15:20:32.644000,429.538704787101,999
2024-09-20 15:20:32.647000,429.5649819380237,102
2024-09-20 15:20:32.783000,429.5555931469818,5
2024-09-20 15:20:32.800000,429.5352047332769,7
2024-09-20 15:20:32.804000,429.54672927415953,8
2024-09-20 15:20:32.823000,429.56212948432267,100
2024-09-20 15:20:32.834000,429.5580806610415,8
2024-09-20 15:20:32.858000,429.55440755156,98
2024-09-20 15:20:32.889000,429.5564082530927,8
2024-09-20 15:20:32.892000,429.5652237652923,101
2024-09-20 15:20:32.907000,429.5751802383567,15
2024-09-20 15:20:32.938000,429.5737403240368,97
2024-09-20 15:20:32.956000,429.56108349056615,12
2024-09-20 15:20:32.995000,429.52012464419846,103
2024-09-20 15:20:33.036000,429.5064282427604,101
2024-09-20 15:20:33.056000,429.4827583038561,995
2024-09-20 15:20:33.115000,429.5340216668131,8
2024-09-20 15:20:33.193000,429.5066940385134,99
2024-09-20 15:20:33.205000,429.494611272333,96
2024-09-20 15:20:33.213000,429.5062650609563,996
2024-09-20 15:20:33.244000,429.5082400195274,7
2024-09-20 15:20:33.280000,429.5098833490752,997
2024-09-20 15:20:33.366000,429.4965248733429,104
2024-09-20 15:20:33.378000,429.488463416917,105
2024-09-20 15:20:33.380000,429.5105718504252,10
2024-09-20 15:20:33.547000,429.4971522645564,102
2024-09-20 15:20:33.603000,429.50313501574647,101
2024-09-20 15:20:33.640000,429.4918474492831,999
2024-09-20 15:20:33.653000,429.51064211287786,6
2024-09-20 15:20:33.674000,429.49667675744274,99
2024-09-20 15:20:33.917000,429.4822827636225,6
2024-09-20 15:20:33.985000,429.4902970562882,15
2024-09-20 15:20:34.060000,429.5295628238791,95
2024-09-20 15:20:34.111000,429.5451120354298,7
2024-09-20 15:20:34.123000,429.5185641015614,9
2024-09-20 15:20:34.128000,429.5302112538098,1003
2024-09-20 15:20:34.179000,429.51066532506576,7
2024-09-20 15:20:34.242000,429.4705803901115,105
2024-09-20 15:20:34.248000,429.55203258768125,7
2024-09-20 15:20:34.257000,429.5001056576578,97
2024-09-20 15:20:34.271000,429.4861561369143,14
2024-09-20 15:20:34.357000,429.4741705181083,9
2024-09-20 15:20:34.362000,429.4831830230682,996
2024-09-20 15:20:34.435000,429.5337259029057,95
2024-09-20 15:20:34.465000,429.522890870801,102
2024-09-20 15:20:34.479000,429.5379644454536,95
2024-09-20 15:20:34.498000,429.4955407439388,998
2024-09-20 15:20:34.528000,429.53948055121776,7
2024-09-20 15:20:34.567000,429.5596524676933,98
2024-09-20 15:20:34.619000,429.5411070067603,95
2024-09-20 15:20:34.647000,429.5218319468465,1004
2024-09-20 15:20:34.762000,424.279516004776,10
2024-09-20 15:20:34.783000,429.5366945530213,101
2024-09-20 15:20:34.831000,429.553832649115,999
2024-09-20 15:20:34.834000,429.5165936533018,102
2024-09-20 15:20:34.872000,429.5393857452111,12
2024-09-20 15:20:34.886000,429.4743257415201,999
2024-09-20 15:20:34.991000,429.544187356724,103
2024-09-20 15:20:35.024000,429.44379054361673,7
2024-09-20 15:20:35.195000,429.4808775205648,1000
2024-09-20 15:20:35.199000,429.4892376436143,100
2024-09-20 15:20:35.252000,429.4770298236981,5
2024-09-20 15:20:35.254000,429.4667891780648,105
2024-09-20 15:20:35.369000,429.4229524936064,1001
2024-09-20 15:20:35.453000,429.42855964101847,998
2024-09-20 15:20:35.607000,429.44706927050913,105
2024-09-20 15:20:35.864000,429.44245580406346,997
2024-09-20 15:20:35.871000,429.4357396129107,1001
2024-09-20 15:20:35.895000,429.4393468302627,996
2024-09-20 15:20:36.027000,429.4380149779844,6
2024-09-20 15:20:36.078000,429.3695679386287,99
2024-09-20 15:20:36.124000,429.4613854922756,98
2024-09-20 15:20:36.144000,429.4708752824226,1005
2024-09-20 15:20:36.169000,429.4304344613623,99
2024-09-20 15:20:36.176000,429.4149710680233,1001
2024-09-20 15:20:36.183000,429.356012058154,996
2024-09-20 15:20:36.197000,429.4676471302551,105
2024-09-20 15:20:36.205000,429.3565321023905,98
2024-09-20 15:20:36.253000,429.4450246135871,1002
2024-09-20 15:20:36.274000,429.36211774115634,15
2024-09-20 15:20:36.329000,429.37127034067765,1001
2024-09-20 15:20:36.330000,429.4741120064907,8
2024-09-20 15:20:36.332000,429.3996023240066,102
2024-09-20 15:20:36.369000,429.47429637706966,14
2024-09-20 15:20:36.544000,429.3767869689218,1000
2024-09-20 15:20:36.566000,429.3543076996669,11
2024-09-20 15:20:36.666000,429.36416817573047,999
2024-09-20 15:20:36.685000,429.4103895264536,15
2024-09-20 15:20:36.695000,429.4697807725962,96
2024-09-20 15:20:36.758000,429.4701359105875,998
2024-09-20 15:20:36.783000,429.3677231660756,1002
2024-09-20 15:20:36.802000,429.454142488127,999
2024-09-20 15:20:36.815000,429.4740730561459,101
2024-09-20 15:20:36.817000,429.4584747200741,95
2024-09-20 15:20:36.868000,429.4438827711579,1003
2024-09-20 15:20:36.880000,429.45643620692215,104
2024-09-20 15:20:36.956000,429.33689208082905,12
2024-09-20 15:20:36.999000,429.42132278359776,8
2024-09-20 15:20:37.714000,424.3746618844699,1001
2024-09-20 15:20:38.011000,429.3525598443344,105
2024-09-20 15:20:38.013000,429.3351399433333,1001
2024-09-20 15:20:38.143000,429.35419373840176,100
2024-09-20 15:20:38.151000,429.3365262351642,100
2024-09-20 15:20:38.155000,429.37463477340896,96
2024-09-20 15:20:38.160000,429.37680165761526,14
2024-09-20 15:20:38.163000,429.3642383415125,10
2024-09-20 15:20:38.199000,429.3340419132328,99
2024-09-20 15:20:38.232000,429.369299798685,997
2024-09-20 15:20:38.291000,429.37404237786654,100
2024-09-20 15:20:38.306000,429.38177390580887,1003
2024-09-20 15:20:38.337000,429.35686123580746,103
2024-09-20 15:20:38.386000,429.3477604940932,14
2024-09-20 15:20:38.414000,429.36761786299553,14
2024-09-20 15:20:38.419000,429.34044226621097,995
2024-09-20 15:20:38.485000,429.3918005254805,6
2024-09-20 15:20:38.505000,429.32517393203,100
2024-09-20 15:20:38.547000,429.34601986927055,101
2024-09-20 15:20:38.570000,429.3598138766648,98
2024-09-20 15:20:38.575000,429.3677612580192,10
2024-09-20 15:20:38.658000,429.3809842979506,999
2024-09-20 15:20:38.674000,429.3570681618485,97
2024-09-20 15:20:38.690000,429.3449926193746,6
2024-09-20 15:20:38.702000,429.3821840398116,6
2024-09-20 15:20:38.726000,429.3439345137909,1003
2024-09-20 15:20:38.737000,429.3581861431399,99
2024-09-20 15:20:38.955000,429.3949810010338,101
2024-09-20 15:20:38.965000,429.3403709920331,996
2024-09-20 15:20:39.018000,429.31278737602696,8
2024-09-20 15:20:39.047000,429.3525038478404,11
2024-09-20 15:20:39.200000,429.2901603280744,1002
2024-09-20 15:20:39.289000,429.34185874831695,5
2024-09-20 15:20:39.352000,429.34251135166215,99
2024-09-20 15:20:39.384000,424.4256856992822,996
2024-09-20 15:20:39.423000,429.28276985721845,100
2024-09-20 15:20:39.570000,429.3250461152461,7
2024-09-20 15:20:39.588000,429.3468582687992,1001
2024-09-20 15:20:39.682000,429.36200512054336,7
2024-09-20 15:20:39.851000,429.3431158467496,995
2024-09-20 15:20:39.960000,429.2888184674155,12
2024-09-20 15:20:40.065000,429.2747165529335,1004
2024-09-20 15:20:40.267000,429.2912483524481,14
2024-09-20 15:20:40.275000,429.2277225640012,9
2024-09-20 15:20:40.294000,429.2724928713256,11
2024-09-20 15:20:40.315000,429.2491622408332,12
2024-09-20 15:20:40.337000,429.2475527198879,13
2024-09-20 15:20:40.357000,429.2722318571985,10
2024-09-20 15:20:40.369000,429.2525447247228,95
2024-09-20 15:20:40.401000,429.2771467117426,11
2024-09-20 15:20:40.403000,429.2300800361994,97
2024-09-20 15:20:40.413000,429.2581242573988,1000
2024-09-20 15:20:40.526000,429.2757331189418,96
2024-09-20 15:20:40.537000,429.2294621261832,1000
2024-09-20 15:20:40.544000,429.259198625396,104
2024-09-20 15:20:40.636000,429.30069849781097,995
2024-09-20 15:20:40.644000,429.23796077076,97
2024-09-20 15:20:40.673000,429.2637916546549,9
2024-09-20 15:20:40.725000,429.2672041002481,995
2024-09-20 15:20:40.772000,429.233288280646,95
2024-09-20 15:20:40.817000,429.265343944624,100
2024-09-20 15:20:40.886000,429.2776274224905,1001
2024-09-20 15:20:40.895000,429.2617723538546,97
2024-09-20 15:20:40.925000,429.2325932416231,100
2024-09-20 15:20:40.970000,429.272135693476,1000
2024-09-20 15:20:40.976000,429.2740050356311,11
2024-09-20 15:20:41.056000,429.2193267440835,12
2024-09-20 15:20:41.182000,424.4669303826654,1001
2024-09-20 15:20:41.203000,429.2283657333959,999
2024-09-20 15:20:41.311000,429.21748958035903,9
2024-09-20 15:20:41.463000,429.2193800938144,96
2024-09-20 15:20:41.785000,429.22261935375496,96
2024-09-20 15:20:42.112000,429.209287352708,97
2024-09-20 15:20:42.256000,429.22321853500216,998
2024-09-20 15:20:42.411000,429.22841745639306,1005
2024-09-20 15:20:43.002000,429.2298616392262,104
2024-09-20 15:20:43.188000,429.2190344141981,1001
2024-09-20 15:20:43.301000,429.2159620194355,1002
2024-09-20 15:20:43.324000,429.227619469522,7
2024-09-20 15:20:43.329000,429.19276878790527,999
2024-09-20 15:20:43.383000,429.2110569232335,97
2024-09-20 15:20:43.433000,429.21943291570574,98
2024-09-20 15:20:43.617000,429.2199514724151,998
2024-09-20 15:20:43.670000,429.2001210041433,105
2024-09-20 15:20:43.679000,429.2073631283878,13
2024-09-20 15:20:43.769000,429.19304962437593,10
2024-09-20 15:20:43.808000,429.22103319928334,996
2024-09-20 15:20:43.838000,429.2060724052156,100
2024-09-20 15:20:43.859000,429.2180231180467,100
2024-09-20 15:20:43.950000,429.2087759416722,1003
2024-09-20 15:20:44.046000,429.2254259671356,1002
2024-09-20 15:20:44.124000,429.23561447797465,6
2024-09-20 15:20:44.127000,429.230390206824,12
2024-09-20 15:20:44.267000,429.2214983564664,10
2024-09-20 15:20:44.470000,429.22020903428114,1002
2024-09-20 15:20:44.704000,429.26701841817584,1001
2024-09-20 15:20:44.844000,429.2227385276569,103
2024-09-20 15:20:44.849000,429.2308558698271,13
2024-09-20 15:20:44.909000,429.2302389734152,9
2024-09-20 15:20:45.051000,429.2457100344433,95
2024-09-20 15:20:45.096000,429.29499370670936,996
2024-09-20 15:20:45.119000,429.28497084884407,996
2024-09-20 15:20:45.240000,429.29487265360416,6
2024-09-20 15:20:45.293000,429.2293969041324,996
2024-09-20 15:20:45.316000,429.2305709694085,5
2024-09-20 15:20:45.318000,429.2740812486985,8
2024-09-20 15:20:45.459000,429.2654809160445,997
2024-09-20 15:20:45.463000,429.2633350415538,998
2024-09-20 15:20:45.487000,429.2899943092242,101
2024-09-20 15:20:45.506000,429.2285453201572,105
2024-09-20 15:20:45.583000,429.2420102421935,997
2024-09-20 15:20:45.605000,429.29916673596966,7
2024-09-20 15:20:45.646000,429.2735905556738,101
2024-09-20 15:20:45.824000,429.2724625407522,12
2024-09-20 15:20:45.837000,429.3066366690693,99
2024-09-20 15:20:45.852000,429.2789986407474,998
2024-09-20 15:20:46.228000,429.2706585151455,9
2024-09-20 15:20:46.249000,429.2853074509318,1000
2024-09-20 15:20:46.282000,429.3022351201008,1000
2024-09-20 15:20:46.319000,429.3005011749009,1000
2024-09-20 15:20:46.641000,429.2880415342445,11
2024-09-20 15:20:46.665000,429.3000000705071,103
2024-09-20 15:20:46.712000,429.2939593393157,96
2024-09-20 15:20:46.745000,429.3055825121166,1001
2024-09-20 15:20:46.900000,429.2698065658504,997
2024-09-20 15:20:46.930000,429.27760703929545,99
2024-09-20 15:20:47.194000,424.3721790739696,998
2024-09-20 15:20:47.966000,424.38342766925024,99
2024-09-20 15:20:48.097000,429.2970167807026,1004
2024-09-20 15:20:48.361000,429.2858709153487,6
2024-09-20 15:20:48.447000,429.2911799506341,102
2024-09-20 15:20:48.767000,429.2941413383351,1003
2024-09-20 15:20:49.058000,429.3106374277414,996
2024-09-20 15:20:49.068000,429.2986504426164,5
2024-09-20 15:20:49.236000,429.30917633625177,97
2024-09-20 15:20:49.288000,429.3076903175087,98
2024-09-20 15:20:49.326000,429.304218429051,101
2024-09-20 15:20:49.369000,429.3061414461712,999
2024-09-20 15:20:49.369000,429.2953984427695,995
2024-09-20 15:20:49.396000,429.28618108017054,996
2024-09-20 15:20:49.523000,429.2989649034591,97
2024-09-20 15:20:49.528000,429.3115394594455,1003
2024-09-20 15:20:49.561000,429.31563672528654,1001
2024-09-20 15:20:49.578000,429.3050407578073,98
2024-09-20 15:20:49.618000,429.2917403318055,12
2024-09-20 15:20:49.640000,429.3122231683832,99
2024-09-20 15:20:49.836000,429.3034029848879,996
2024-09-20 15:20:49.851000,429.3109423645845,1001
2024-09-20 15:20:49.880000,429.3168730045311,102
2024-09-20 15:20:49.885000,429.35625836014606,102
2024-09-20 15:20:49.911000,429.3034656126104,96
2024-09-20 15:20:49.933000,429.3406511355079,105
2024-09-20 15:20:49.978000,429.3064970856035,7
2024-09-20 15:20:49.999000,429.3284753076738,14
2024-09-20 15:20:50.012000,429.3662643775074,996
2024-09-20 15:20:50.027000,429.36049998984896,12
2024-09-20 15:20:50.045000,429.2727861035848,105
2024-09-20 15:20:50.061000,429.33922930807466,14
2024-09-20 15:20:50.178000,429.31401564969445,102
2024-09-20 15:20:50.212000,429.342561717057,13
2024-09-20 15:20:50.223000,429.3120523691133,96
2024-09-20 15:20:50.307000,429.3660898645107,7
2024-09-20 15:20:50.385000,429.3399803354852,101
2024-09-20 15:20:50.402000,429.3303416850832,5
2024-09-20 15:20:50.413000,429.2521701922869,12
2024-09-20 15:20:50.510000,429.29898589554887,7
2024-09-20 15:20:50.513000,429.3227493357061,13
2024-09-20 15:20:50.573000,429.3325115295572,99
2024-09-20 15:20:50.596000,429.31751370730507,998
2024-09-20 15:20:50.619000,429.36819601443625,15
2024-09-20 15:20:50.638000,429.3743354098715,997
2024-09-20 15:20:50.673000,429.3208394300405,996
2024-09-20 15:20:50.744000,429.30373663833205,14
2024-09-20 15:20:50.758000,429.30947014069466,1004
2024-09-20 15:20:50.892000,429.3346449611583,98
2024-09-20 15:20:50.904000,429.3158766568464,12
2024-09-20 15:20:50.905000,429.3626905448959,11
2024-09-20 15:20:50.992000,429.3507442077416,105
2024-09-20 15:20:51.181000,429.2858600454183,999
2024-09-20 15:20:51.277000,429.2196497677552,998
2024-09-20 15:20:51.396000,429.2374126276243,995
2024-09-20 15:20:51.415000,429.2469314549196,101
2024-09-20 15:20:51.520000,429.23623037550334,96
2024-09-20 15:20:51.614000,429.2502648015493,9
2024-09-20 15:20:51.616000,429.2609959852264,104
2024-09-20 15:20:51.649000,429.2260278588786,101
2024-09-20 15:20:51.727000,429.1932993462055,9
2024-09-20 15:20:51.800000,429.3227203490892,15
2024-09-20 15:20:51.841000,429.3022399149176,999
2024-09-20 15:20:51.851000,429.21419424075503,1003
2024-09-20 15:20:51.946000,429.2493080905399,995
2024-09-20 15:20:52.022000,429.305480269826,999
2024-09-20 15:20:52.085000,429.27110719989184,15
2024-09-20 15:20:52.245000,429.29628120881546,101
2024-09-20 15:20:52.317000,429.28775468622285,105
2024-09-20 15:20:52.432000,429.29360659948856,1001
2024-09-20 15:20:52.516000,429.3011643357084,99
2024-09-20 15:20:52.657000,429.3073629319508,8
2024-09-20 15:20:52.712000,429.28504257311454,996
2024-09-20 15:20:52.802000,429.2838268207991,99
2024-09-20 15:20:52.856000,429.2894662912199,103
2024-09-20 15:20:52.974000,429.3184616715725,99
2024-09-20 15:20:52.982000,429.29023486288185,10
2024-09-20 15:20:53.087000,429.3017351659723,105
2024-09-20 15:20:54.013000,429.2918005639497,1003
2024-09-20 15:20:54.026000,429.3026525560497,105
2024-09-20 15:20:54.108000,429.33906689870815,1001
2024-09-20 15:20:54.141000,429.2777402083104,15
2024-09-20 15:20:54.149000,429.3009634684654,1003
2024-09-20 15:20:54.165000,429.3153870336072,1005
2024-09-20 15:20:54.182000,429.3056232936136,999
2024-09-20 15:20:54.188000,429.2837427008072,5
2024-09-20 15:20:54.189000,429.2509975013437,12
2024-09-20 15:20:54.203000,429.2668238350769,98
2024-09-20 15:20:54.265000,429.3240229319621,105
2024-09-20 15:20:54.301000,429.3174373183328,10
2024-09-20 15:20:54.306000,429.27400946672174,997
2024-09-20 15:20:54.407000,429.29094705057184,10
2024-09-20 15:20:54.408000,429.3243404256093,11
2024-09-20 15:20:54.425000,429.2586751866014,15
2024-09-20 15:20:54.537000,429.3152444356063,1005
2024-09-20 15:20:54.553000,429.3356122543738,996
2024-09-20 15:20:54.571000,429.2779695178099,105
2024-09-20 15:20:54.647000,429.3247069527925,8
2024-09-20 15:20:54.663000,429.2719356581386,13
2024-09-20 15:20:54.748000,429.2707193347092,1003
2024-09-20 15:20:54.758000,429.2735215366697,1001
2024-09-20 15:20:54.855000,429.3252676666057,6
2024-09-20 15:20:54.855000,429.28661651498186,1001
2024-09-20 15:20:54.871000,429.28943691880994,8
2024-09-20 15:20:54.880000,429.2670839989552,99
2024-09-20 15:20:55.066000,429.3746115398986,14
2024-09-20 15:20:55.080000,429.35889055971217,996
2024-09-20 15:20:55.209000,429.3711915604589,11
2024-09-20 15:20:55.215000,429.3458511184682,6
2024-09-20 15:20:55.269000,429.36958728486087,995
2024-09-20 15:20:55.514000,429.37537518294494,1001
2024-09-20 15:20:55.527000,429.3610191072254,1003
2024-09-20 15:20:55.538000,429.3657130245612,99
2024-09-20 15:20:55.675000,429.3596386780298,104
2024-09-20 15:20:55.852000,429.37468977558814,98
2024-09-20 15:20:55.906000,429.3487852688466,103
2024-09-20 15:20:55.910000,429.3749382296908,101
2024-09-20 15:20:55.930000,424.3592831665795,104
2024-09-20 15:20:56.446000,429.3114173850492,99
2024-09-20 15:20:56.521000,429.3084691057837,99
2024-09-20 15:20:56.544000,429.3151401310832,104
2024-09-20 15:20:56.926000,429.3344547063956,7
2024-09-20 15:20:56.990000,429.3408042752769,998
2024-09-20 15:20:57.069000,429.2880980721598,1005
2024-09-20 15:20:57.316000,429.292668667484,100
2024-09-20 15:20:57.825000,429.3182596667739,10
2024-09-20 15:20:57.847000,429.3241634479476,8
2024-09-20 15:20:57.970000,429.2940008211675,8
2024-09-20 15:20:58.010000,429.3213086167053,6
2024-09-20 15:20:58.030000,429.3514302713968,103
2024-09-20 15:20:58.048000,429.2834274415524,5
2024-09-20 15:20:58.123000,429.29914232108354,12
2024-09-20 15:20:58.123000,429.3312007711812,13
2024-09-20 15:20:58.189000,429.29953982588455,14
2024-09-20 15:20:58.197000,429.3371945722612,996
2024-09-20 15:20:58.248000,429.3542114198027,96
2024-09-20 15:20:58.286000,429.27948916556926,1004
2024-09-20 15:20:58.367000,429.36802443083326,98
2024-09-20 15:20:58.406000,429.3473848311078,11
2024-09-20 15:20:58.462000,429.358654973092,995
2024-09-20 15:20:58.474000,429.3067523869821,14
2024-09-20 15:20:58.539000,429.28363842154175,1004
2024-09-20 15:20:58.710000,429.3375816303197,995
2024-09-20 15:20:58.741000,429.3132696051904,995
2024-09-20 15:20:58.848000,429.2817336394163,1003
2024-09-20 15:20:58.852000,429.3474722233001,105
2024-09-20 15:20:58.925000,429.2905912911731,997
2024-09-20 15:20:58.998000,429.3547919145802,13
2024-09-20 15:20:59.080000,429.2829853096083,1002
2024-09-20 15:20:59.088000,429.3042748169639,99
2024-09-20 15:20:59.121000,429.2913369032436,7
2024-09-20 15:20:59.136000,429.3542934212112,7
2024-09-20 15:20:59.233000,429.2715067223622,96
2024-09-20 15:20:59.296000,429.3343329961874,1001
2024-09-20 15:20:59.297000,429.269770636197,14
2024-09-20 15:20:59.310000,429.2912207181294,97
2024-09-20 15:20:59.374000,429.2998524688817,102
2024-09-20 15:20:59.488000,429.290465022808,1003
2024-09-20 15:20:59.537000,429.3035804593578,9
2024-09-20 15:20:59.558000,429.2751917355494,97
2024-09-20 15:20:59.668000,429.3310734447671,99
2024-09-20 15:20:59.707000,429.3013394334648,8
2024-09-20 15:20:59.713000,429.3103076004171,7
2024-09-20 15:20:59.753000,429.3187631403195,998
2024-09-20 15:20:59.769000,424.3879486979529,99
2024-09-20 15:20:59.823000,429.2881973318681,995
2024-09-20 15:20:59.906000,429.3084713060704,105
2024-09-20 15:20:59.923000,429.2967185781623,11
2024-09-20 15:20:59.937000,429.2918599019959,1003
2024-09-20 15:20:59.971000,429.2689488905411,105
2024-09-20 15:20:59.976000,429.29964092482334,1001
