Timestamp,Price,Size
2024-09-20 12:14:00.057000,430.11562493561775,995
2024-09-20 12:14:00.848000,430.12592226659,1000
2024-09-20 12:14:00.861000,430.1153273981285,10
2024-09-20 12:14:01.095000,430.1130423897324,100
2024-09-20 12:14:01.305000,430.1028313577729,100
2024-09-20 12:14:01.519000,430.1082274136213,101
2024-09-20 12:14:01.530000,430.1125869623801,996
2024-09-20 12:14:01.587000,430.11149500623975,95
2024-09-20 12:14:02.011000,430.12867210953686,996
2024-09-20 12:14:02.087000,430.13926913308586,1004
2024-09-20 12:14:02.165000,430.1129626395625,102
2024-09-20 12:14:02.180000,430.0901484264714,1004
2024-09-20 12:14:02.223000,430.1272397210508,101
2024-09-20 12:14:02.297000,430.13353660325913,999
2024-09-20 12:14:02.411000,430.08877012921,102
2024-09-20 12:14:02.522000,430.0845651025965,10
2024-09-20 12:14:02.679000,430.07780576287,5
2024-09-20 12:14:02.682000,430.0749615647805,6
2024-09-20 12:14:02.689000,430.10171080921344,5
2024-09-20 12:14:02.736000,430.1253893727417,1000
2024-09-20 12:14:02.746000,430.0834882174414,8
2024-09-20 12:14:02.775000,430.08884114742335,999
2024-09-20 12:14:02.786000,430.0826643838984,1005
2024-09-20 12:14:02.832000,430.1227001814178,98
2024-09-20 12:14:02.832000,430.1153001742832,996
2024-09-20 12:14:02.836000,430.0975754366105,999
2024-09-20 12:14:02.863000,430.089392989075,98
2024-09-20 12:14:02.980000,430.11429915245606,6
2024-09-20 12:14:03.158000,430.09521587435336,98
2024-09-20 12:14:03.590000,430.0913303933163,6
2024-09-20 12:14:03.915000,430.090204756879,1002
2024-09-20 12:14:04.024000,430.0589304816961,999
2024-09-20 12:14:04.318000,430.0378748009249,95
2024-09-20 12:14:04.390000,430.0433333526789,14
2024-09-20 12:14:04.447000,430.0422553098085,998
2024-09-20 12:14:04.518000,430.03346736797135,105
2024-09-20 12:14:04.532000,430.0463377533843,7
2024-09-20 12:14:04.753000,430.0419369638341,996
2024-09-20 12:14:04.844000,430.0718172021351,98
2024-09-20 12:14:04.872000,430.0385339622679,102
2024-09-20 12:14:04.884000,430.0455911077251,102
2024-09-20 12:14:04.939000,430.0222630325425,103
2024-09-20 12:14:04.948000,430.0481023962649,999
2024-09-20 12:14:04.990000,430.03885584617177,14
2024-09-20 12:14:05.006000,429.968053556373,1001
2024-09-20 12:14:05.016000,430.039295564611,15
2024-09-20 12:14:05.037000,429.99209515933785,105
2024-09-20 12:14:05.051000,430.0347159633096,102
2024-09-20 12:14:05.053000,429.9853472654829,7
2024-09-20 12:14:05.119000,429.9569610186076,1005
2024-09-20 12:14:05.123000,429.9553732085555,1004
2024-09-20 12:14:05.157000,429.95454526870566,1004
2024-09-20 12:14:05.179000,430.0129399960886,99
2024-09-20 12:14:05.195000,429.941658798269,104
2024-09-20 12:14:05.260000,429.9863109015478,1000
2024-09-20 12:14:05.275000,429.9401820858256,100
2024-09-20 12:14:05.276000,429.9636392916499,95
2024-09-20 12:14:05.337000,429.9547746788485,999
2024-09-20 12:14:05.390000,430.0453900660767,1004
2024-09-20 12:14:05.401000,429.9613147452756,105
2024-09-20 12:14:05.415000,429.9614684913129,13
2024-09-20 12:14:05.485000,429.9873075433554,6
2024-09-20 12:14:05.554000,430.018879532204,98
2024-09-20 12:14:05.600000,429.961058532428,100
2024-09-20 12:14:05.606000,429.98289275736624,997
2024-09-20 12:14:05.647000,430.0565623954277,996
2024-09-20 12:14:05.697000,429.9560842760581,12
2024-09-20 12:14:05.751000,430.02933064682793,996
2024-09-20 12:14:05.836000,430.0107827706726,96
2024-09-20 12:14:05.841000,430.0115889666876,103
2024-09-20 12:14:05.901000,429.9503129738303,11
2024-09-20 12:14:05.919000,430.0409905071946,1003
2024-09-20 12:14:05.925000,429.99351570850007,98
2024-09-20 12:14:05.946000,430.03087999503873,5
2024-09-20 12:14:06.007000,430.0288027817609,99
2024-09-20 12:14:06.195000,430.032867863009,6
2024-09-20 12:14:06.208000,430.02143662911936,1005
2024-09-20 12:14:06.264000,430.04936536169146,12
2024-09-20 12:14:06.514000,430.03374352408406,102
2024-09-20 12:14:06.674000,430.0509176534047,999
2024-09-20 12:14:06.736000,430.0427444109242,5
2024-09-20 12:14:07.184000,430.0145800154672,103
2024-09-20 12:14:07.334000,430.02732082040217,1004
2024-09-20 12:14:07.425000,430.0248225330689,998
2024-09-20 12:14:07.451000,430.0227220720751,999
2024-09-20 12:14:07.604000,430.0310969859385,103
2024-09-20 12:14:07.614000,430.0635250666143,104
2024-09-20 12:14:07.751000,430.053755602227,98
2024-09-20 12:14:07.813000,430.05252450348456,13
2024-09-20 12:14:08.009000,430.0036372274332,11
2024-09-20 12:14:08.022000,429.9715227634954,101
2024-09-20 12:14:08.043000,429.9817435894103,102
2024-09-20 12:14:08.165000,429.9687249189519,102
2024-09-20 12:14:08.311000,430.0267265397128,101
2024-09-20 12:14:08.327000,429.9943228414248,105
2024-09-20 12:14:08.597000,429.980938802986,5
2024-09-20 12:14:08.642000,430.008299092472,10
2024-09-20 12:14:08.649000,430.0144208900029,1001
2024-09-20 12:14:08.841000,430.0453383665256,99
2024-09-20 12:14:08.946000,429.9976246111108,99
2024-09-20 12:14:09.074000,429.88457459329135,12
2024-09-20 12:14:09.101000,429.8663255800302,15
2024-09-20 12:14:09.147000,429.8748675501562,10
2024-09-20 12:14:09.148000,429.9445778212663,999
2024-09-20 12:14:09.317000,429.88366814841794,997
2024-09-20 12:14:09.324000,429.8935761764491,101
2024-09-20 12:14:09.328000,429.8961371350776,101
2024-09-20 12:14:09.408000,429.97493470440304,99
2024-09-20 12:14:09.447000,429.9215946015299,102
2024-09-20 12:14:09.461000,429.8957921804307,1003
2024-09-20 12:14:09.484000,429.92342561091056,999
2024-09-20 12:14:09.591000,429.8986913569728,101
2024-09-20 12:14:09.687000,429.9430183194289,101
2024-09-20 12:14:09.846000,429.9373925029348,105
2024-09-20 12:14:09.868000,429.84969061334806,1001
2024-09-20 12:14:09.931000,429.9599777235539,97
2024-09-20 12:14:10.575000,429.87020093520925,1000
2024-09-20 12:14:10.723000,429.8855677761058,8
2024-09-20 12:14:11.011000,429.9102729336289,999
2024-09-20 12:14:11.039000,429.9126075384223,14
2024-09-20 12:14:11.043000,429.9051788587488,1002
2024-09-20 12:14:11.067000,429.8854468369453,102
2024-09-20 12:14:11.071000,429.86413373871017,97
2024-09-20 12:14:11.112000,429.8856966244816,1004
2024-09-20 12:14:11.177000,429.900122862914,7
2024-09-20 12:14:11.193000,429.91303661614,9
2024-09-20 12:14:11.220000,429.8480011998056,15
2024-09-20 12:14:11.276000,429.909362293566,9
2024-09-20 12:14:11.291000,429.92060858318433,12
2024-09-20 12:14:11.304000,429.8835547567493,97
2024-09-20 12:14:11.400000,429.9115392295233,5
2024-09-20 12:14:11.430000,429.8882750453683,1004
2024-09-20 12:14:11.441000,429.9296105621214,7
2024-09-20 12:14:11.519000,429.8483879300807,105
2024-09-20 12:14:11.544000,429.8696946965707,1001
2024-09-20 12:14:11.566000,429.8359204146233,105
2024-09-20 12:14:11.615000,429.8422185676163,98
2024-09-20 12:14:11.622000,429.9107318628636,997
2024-09-20 12:14:11.639000,429.9059830724705,8
2024-09-20 12:14:11.724000,429.9134751727238,5
2024-09-20 12:14:11.773000,429.8960266357066,8
2024-09-20 12:14:11.837000,429.89667717165713,105
2024-09-20 12:14:11.845000,429.8620097007876,1005
2024-09-20 12:14:11.929000,429.9055690270455,12
2024-09-20 12:14:12.071000,429.84298543425416,1003
2024-09-20 12:14:12.149000,429.8113008245802,995
2024-09-20 12:14:12.176000,429.8951237130057,997
2024-09-20 12:14:12.335000,429.8460471286309,1000
2024-09-20 12:14:12.395000,429.8092514025898,98
2024-09-20 12:14:12.421000,429.8646942745564,1001
2024-09-20 12:14:12.436000,429.78831844284827,999
2024-09-20 12:14:12.486000,429.88710758690576,995
2024-09-20 12:14:12.513000,429.7779046454786,999
2024-09-20 12:14:12.525000,429.82432450121553,5
2024-09-20 12:14:12.528000,429.87922868602766,104
2024-09-20 12:14:12.560000,429.8938974439973,998
2024-09-20 12:14:12.590000,429.85295886545424,998
2024-09-20 12:14:12.613000,429.86194239428016,999
2024-09-20 12:14:12.703000,429.8055870627044,14
2024-09-20 12:14:12.713000,429.9014372107512,1004
2024-09-20 12:14:12.731000,429.79190869833457,14
2024-09-20 12:14:12.921000,429.9087481868971,999
2024-09-20 12:14:12.937000,429.79056992928366,1000
2024-09-20 12:14:12.959000,429.886076538082,6
2024-09-20 12:14:12.979000,429.899106953725,98
2024-09-20 12:14:12.999000,429.8471020471867,12
2024-09-20 12:14:13.089000,429.8429033803,12
2024-09-20 12:14:13.105000,429.8530199910639,1000
2024-09-20 12:14:13.301000,429.8340039194009,5
2024-09-20 12:14:13.366000,429.84215085738015,98
2024-09-20 12:14:13.386000,429.87459641895776,1004
2024-09-20 12:14:13.415000,429.84227703509566,11
2024-09-20 12:14:13.505000,429.8566563162423,101
2024-09-20 12:14:13.539000,429.8738330708903,8
2024-09-20 12:14:13.679000,429.8762338112589,995
2024-09-20 12:14:13.710000,429.8949159954151,105
2024-09-20 12:14:13.714000,429.8848637956555,105
2024-09-20 12:14:13.755000,429.8785510530239,1004
2024-09-20 12:14:13.876000,429.894239051613,9
2024-09-20 12:14:13.930000,429.82717343292654,99
2024-09-20 12:14:15.072000,429.7930247698046,12
2024-09-20 12:14:15.530000,429.8207887067569,996
2024-09-20 12:14:15.576000,429.7789375107213,7
2024-09-20 12:14:15.761000,429.8088740268791,99
2024-09-20 12:14:15.869000,429.816681719742,13
2024-09-20 12:14:15.897000,429.8329861793398,99
2024-09-20 12:14:16.097000,429.7591504564709,12
2024-09-20 12:14:16.179000,429.7481979666422,102
2024-09-20 12:14:16.369000,429.7918501220354,97
2024-09-20 12:14:16.488000,429.7681688558494,10
2024-09-20 12:14:16.500000,429.78032518396617,98
2024-09-20 12:14:16.564000,429.7520227543274,997
2024-09-20 12:14:16.705000,429.7609198740785,1002
2024-09-20 12:14:16.731000,429.77206848998594,100
2024-09-20 12:14:16.734000,429.7729295711566,12
2024-09-20 12:14:17.116000,429.7077115182764,103
2024-09-20 12:14:17.124000,429.7735363207632,5
2024-09-20 12:14:17.178000,429.7077761475996,998
2024-09-20 12:14:17.278000,429.7176403279743,11
2024-09-20 12:14:17.302000,429.71771593813065,15
2024-09-20 12:14:17.425000,429.7807022559164,15
2024-09-20 12:14:17.484000,429.7252745641629,14
2024-09-20 12:14:17.505000,429.7225192193874,999
2024-09-20 12:14:17.565000,429.7143168896041,9
2024-09-20 12:14:17.691000,429.7304771789071,7
2024-09-20 12:14:17.715000,429.7174020336341,95
2024-09-20 12:14:17.877000,429.7527663900888,999
2024-09-20 12:14:17.932000,429.7326073594066,7
2024-09-20 12:14:18.025000,429.72720729153787,996
2024-09-20 12:14:18.057000,429.7304564920797,8
2024-09-20 12:14:18.152000,429.7352150762839,97
2024-09-20 12:14:18.229000,429.7574883899781,9
2024-09-20 12:14:18.258000,429.7288929663087,96
2024-09-20 12:14:18.265000,429.74229621095606,100
2024-09-20 12:14:18.294000,429.7173423557759,10
2024-09-20 12:14:18.310000,429.71597701426487,102
2024-09-20 12:14:18.430000,429.7347098932698,104
2024-09-20 12:14:18.507000,429.7406127328643,11
2024-09-20 12:14:18.544000,429.7493856815814,102
2024-09-20 12:14:18.573000,429.7448873527373,15
2024-09-20 12:14:18.664000,429.7451102949067,105
2024-09-20 12:14:18.697000,429.7408648022193,1002
2024-09-20 12:14:18.765000,429.742402834778,14
2024-09-20 12:14:18.806000,429.7139996807848,10
2024-09-20 12:14:18.812000,429.73359683871627,998
2024-09-20 12:14:18.876000,429.7337960222957,101
2024-09-20 12:14:18.916000,429.7207579341062,13
2024-09-20 12:14:18.934000,429.7156222880336,1005
2024-09-20 12:14:18.971000,429.7216332668661,1002
2024-09-20 12:14:18.984000,429.7150568157577,1001
2024-09-20 12:14:19.100000,429.7149545348478,102
2024-09-20 12:14:19.219000,429.66962213331306,96
2024-09-20 12:14:19.282000,429.7279380687986,1003
2024-09-20 12:14:19.592000,429.6990728126489,995
2024-09-20 12:14:19.658000,429.7297318934434,1002
2024-09-20 12:14:19.685000,429.6811055419692,104
2024-09-20 12:14:19.858000,429.682511875082,99
2024-09-20 12:14:19.861000,429.6711392784192,1005
2024-09-20 12:14:19.881000,429.6829281725204,8
2024-09-20 12:14:19.923000,429.6937474282765,1004
2024-09-20 12:14:19.925000,429.673902263616,995
2024-09-20 12:14:19.991000,429.7229430853272,101
2024-09-20 12:14:20.017000,429.63854526636345,1002
2024-09-20 12:14:20.033000,429.66085990338127,15
2024-09-20 12:14:20.065000,429.6282520490447,103
2024-09-20 12:14:20.165000,429.6540208101313,5
2024-09-20 12:14:20.246000,429.6461824866975,1003
2024-09-20 12:14:20.247000,429.6441738293996,996
2024-09-20 12:14:20.403000,429.68396305522646,100
2024-09-20 12:14:20.417000,429.6583188063787,1000
2024-09-20 12:14:20.533000,429.6667325199376,6
2024-09-20 12:14:20.558000,429.66740943965647,996
2024-09-20 12:14:20.558000,429.6889345964679,998
2024-09-20 12:14:20.655000,429.6621554176337,99
2024-09-20 12:14:20.704000,429.6513877942073,7
2024-09-20 12:14:20.710000,429.6918010811534,1001
2024-09-20 12:14:20.739000,429.6355612636308,105
2024-09-20 12:14:20.744000,429.6743521735261,103
2024-09-20 12:14:20.820000,429.6587576633417,103
2024-09-20 12:14:20.825000,429.7089424595359,1002
2024-09-20 12:14:20.831000,429.68734926299953,8
2024-09-20 12:14:20.884000,429.6426211210545,7
2024-09-20 12:14:20.993000,429.6405084945776,9
2024-09-20 12:14:21.022000,429.7146598547324,1004
2024-09-20 12:14:21.031000,429.6914408116536,995
2024-09-20 12:14:21.034000,429.7323773566344,12
2024-09-20 12:14:21.043000,429.699348229618,996
2024-09-20 12:14:21.050000,429.7158254265557,1003
2024-09-20 12:14:21.086000,429.7102845028791,10
2024-09-20 12:14:21.092000,429.70648680231966,9
2024-09-20 12:14:21.116000,429.7490946236389,1003
2024-09-20 12:14:21.149000,429.7676249095585,101
2024-09-20 12:14:21.211000,429.7116926593816,8
2024-09-20 12:14:21.221000,429.751530893644,1002
2024-09-20 12:14:21.251000,429.7223578161503,996
2024-09-20 12:14:21.251000,429.7297247014919,95
2024-09-20 12:14:21.419000,429.7064102167848,1000
2024-09-20 12:14:21.448000,429.734065476598,100
2024-09-20 12:14:21.474000,429.7584062640305,98
2024-09-20 12:14:21.486000,429.7350120750686,5
2024-09-20 12:14:21.508000,429.6798220115184,1002
2024-09-20 12:14:21.565000,429.7141867936254,105
2024-09-20 12:14:21.580000,429.6860678251433,97
2024-09-20 12:14:21.582000,429.750697816408,995
2024-09-20 12:14:21.595000,429.7410656181965,14
2024-09-20 12:14:21.729000,429.7163295821224,12
2024-09-20 12:14:21.735000,429.7285899130211,8
2024-09-20 12:14:21.797000,429.7418365614069,12
2024-09-20 12:14:21.798000,429.7539945003147,11
2024-09-20 12:14:21.896000,429.71850639329904,103
2024-09-20 12:14:21.944000,429.6863751609048,996
2024-09-20 12:14:22.049000,429.70423352794376,100
2024-09-20 12:14:22.052000,429.7347603724321,1001
2024-09-20 12:14:22.089000,429.737555318662,1004
2024-09-20 12:14:22.128000,429.72111876321406,996
2024-09-20 12:14:22.168000,429.7242538991615,105
2024-09-20 12:14:22.189000,429.7224379924152,11
2024-09-20 12:14:22.272000,429.7338671609865,997
2024-09-20 12:14:22.283000,429.73940945448703,9
2024-09-20 12:14:22.328000,429.76623019495065,95
2024-09-20 12:14:22.332000,429.7271694265872,1000
2024-09-20 12:14:22.362000,429.7140293342986,995
2024-09-20 12:14:22.364000,429.7325851453321,1000
2024-09-20 12:14:22.445000,429.7162696834784,15
2024-09-20 12:14:22.544000,429.7376004067603,7
2024-09-20 12:14:22.565000,429.71429097096944,998
2024-09-20 12:14:22.572000,429.7248445410473,10
2024-09-20 12:14:22.654000,429.7353305255429,14
2024-09-20 12:14:22.670000,429.7164252966036,14
2024-09-20 12:14:22.709000,429.7254107080962,102
2024-09-20 12:14:22.780000,429.740258112685,9
2024-09-20 12:14:22.781000,429.7305457849784,96
2024-09-20 12:14:22.832000,429.7191750003045,15
2024-09-20 12:14:22.857000,429.6932533541225,11
2024-09-20 12:14:22.884000,429.7286370391276,1001
2024-09-20 12:14:22.944000,429.7147019038117,103
2024-09-20 12:14:23.039000,429.74285842513336,103
2024-09-20 12:14:23.051000,429.68680718631344,9
2024-09-20 12:14:23.057000,429.6718064334578,997
2024-09-20 12:14:23.062000,429.7426285542134,15
2024-09-20 12:14:23.096000,429.6899714121001,999
2024-09-20 12:14:23.117000,429.7006689832517,1003
2024-09-20 12:14:23.128000,429.70577284129246,103
2024-09-20 12:14:23.130000,429.725701989425,96
2024-09-20 12:14:23.139000,429.72501860256665,15
2024-09-20 12:14:23.203000,429.7255107906337,15
2024-09-20 12:14:23.207000,429.65144119335656,999
2024-09-20 12:14:23.235000,429.72340937307433,12
2024-09-20 12:14:23.261000,429.6886622530908,95
2024-09-20 12:14:23.317000,429.748414098045,103
2024-09-20 12:14:23.322000,429.72939561175775,1003
2024-09-20 12:14:23.526000,429.73649745002217,102
2024-09-20 12:14:23.563000,429.6723022212289,104
2024-09-20 12:14:23.620000,429.7352429452496,996
2024-09-20 12:14:23.638000,429.7361207923034,98
2024-09-20 12:14:23.664000,429.6792790311988,7
2024-09-20 12:14:23.686000,429.67599643909546,1004
2024-09-20 12:14:23.762000,429.7220172756201,12
2024-09-20 12:14:23.803000,429.67821125760486,97
2024-09-20 12:14:23.840000,429.7041137788462,999
2024-09-20 12:14:23.869000,429.7130252499879,105
2024-09-20 12:14:23.928000,429.6716046494131,9
2024-09-20 12:14:23.934000,429.6984063287612,1000
2024-09-20 12:14:23.942000,429.7177791038076,97
2024-09-20 12:14:23.951000,429.7329641755296,1003
2024-09-20 12:14:24.179000,429.69267589750007,8
2024-09-20 12:14:24.757000,429.7434627340997,1005
2024-09-20 12:14:24.954000,429.7130662188483,12
2024-09-20 12:14:24.963000,429.6617118144499,8
2024-09-20 12:14:25.004000,429.74163610920215,1000
2024-09-20 12:14:25.014000,429.71890938778097,102
2024-09-20 12:14:25.041000,429.71591766432095,1003
2024-09-20 12:14:25.108000,429.662592955904,998
2024-09-20 12:14:25.134000,429.7871015421254,1004
2024-09-20 12:14:25.160000,429.71974098510856,996
2024-09-20 12:14:25.162000,429.7276458817356,15
2024-09-20 12:14:25.221000,429.7815740124356,11
2024-09-20 12:14:25.289000,429.6928102950299,999
2024-09-20 12:14:25.374000,429.7760355471575,15
2024-09-20 12:14:25.414000,429.7111494237988,10
2024-09-20 12:14:25.489000,429.74005244632,101
2024-09-20 12:14:25.493000,429.734954373937,999
2024-09-20 12:14:25.493000,429.737027460223,997
2024-09-20 12:14:25.514000,429.70403415864297,998
2024-09-20 12:14:25.566000,429.6791713339846,95
2024-09-20 12:14:25.570000,429.65492501654006,8
2024-09-20 12:14:25.570000,429.713068177754,995
2024-09-20 12:14:25.599000,429.7795173164828,997
2024-09-20 12:14:25.609000,429.79168817836177,5
2024-09-20 12:14:25.744000,429.7039237770578,12
2024-09-20 12:14:25.750000,429.73880986016405,6
2024-09-20 12:14:25.818000,429.6797747754608,996
2024-09-20 12:14:25.951000,429.7781587046392,1001
2024-09-20 12:14:25.960000,429.7507121026099,1005
2024-09-20 12:14:25.964000,429.7137939595962,999
2024-09-20 12:14:26.003000,429.7732939582742,997
2024-09-20 12:14:26.137000,429.79386555280325,1004
2024-09-20 12:14:26.431000,429.8066602752078,5
2024-09-20 12:14:26.640000,429.7760641311701,12
2024-09-20 12:14:26.782000,429.7851989983814,12
2024-09-20 12:14:26.859000,429.7978516753902,10
2024-09-20 12:14:27.079000,429.7513939855221,995
2024-09-20 12:14:27.083000,429.7597196107842,103
2024-09-20 12:14:27.137000,429.757911203865,14
2024-09-20 12:14:27.140000,429.744207992332,999
2024-09-20 12:14:27.215000,429.7487961300539,12
2024-09-20 12:14:27.264000,429.7500210285359,99
2024-09-20 12:14:27.682000,429.7609331123072,95
2024-09-20 12:14:27.772000,429.7592429484492,98
2024-09-20 12:14:27.915000,429.75113767107615,7
2024-09-20 12:14:27.945000,429.7455518023156,1003
2024-09-20 12:14:27.967000,429.7626969726384,996
2024-09-20 12:14:27.986000,429.76411588042527,998
2024-09-20 12:14:27.989000,429.7505591804279,100
2024-09-20 12:14:28.139000,429.7525505968328,96
2024-09-20 12:14:28.322000,429.7668988332039,7
2024-09-20 12:14:28.391000,429.7416826031222,1001
2024-09-20 12:14:28.410000,429.7586440341947,6
2024-09-20 12:14:28.661000,429.7552944903709,101
2024-09-20 12:14:28.745000,429.74684977288496,10
2024-09-20 12:14:28.780000,429.7489832182855,999
2024-09-20 12:14:28.785000,429.7429665763793,96
2024-09-20 12:14:28.923000,429.7805693340092,998
2024-09-20 12:14:28.937000,429.78299603064175,15
2024-09-20 12:14:29.123000,429.7398086622362,102
2024-09-20 12:14:29.183000,429.7435129124133,996
2024-09-20 12:14:29.213000,429.7423114449932,103
2024-09-20 12:14:29.394000,429.7443026881305,5
2024-09-20 12:14:29.416000,429.7906394151067,15
2024-09-20 12:14:29.461000,429.7681114150278,1001
2024-09-20 12:14:29.703000,429.7880035982452,5
2024-09-20 12:14:29.861000,429.7203805993767,98
2024-09-20 12:14:30.013000,429.8056464222225,999
2024-09-20 12:14:30.145000,429.83226447624605,1002
2024-09-20 12:14:30.201000,429.8561189956157,995
2024-09-20 12:14:30.218000,429.7880845883602,102
2024-09-20 12:14:30.260000,429.8584683262301,1003
2024-09-20 12:14:30.298000,429.79432347018246,996
2024-09-20 12:14:30.330000,429.78084172017407,995
2024-09-20 12:14:30.377000,429.8094903028935,998
2024-09-20 12:14:30.377000,429.7961706639694,6
2024-09-20 12:14:30.447000,429.8431475886436,99
2024-09-20 12:14:30.611000,429.8435779357745,8
2024-09-20 12:14:30.631000,429.776066674761,1003
2024-09-20 12:14:30.740000,429.8479705355489,999
2024-09-20 12:14:30.828000,429.88716995367344,14
2024-09-20 12:14:30.871000,429.8381918618845,995
2024-09-20 12:14:30.933000,429.74371115341125,10
2024-09-20 12:14:30.941000,429.7954467786171,15
2024-09-20 12:14:30.947000,429.7916909400558,96
2024-09-20 12:14:30.970000,429.7855060519506,1003
2024-09-20 12:14:30.975000,429.80699986875527,996
2024-09-20 12:14:31.185000,429.9045573087992,999
2024-09-20 12:14:31.576000,429.9113292570401,8
2024-09-20 12:14:31.629000,429.9074944475816,6
2024-09-20 12:14:31.839000,429.9397817134943,8
2024-09-20 12:14:31.953000,429.9343939402088,12
2024-09-20 12:14:32.018000,429.9498792079379,998
2024-09-20 12:14:32.020000,429.95184329798434,99
2024-09-20 12:14:32.075000,430.0256308839303,97
2024-09-20 12:14:32.163000,429.9813430114078,8
2024-09-20 12:14:32.339000,429.9675977582854,5
2024-09-20 12:14:32.530000,429.9612826492101,14
2024-09-20 12:14:32.600000,429.9659707649016,7
2024-09-20 12:14:32.665000,429.9754368161536,998
2024-09-20 12:14:32.765000,429.9406079640541,1003
2024-09-20 12:14:32.788000,429.99272680911,12
2024-09-20 12:14:32.799000,429.97417898700434,95
2024-09-20 12:14:32.800000,430.02133206673545,98
2024-09-20 12:14:32.841000,429.9788629058393,1005
2024-09-20 12:14:32.889000,429.9620664662929,105
2024-09-20 12:14:32.902000,429.94798970738697,1005
2024-09-20 12:14:32.939000,429.9945154928414,995
2024-09-20 12:14:32.964000,430.02717201426776,6
2024-09-20 12:14:33.010000,430.0577107403864,97
2024-09-20 12:14:33.034000,430.0554710814783,9
2024-09-20 12:14:33.131000,430.04423796865575,995
2024-09-20 12:14:33.193000,430.0668910194154,8
2024-09-20 12:14:33.221000,430.0416834497214,96
2024-09-20 12:14:33.313000,430.07665869800815,15
2024-09-20 12:14:33.376000,430.0433315529055,5
2024-09-20 12:14:33.381000,430.0740859709584,103
2024-09-20 12:14:33.674000,430.054769923744,95
2024-09-20 12:14:33.713000,430.0509126575366,15
2024-09-20 12:14:33.764000,430.03076653426086,5
2024-09-20 12:14:33.980000,430.04402046076217,999
2024-09-20 12:14:34.046000,430.0245268840937,995
2024-09-20 12:14:34.064000,430.03545019905954,9
2024-09-20 12:14:34.069000,430.04497321027617,1004
2024-09-20 12:14:34.086000,430.03362934942976,14
2024-09-20 12:14:34.104000,430.0133863982509,6
2024-09-20 12:14:34.149000,430.04063971932175,103
2024-09-20 12:14:34.212000,430.0757079255189,1003
2024-09-20 12:14:34.327000,430.0285249165289,96
2024-09-20 12:14:34.390000,430.0203349503318,101
2024-09-20 12:14:34.436000,430.0278430247586,14
2024-09-20 12:14:34.439000,430.0579759224287,1001
2024-09-20 12:14:34.444000,430.0259673284271,996
2024-09-20 12:14:34.466000,430.0669512398402,95
2024-09-20 12:14:34.504000,430.0128458945237,1000
2024-09-20 12:14:34.571000,430.0576248374469,96
2024-09-20 12:14:34.614000,430.01651801758544,101
2024-09-20 12:14:34.621000,430.0311355565111,104
2024-09-20 12:14:34.649000,430.0649568967941,98
2024-09-20 12:14:34.730000,430.0685374528896,103
2024-09-20 12:14:34.755000,430.03952485668447,998
2024-09-20 12:14:34.818000,430.0293944202787,9
2024-09-20 12:14:34.836000,430.05892805472325,104
2024-09-20 12:14:34.862000,430.04001717853134,100
2024-09-20 12:14:34.879000,429.9934094494545,14
2024-09-20 12:14:34.888000,430.0309416319298,10
2024-09-20 12:14:34.926000,430.0549360450172,12
2024-09-20 12:14:34.953000,430.0697224569221,1002
2024-09-20 12:14:34.982000,430.074479857186,8
2024-09-20 12:14:34.993000,430.0113259030567,995
2024-09-20 12:14:35.020000,430.0095099202456,999
2024-09-20 12:14:35.045000,430.06422515668265,99
2024-09-20 12:14:35.189000,430.0547650387703,1003
2024-09-20 12:14:35.217000,430.0365321705819,1005
2024-09-20 12:14:35.240000,430.0217267862739,1004
2024-09-20 12:14:35.281000,430.0524636774853,6
2024-09-20 12:14:35.298000,430.0453385800456,997
2024-09-20 12:14:35.356000,430.0423343144894,7
2024-09-20 12:14:35.373000,430.0263369564844,7
2024-09-20 12:14:35.380000,430.0277219244596,100
2024-09-20 12:14:35.445000,430.0051843285647,101
2024-09-20 12:14:35.448000,430.0493661005305,1003
2024-09-20 12:14:35.450000,430.04747636153127,8
2024-09-20 12:14:35.466000,430.0545528181981,95
2024-09-20 12:14:35.470000,430.0222860841345,6
2024-09-20 12:14:35.482000,430.0212728701912,1002
2024-09-20 12:14:35.483000,430.0441777808858,1004
2024-09-20 12:14:35.496000,430.087551150801,10
2024-09-20 12:14:35.524000,430.04227201016704,97
2024-09-20 12:14:35.542000,430.06002467177865,98
2024-09-20 12:14:35.551000,430.0015490471645,9
2024-09-20 12:14:35.693000,430.0824654224495,98
2024-09-20 12:14:35.708000,430.003779029593,6
2024-09-20 12:14:35.818000,430.050970677509,105
2024-09-20 12:14:35.832000,430.0379951891957,96
2024-09-20 12:14:35.845000,430.0378210021301,101
2024-09-20 12:14:35.887000,430.0384463076973,10
2024-09-20 12:14:35.895000,430.00753231777634,1002
2024-09-20 12:14:36.024000,430.0677601812231,100
2024-09-20 12:14:36.035000,430.0582891926985,1003
2024-09-20 12:14:36.201000,430.0042623417563,12
2024-09-20 12:14:36.314000,430.0648873148312,995
2024-09-20 12:14:36.510000,430.033451304049,12
2024-09-20 12:14:36.680000,430.0364377832147,999
2024-09-20 12:14:36.761000,430.02665337779246,8
2024-09-20 12:14:36.794000,430.0051669750442,995
2024-09-20 12:14:36.827000,430.0203156884557,97
2024-09-20 12:14:36.892000,430.0171352763677,999
2024-09-20 12:14:36.899000,430.019290104645,96
2024-09-20 12:14:36.908000,430.0779201181074,1000
2024-09-20 12:14:36.919000,430.0650917068933,100
2024-09-20 12:14:36.982000,430.0379451667645,998
2024-09-20 12:14:37.050000,430.0403631275785,101
2024-09-20 12:14:37.137000,430.0294412071472,1000
2024-09-20 12:14:37.244000,430.00506769904126,14
2024-09-20 12:14:37.245000,430.0273507013381,101
2024-09-20 12:14:37.366000,430.0700550104477,11
2024-09-20 12:14:37.380000,430.04484618039527,11
2024-09-20 12:14:37.387000,430.0455767795208,10
2024-09-20 12:14:37.423000,430.00390029443,1000
2024-09-20 12:14:37.448000,430.0546103196775,100
2024-09-20 12:14:37.506000,430.04666957736487,5
2024-09-20 12:14:37.511000,430.0518705325241,14
2024-09-20 12:14:37.529000,430.0430374963848,1000
2024-09-20 12:14:37.557000,430.0510279766311,995
2024-09-20 12:14:37.564000,430.0275337240306,95
2024-09-20 12:14:37.571000,430.0261532722186,9
2024-09-20 12:14:37.708000,430.001256515031,12
2024-09-20 12:14:37.714000,430.0444602630404,996
2024-09-20 12:14:37.723000,430.0520417493262,998
2024-09-20 12:14:37.767000,430.0424333071749,96
2024-09-20 12:14:37.922000,430.0392406179254,95
2024-09-20 12:14:37.973000,430.0042999329366,8
2024-09-20 12:14:38.042000,429.9006665302325,996
2024-09-20 12:14:38.122000,430.0417672382904,1000
2024-09-20 12:14:38.138000,429.9919406864257,100
2024-09-20 12:14:38.155000,429.9829907597223,103
2024-09-20 12:14:38.178000,429.9079106463517,1004
2024-09-20 12:14:38.196000,429.9332021811608,1003
2024-09-20 12:14:38.239000,430.025753078133,1002
2024-09-20 12:14:38.286000,430.0234262296936,1003
2024-09-20 12:14:38.288000,429.9060910406089,11
2024-09-20 12:14:38.367000,429.92467768873945,7
2024-09-20 12:14:38.404000,429.9073044825922,7
2024-09-20 12:14:38.416000,429.8862037159441,14
2024-09-20 12:14:38.435000,429.9665223206986,1005
2024-09-20 12:14:38.537000,429.9423290076462,105
2024-09-20 12:14:38.545000,430.0174235344536,9
2024-09-20 12:14:38.573000,430.0023095290954,996
2024-09-20 12:14:38.588000,430.0062282146598,96
2024-09-20 12:14:38.614000,429.90395067798977,104
2024-09-20 12:14:38.642000,429.928783431081,997
2024-09-20 12:14:38.678000,429.9483338184966,12
2024-09-20 12:14:38.682000,429.93224327907086,95
2024-09-20 12:14:38.683000,429.9429468703372,101
2024-09-20 12:14:38.699000,429.8966333952492,100
2024-09-20 12:14:38.705000,430.0268025295652,997
2024-09-20 12:14:38.767000,429.9389578924838,100
2024-09-20 12:14:38.832000,429.9223763141193,7
2024-09-20 12:14:38.913000,429.91563357283263,8
2024-09-20 12:14:38.943000,429.8933130047485,14
2024-09-20 12:14:38.955000,429.92811448493006,8
2024-09-20 12:14:39.016000,429.8853706370497,103
2024-09-20 12:14:39.047000,429.92219059913367,95
2024-09-20 12:14:39.099000,429.8770479086984,5
2024-09-20 12:14:39.164000,429.9127789589966,95
2024-09-20 12:14:39.176000,429.8963320484896,998
2024-09-20 12:14:39.256000,429.8972898043584,1001
2024-09-20 12:14:39.300000,429.8917811542228,997
2024-09-20 12:14:39.339000,429.902335209051,7
2024-09-20 12:14:39.344000,429.8719576581124,1001
2024-09-20 12:14:39.352000,429.882880460553,104
2024-09-20 12:14:39.357000,429.8632693224185,98
2024-09-20 12:14:39.403000,429.884901035829,12
2024-09-20 12:14:39.483000,429.891289675635,1005
2024-09-20 12:14:39.608000,429.88728919907567,105
2024-09-20 12:14:39.735000,429.89286668318914,5
2024-09-20 12:14:39.825000,429.8876564515766,98
2024-09-20 12:14:39.862000,429.87247583033695,1004
2024-09-20 12:14:39.909000,429.87609256388606,1003
2024-09-20 12:14:39.933000,429.9090569059632,14
2024-09-20 12:14:39.964000,429.876873397654,1000
2024-09-20 12:14:40.031000,429.96237238621615,11
2024-09-20 12:14:40.053000,429.922103198919,1000
2024-09-20 12:14:40.322000,429.9229289320078,14
2024-09-20 12:14:40.366000,429.95182066822576,996
2024-09-20 12:14:40.419000,429.91771646958847,999
2024-09-20 12:14:40.556000,429.9538585474664,97
2024-09-20 12:14:40.700000,429.92661767010617,7
2024-09-20 12:14:40.712000,429.935000208518,996
2024-09-20 12:14:40.738000,429.92076541932175,99
2024-09-20 12:14:40.939000,429.9104596211616,105
2024-09-20 12:14:40.939000,429.94504186181433,1003
2024-09-20 12:14:41.046000,429.95436234971856,1000
2024-09-20 12:14:41.056000,429.8784460038909,12
2024-09-20 12:14:41.146000,429.9254790002944,999
2024-09-20 12:14:41.223000,429.9314376300781,101
2024-09-20 12:14:41.248000,429.9332377881855,1005
2024-09-20 12:14:41.317000,429.9217922124597,12
2024-09-20 12:14:41.339000,429.89296540759614,15
2024-09-20 12:14:41.439000,429.9407400965806,1002
2024-09-20 12:14:41.471000,429.95218613990136,98
2024-09-20 12:14:41.515000,429.9351385761154,97
2024-09-20 12:14:41.519000,429.9271940298639,995
2024-09-20 12:14:41.527000,429.96694567937385,8
2024-09-20 12:14:41.568000,429.9582254230849,1002
2024-09-20 12:14:41.645000,429.9215983854417,1000
2024-09-20 12:14:41.681000,429.90231621488414,100
2024-09-20 12:14:41.786000,429.9307049965922,9
2024-09-20 12:14:41.848000,429.92858076614016,998
2024-09-20 12:14:41.867000,429.9138524538397,1003
2024-09-20 12:14:41.921000,429.9266305488603,9
2024-09-20 12:14:41.924000,429.920003637281,95
2024-09-20 12:14:42.011000,429.9546251384432,1001
2024-09-20 12:14:42.179000,429.9695029603631,1001
2024-09-20 12:14:43.185000,429.9750896009438,100
2024-09-20 12:14:43.240000,429.95427594614864,98
2024-09-20 12:14:44.013000,429.9898863707536,997
2024-09-20 12:14:44.258000,429.9493854158286,1002
2024-09-20 12:14:44.412000,429.95680295149214,103
2024-09-20 12:14:44.613000,429.97045600314266,99
2024-09-20 12:14:44.986000,429.982744964462,15
2024-09-20 12:14:45.012000,429.987282308028,996
2024-09-20 12:14:45.067000,429.9686515673372,10
2024-09-20 12:14:45.083000,430.0274595766391,996
2024-09-20 12:14:45.095000,429.9898490614013,95
2024-09-20 12:14:45.196000,430.0144553420225,9
2024-09-20 12:14:45.225000,429.96323337973183,105
2024-09-20 12:14:45.397000,429.9632713955209,102
2024-09-20 12:14:45.407000,429.99898590088327,105
2024-09-20 12:14:45.408000,429.9713110829821,15
2024-09-20 12:14:45.416000,429.97930693160674,1004
2024-09-20 12:14:45.441000,430.0072498137982,997
2024-09-20 12:14:45.469000,430.03506241657993,101
2024-09-20 12:14:45.593000,430.0081800897852,11
2024-09-20 12:14:45.610000,430.0226223363796,14
2024-09-20 12:14:45.626000,430.01415757683606,103
2024-09-20 12:14:45.641000,430.0167219472194,103
2024-09-20 12:14:45.746000,429.9712268420959,14
2024-09-20 12:14:45.808000,430.023154749663,7
2024-09-20 12:14:45.898000,429.999348715462,9
2024-09-20 12:14:45.973000,430.0259060034912,13
2024-09-20 12:14:46.026000,429.9954336726793,996
2024-09-20 12:14:46.051000,430.0037556708604,99
2024-09-20 12:14:46.138000,430.0159416163429,10
2024-09-20 12:14:46.163000,430.0143748570229,996
2024-09-20 12:14:46.187000,430.02287497881446,99
2024-09-20 12:14:46.252000,430.03223230970576,1004
2024-09-20 12:14:46.275000,430.0552525891893,1001
2024-09-20 12:14:46.298000,430.0279119167738,5
2024-09-20 12:14:46.314000,430.0140774220795,104
2024-09-20 12:14:46.447000,430.0069853429548,102
2024-09-20 12:14:46.490000,430.0378207079879,996
2024-09-20 12:14:46.734000,429.9848772716047,10
2024-09-20 12:14:46.752000,430.0338913048313,1001
2024-09-20 12:14:46.753000,430.0404850028469,9
2024-09-20 12:14:46.762000,430.0606591675698,996
2024-09-20 12:14:46.809000,430.0458035963056,15
2024-09-20 12:14:46.890000,430.055591554699,1005
2024-09-20 12:14:46.915000,430.036290979716,98
2024-09-20 12:14:46.953000,430.0220984789984,105
2024-09-20 12:14:46.994000,430.0175834901938,6
2024-09-20 12:14:47.052000,430.0010566352733,10
2024-09-20 12:14:47.125000,429.9599181787564,995
2024-09-20 12:14:47.139000,429.963786370907,999
2024-09-20 12:14:47.153000,429.9399791603535,996
2024-09-20 12:14:47.205000,429.9844785716583,9
2024-09-20 12:14:47.258000,429.996541319494,998
2024-09-20 12:14:47.323000,429.9430286990784,15
2024-09-20 12:14:47.378000,429.98225576436926,11
2024-09-20 12:14:47.396000,429.9845471667488,997
2024-09-20 12:14:47.447000,429.9707288298391,995
2024-09-20 12:14:47.698000,429.9597685467938,9
2024-09-20 12:14:47.720000,429.9477873263044,102
2024-09-20 12:14:47.804000,429.9700529935643,12
2024-09-20 12:14:47.835000,429.9481872960637,14
2024-09-20 12:14:47.923000,429.9635350633541,105
2024-09-20 12:14:47.928000,429.9736664649975,1001
2024-09-20 12:14:47.994000,429.9745642556021,1003
2024-09-20 12:14:48.082000,429.91009932428335,10
2024-09-20 12:14:48.175000,429.92813729849047,10
2024-09-20 12:14:48.271000,429.91762254038514,14
2024-09-20 12:14:48.285000,429.9360849340919,1005
2024-09-20 12:14:48.293000,429.9295306905161,103
2024-09-20 12:14:48.310000,429.92802523903913,102
2024-09-20 12:14:48.378000,429.9295423261776,13
2024-09-20 12:14:48.411000,429.92981059898233,97
2024-09-20 12:14:48.568000,429.9166787158971,5
2024-09-20 12:14:48.711000,429.9305129959597,12
2024-09-20 12:14:48.918000,429.9122596321754,1003
2024-09-20 12:14:49.118000,429.8984966661713,95
2024-09-20 12:14:49.198000,429.887153582515,12
2024-09-20 12:14:49.521000,429.8698906841173,105
2024-09-20 12:14:49.532000,429.8797421665137,15
2024-09-20 12:14:49.599000,429.89344771075895,101
2024-09-20 12:14:49.610000,429.8794816398192,1005
2024-09-20 12:14:49.653000,429.9370559125732,11
2024-09-20 12:14:49.653000,429.87523511193206,1004
2024-09-20 12:14:49.658000,429.8929759158817,999
2024-09-20 12:14:49.696000,429.9195367672561,12
2024-09-20 12:14:49.709000,429.9316084312993,996
2024-09-20 12:14:49.732000,429.8921265559832,99
2024-09-20 12:14:49.761000,429.9458730466943,12
2024-09-20 12:14:49.865000,429.9272969715107,998
2024-09-20 12:14:49.965000,429.8927755806256,10
2024-09-20 12:14:50.036000,429.9155120701932,12
2024-09-20 12:14:50.047000,429.8600456341397,15
2024-09-20 12:14:50.153000,429.88172759389096,97
2024-09-20 12:14:50.267000,429.9273931894253,999
2024-09-20 12:14:50.278000,429.8793275163781,100
2024-09-20 12:14:50.376000,429.8966972428743,1002
2024-09-20 12:14:50.394000,429.8838135619548,995
2024-09-20 12:14:50.567000,429.922602288044,101
2024-09-20 12:14:50.733000,429.9272580520865,7
2024-09-20 12:14:50.752000,429.9128948586801,1005
2024-09-20 12:14:50.783000,429.8729985059824,6
2024-09-20 12:14:50.816000,429.88294076380015,995
2024-09-20 12:14:50.858000,429.8618988497975,97
2024-09-20 12:14:50.883000,429.881613839931,96
2024-09-20 12:14:50.907000,429.8949867278683,102
2024-09-20 12:14:51.078000,429.9293587666954,96
2024-09-20 12:14:51.629000,429.904422863205,5
2024-09-20 12:14:51.723000,429.9180584826526,101
2024-09-20 12:14:52.014000,429.9632398260351,12
2024-09-20 12:14:52.030000,429.9756603405712,99
2024-09-20 12:14:52.076000,429.94747413421993,1000
2024-09-20 12:14:52.155000,429.95008361953614,1004
2024-09-20 12:14:52.309000,429.9705904745168,10
2024-09-20 12:14:52.373000,429.9574373888154,8
2024-09-20 12:14:52.406000,429.9713940706506,1002
2024-09-20 12:14:52.408000,429.9584701928526,15
2024-09-20 12:14:52.416000,429.96217728647184,7
2024-09-20 12:14:52.433000,429.9522094842024,1002
2024-09-20 12:14:52.456000,429.9360835605172,999
2024-09-20 12:14:52.586000,429.978300071125,99
2024-09-20 12:14:52.651000,429.9562089243926,11
2024-09-20 12:14:52.802000,429.9719940553887,15
2024-09-20 12:14:52.824000,429.9762841593295,1004
2024-09-20 12:14:52.873000,429.9791893799283,102
2024-09-20 12:14:52.890000,429.97743117866753,1004
2024-09-20 12:14:52.908000,429.9549653537308,11
2024-09-20 12:14:52.984000,429.96241234459177,995
2024-09-20 12:14:53.033000,429.9679081514573,105
2024-09-20 12:14:53.068000,429.901759912441,10
2024-09-20 12:14:53.070000,429.9683245987927,995
2024-09-20 12:14:53.072000,429.95974147625,1004
2024-09-20 12:14:53.107000,429.9661713452949,6
2024-09-20 12:14:53.109000,429.97900629154327,1000
2024-09-20 12:14:53.113000,429.93139604829634,102
2024-09-20 12:14:53.163000,429.9198193806934,997
2024-09-20 12:14:53.190000,429.9629716703349,1001
2024-09-20 12:14:53.222000,429.9415776329892,1000
2024-09-20 12:14:53.320000,429.97356570893,995
2024-09-20 12:14:53.322000,429.88662817562056,1005
2024-09-20 12:14:53.354000,429.94227616083856,99
2024-09-20 12:14:53.428000,429.9092877876344,13
2024-09-20 12:14:53.501000,429.9091218817743,995
2024-09-20 12:14:53.536000,429.9083187870868,1004
2024-09-20 12:14:53.567000,429.966032484208,995
2024-09-20 12:14:53.668000,429.8966231706356,105
2024-09-20 12:14:53.738000,429.9647162561731,14
2024-09-20 12:14:53.866000,429.9144407907508,99
2024-09-20 12:14:53.923000,429.9546410014224,11
2024-09-20 12:14:53.969000,429.9429855276675,9
2024-09-20 12:14:53.989000,429.9676824385375,1003
2024-09-20 12:14:53.993000,429.96256615270585,97
2024-09-20 12:14:53.993000,429.9160775946809,999
2024-09-20 12:14:54.008000,429.8997894913591,99
2024-09-20 12:14:54.045000,429.9595868206004,99
2024-09-20 12:14:54.151000,429.9165871690019,998
2024-09-20 12:14:54.264000,429.942087574757,998
2024-09-20 12:14:54.455000,429.9046166602551,105
2024-09-20 12:14:54.471000,429.9091809660273,12
2024-09-20 12:14:54.508000,429.9131323352577,96
2024-09-20 12:14:54.712000,429.8905259248472,8
2024-09-20 12:14:54.741000,429.9182515858263,6
2024-09-20 12:14:54.817000,429.92407309353257,102
2024-09-20 12:14:54.927000,429.9261224184646,998
2024-09-20 12:14:54.934000,429.9133386856834,95
2024-09-20 12:14:55.009000,429.9334299694117,13
2024-09-20 12:14:55.081000,429.951786429952,102
2024-09-20 12:14:55.090000,429.9578581302196,997
2024-09-20 12:14:55.096000,429.9657449613555,999
2024-09-20 12:14:55.409000,429.9216551303001,9
2024-09-20 12:14:55.578000,429.9211526147466,1004
2024-09-20 12:14:55.629000,429.9238321903911,15
2024-09-20 12:14:55.742000,429.9427169323485,1000
2024-09-20 12:14:55.860000,429.9388968742803,101
2024-09-20 12:14:55.872000,429.950144044218,9
2024-09-20 12:14:55.879000,429.9439085343548,12
2024-09-20 12:14:55.888000,429.9477905856164,1001
2024-09-20 12:14:56.080000,429.9177043305653,105
2024-09-20 12:14:56.101000,429.8598309322445,10
2024-09-20 12:14:56.109000,429.87040996930864,1002
2024-09-20 12:14:56.218000,429.864523497313,13
2024-09-20 12:14:56.225000,429.8752113114115,10
2024-09-20 12:14:56.234000,429.8952233205994,15
2024-09-20 12:14:56.283000,429.8659827084721,5
2024-09-20 12:14:56.311000,429.8328963703372,11
2024-09-20 12:14:56.363000,429.88649670915015,1001
2024-09-20 12:14:56.390000,429.93203639917823,7
2024-09-20 12:14:56.430000,429.8790174386848,1000
2024-09-20 12:14:56.434000,429.84979416059394,12
2024-09-20 12:14:56.456000,429.9182683682276,104
2024-09-20 12:14:56.539000,429.9200576525508,7
2024-09-20 12:14:56.588000,429.84237702956096,99
2024-09-20 12:14:56.599000,429.8541947547792,102
2024-09-20 12:14:56.608000,429.91198886025455,1001
2024-09-20 12:14:56.672000,429.8597973086498,995
2024-09-20 12:14:56.683000,429.91006923943854,97
2024-09-20 12:14:56.684000,429.8769562939677,12
2024-09-20 12:14:56.707000,429.8377453338118,1005
2024-09-20 12:14:56.710000,429.8411454084536,9
2024-09-20 12:14:56.733000,429.847693944542,15
2024-09-20 12:14:56.826000,429.87965227051546,15
2024-09-20 12:14:56.879000,429.9065156022096,995
2024-09-20 12:14:56.911000,429.91927528722607,98
2024-09-20 12:14:56.921000,429.9306252188603,7
2024-09-20 12:14:56.984000,429.8651877363871,100
2024-09-20 12:14:57.546000,429.90163413152055,998
2024-09-20 12:14:58.058000,429.8424534909456,103
2024-09-20 12:14:58.108000,429.8455101650203,9
2024-09-20 12:14:58.130000,429.85837392470137,14
2024-09-20 12:14:58.136000,429.82789495193646,14
2024-09-20 12:14:58.164000,429.8401597366625,999
2024-09-20 12:14:58.242000,429.8989449218899,10
2024-09-20 12:14:58.258000,429.8877591506163,6
2024-09-20 12:14:58.294000,429.9003237407457,104
2024-09-20 12:14:58.295000,429.84687613211696,101
2024-09-20 12:14:58.337000,429.9299220410663,96
2024-09-20 12:14:58.346000,429.8857107457422,98
2024-09-20 12:14:58.502000,429.8662872124936,9
2024-09-20 12:14:58.527000,429.9365394372834,97
2024-09-20 12:14:58.536000,429.82426527127245,10
2024-09-20 12:14:58.566000,429.8201382719778,14
2024-09-20 12:14:58.573000,429.90867858002,995
2024-09-20 12:14:58.573000,429.8491112219399,9
2024-09-20 12:14:58.575000,429.8278611267993,1005
2024-09-20 12:14:58.576000,429.8520306033635,101
2024-09-20 12:14:58.659000,429.8319004056984,998
2024-09-20 12:14:58.701000,429.8934068864926,998
2024-09-20 12:14:58.707000,429.9399710395196,95
2024-09-20 12:14:58.801000,429.8169916045123,11
2024-09-20 12:14:58.881000,429.836372624983,12
2024-09-20 12:14:58.888000,429.848116502702,6
2024-09-20 12:14:58.925000,429.89097098522257,14
2024-09-20 12:14:58.949000,429.8819322996483,996
2024-09-20 12:14:58.956000,429.8866154691906,999
2024-09-20 12:14:59.003000,429.7705272008093,996
2024-09-20 12:14:59.007000,429.79854769476736,11
2024-09-20 12:14:59.015000,429.7783917960655,14
2024-09-20 12:14:59.116000,429.7771209233984,15
2024-09-20 12:14:59.149000,429.8094522829544,11
2024-09-20 12:14:59.167000,429.7759405690223,10
2024-09-20 12:14:59.201000,429.76352109394537,96
2024-09-20 12:14:59.217000,429.7754345876094,1002
2024-09-20 12:14:59.231000,429.7767461041397,104
2024-09-20 12:14:59.367000,429.8263483277379,97
2024-09-20 12:14:59.389000,429.82171533858286,101
2024-09-20 12:14:59.407000,429.8226318074036,995
2024-09-20 12:14:59.416000,429.8099719359534,104
2024-09-20 12:14:59.478000,429.7656110138903,11
2024-09-20 12:14:59.511000,429.820807801267,1002
2024-09-20 12:14:59.546000,429.7611022558851,13
2024-09-20 12:14:59.581000,429.8075465591042,97
2024-09-20 12:14:59.595000,429.8081448208664,104
2024-09-20 12:14:59.642000,429.829638817552,96
2024-09-20 12:14:59.693000,429.82511672609314,100
2024-09-20 12:14:59.762000,429.77522294802566,96
2024-09-20 12:14:59.789000,429.7890338839418,997
2024-09-20 12:14:59.791000,429.7807477923431,996
2024-09-20 12:14:59.825000,429.81261172353584,98
2024-09-20 12:14:59.826000,429.8382051831224,1005
2024-09-20 12:14:59.860000,429.8368752323288,105
2024-09-20 12:14:59.945000,429.7921785144964,1004
2024-09-20 12:14:59.985000,429.8382657287173,999
2024-09-20 12:14:59.999000,429.82492147127607,997
