Timestamp,Price,Size
2024-09-17 09:40:00.080000,416.0311113724071,9
2024-09-17 09:40:00.234000,416.0616370045662,103
2024-09-17 09:40:00.526000,416.0363779699925,9
2024-09-17 09:40:00.755000,416.036783830085,96
2024-09-17 09:40:00.959000,416.0484752295439,98
2024-09-17 09:40:01.658000,416.0564117042144,1002
2024-09-17 09:40:02.004000,416.0669815388925,997
2024-09-17 09:40:02.065000,416.0845150394551,105
2024-09-17 09:40:02.140000,416.07053846797567,995
2024-09-17 09:40:02.218000,416.0649907620331,96
2024-09-17 09:40:02.263000,416.12749352735904,999
2024-09-17 09:40:02.309000,416.0740863730005,12
2024-09-17 09:40:02.412000,416.087100755617,1002
2024-09-17 09:40:02.446000,416.07614548907367,13
2024-09-17 09:40:02.451000,416.071481449601,95
2024-09-17 09:40:02.505000,416.0629188341315,98
2024-09-17 09:40:02.631000,416.0576376184197,99
2024-09-17 09:40:02.696000,416.0932894634822,103
2024-09-17 09:40:02.740000,416.0741794280275,8
2024-09-17 09:40:02.762000,416.0674542337751,102
2024-09-17 09:40:02.832000,416.0934722159631,104
2024-09-17 09:40:02.856000,416.1215406149408,99
2024-09-17 09:40:02.885000,416.086836353108,105
2024-09-17 09:40:02.936000,416.0551254537292,13
2024-09-17 09:40:02.951000,416.0710640788992,104
2024-09-17 09:40:02.977000,416.1038035470044,998
2024-09-17 09:40:02.979000,416.0689811924764,101
2024-09-17 09:40:02.988000,416.0829808906132,96
2024-09-17 09:40:03.012000,416.1600332587571,5
2024-09-17 09:40:03.134000,416.15151347236497,14
2024-09-17 09:40:03.218000,416.14858831681255,6
2024-09-17 09:40:03.287000,416.12213452189775,1004
2024-09-17 09:40:03.321000,416.1487165635645,97
2024-09-17 09:40:03.348000,416.14755087549736,1001
2024-09-17 09:40:03.378000,416.1329892601633,1004
2024-09-17 09:40:03.411000,416.1683356526067,99
2024-09-17 09:40:03.412000,416.1427803319445,100
2024-09-17 09:40:03.425000,416.1144329747228,11
2024-09-17 09:40:03.440000,416.15092692543567,997
2024-09-17 09:40:03.524000,416.14728764618815,1001
2024-09-17 09:40:03.751000,416.14072395937376,1003
2024-09-17 09:40:03.755000,416.1638383766168,105
2024-09-17 09:40:03.779000,416.1182345767239,104
2024-09-17 09:40:03.787000,416.14235061702936,1000
2024-09-17 09:40:03.794000,416.15556042332736,100
2024-09-17 09:40:03.809000,416.13316421343086,11
2024-09-17 09:40:03.816000,416.1211453189492,98
2024-09-17 09:40:03.823000,416.1108468111386,5
2024-09-17 09:40:03.871000,416.11921035224486,995
2024-09-17 09:40:03.877000,416.1352879965533,97
2024-09-17 09:40:03.911000,416.1570324151032,101
2024-09-17 09:40:04.036000,416.2006025866178,997
2024-09-17 09:40:04.043000,416.2202759135884,1005
2024-09-17 09:40:04.072000,416.2072791503172,997
2024-09-17 09:40:04.138000,416.194405327478,6
2024-09-17 09:40:04.164000,416.2150259353649,996
2024-09-17 09:40:04.286000,416.1846628433302,104
2024-09-17 09:40:04.341000,416.2141458940033,97
2024-09-17 09:40:04.405000,416.2197368867019,8
2024-09-17 09:40:04.554000,416.2143696811708,8
2024-09-17 09:40:04.624000,416.2073553071769,999
2024-09-17 09:40:04.637000,416.2082318094358,99
2024-09-17 09:40:04.694000,416.21562640316506,13
2024-09-17 09:40:04.809000,416.1990638102624,7
2024-09-17 09:40:04.871000,416.20416814933697,95
2024-09-17 09:40:04.890000,416.1879414750314,9
2024-09-17 09:40:04.906000,416.1877221764895,100
2024-09-17 09:40:05.001000,416.16736456780166,6
2024-09-17 09:40:05.038000,416.1676825791152,9
2024-09-17 09:40:05.176000,416.2305468684049,1002
2024-09-17 09:40:05.202000,416.2315073779175,101
2024-09-17 09:40:05.256000,416.1965671628848,105
2024-09-17 09:40:05.297000,416.20907300581325,96
2024-09-17 09:40:05.375000,416.17820907394366,996
2024-09-17 09:40:05.397000,416.2445568230122,12
2024-09-17 09:40:05.450000,416.1685949698148,15
2024-09-17 09:40:05.494000,416.1604605254621,999
2024-09-17 09:40:05.506000,416.1839531841711,95
2024-09-17 09:40:05.508000,416.1738099890409,13
2024-09-17 09:40:05.510000,416.17607753273074,101
2024-09-17 09:40:05.511000,416.2340128394789,98
2024-09-17 09:40:05.617000,416.2373834610329,999
2024-09-17 09:40:05.663000,416.1642903560975,105
2024-09-17 09:40:05.664000,416.19323613371455,997
2024-09-17 09:40:05.784000,416.2124260529988,1003
2024-09-17 09:40:05.812000,416.22699357810495,998
2024-09-17 09:40:05.823000,416.21549538826713,10
2024-09-17 09:40:05.828000,416.2461339623218,996
2024-09-17 09:40:05.834000,416.1782881504547,995
2024-09-17 09:40:05.843000,416.1784530061656,8
2024-09-17 09:40:05.877000,416.183149449472,1002
2024-09-17 09:40:05.980000,416.1759905556629,12
2024-09-17 09:40:05.984000,416.2086027185045,1005
2024-09-17 09:40:05.999000,416.199235100544,14
2024-09-17 09:40:08,415.9734516694376,1000
2024-09-17 09:40:08.033000,415.9996183034522,5
2024-09-17 09:40:08.054000,416.01957711041,105
2024-09-17 09:40:08.072000,416.0410645875712,1003
2024-09-17 09:40:08.156000,416.0039652377191,1003
2024-09-17 09:40:08.186000,416.1229308468076,15
2024-09-17 09:40:08.235000,416.0335858408984,998
2024-09-17 09:40:08.262000,415.995496317006,6
2024-09-17 09:40:08.332000,416.1057436241741,102
2024-09-17 09:40:08.339000,416.1460099021184,14
2024-09-17 09:40:08.344000,416.1459754957414,1003
2024-09-17 09:40:08.345000,416.0179515917815,104
2024-09-17 09:40:08.382000,416.030802405466,104
2024-09-17 09:40:08.577000,415.99218148999006,95
2024-09-17 09:40:08.579000,416.0192851162095,999
2024-09-17 09:40:08.618000,416.0246692254903,95
2024-09-17 09:40:08.624000,416.0256725715829,12
2024-09-17 09:40:08.637000,416.0123820176816,98
2024-09-17 09:40:08.647000,416.0410114987277,98
2024-09-17 09:40:08.706000,416.03280088183806,8
2024-09-17 09:40:08.826000,416.0180380381094,101
2024-09-17 09:40:08.849000,416.0113711193399,996
2024-09-17 09:40:08.897000,416.04274616552686,7
2024-09-17 09:40:08.906000,415.9932516586411,13
2024-09-17 09:40:08.968000,416.0671728355463,14
2024-09-17 09:40:08.998000,416.0325246265105,8
2024-09-17 09:40:09.138000,415.99807844735926,999
2024-09-17 09:40:09.209000,416.0113316242187,15
2024-09-17 09:40:09.217000,416.01675911156985,9
2024-09-17 09:40:10.050000,415.94938018727214,98
2024-09-17 09:40:10.060000,415.9912986397568,95
2024-09-17 09:40:10.083000,415.9891602407311,103
2024-09-17 09:40:10.118000,415.9784583371831,11
2024-09-17 09:40:10.139000,415.976508641574,11
2024-09-17 09:40:10.237000,415.9711844374392,101
2024-09-17 09:40:10.451000,416.01499720419054,100
2024-09-17 09:40:10.467000,416.00764834935535,1000
2024-09-17 09:40:10.514000,415.9405447951928,10
2024-09-17 09:40:10.636000,415.95310348423607,8
2024-09-17 09:40:10.657000,415.9611841768856,102
2024-09-17 09:40:10.658000,415.983137936386,1002
2024-09-17 09:40:10.790000,415.97029834260223,996
2024-09-17 09:40:10.799000,415.99186677910586,100
2024-09-17 09:40:10.836000,415.9971743206556,13
2024-09-17 09:40:10.839000,416.00732066314725,98
2024-09-17 09:40:10.857000,416.00642313742367,102
2024-09-17 09:40:10.977000,415.99788320188617,102
2024-09-17 09:40:10.996000,416.00344683268185,997
2024-09-17 09:40:11.029000,415.9312250476529,104
2024-09-17 09:40:11.057000,415.9063181788305,5
2024-09-17 09:40:11.143000,415.8913283237296,1003
2024-09-17 09:40:11.434000,415.93670991697394,13
2024-09-17 09:40:11.476000,415.9013535208613,996
2024-09-17 09:40:11.480000,415.9149079165416,997
2024-09-17 09:40:11.555000,415.936978797633,1004
2024-09-17 09:40:11.623000,415.9039656143296,998
2024-09-17 09:40:11.777000,415.9393499381076,1002
2024-09-17 09:40:11.856000,415.9147218525293,99
2024-09-17 09:40:11.965000,415.9517338243723,997
2024-09-17 09:40:11.970000,415.9192935042042,1003
2024-09-17 09:40:11.982000,415.89637322761286,105
2024-09-17 09:40:11.998000,415.9265996036885,14
2024-09-17 09:40:12.049000,415.8622329565802,999
2024-09-17 09:40:12.138000,415.8966985964948,105
2024-09-17 09:40:12.169000,415.87834970440775,95
2024-09-17 09:40:12.256000,415.8743622891363,1005
2024-09-17 09:40:12.690000,415.8794612975154,11
2024-09-17 09:40:14.002000,415.9402756901594,11
2024-09-17 09:40:14.008000,415.91919443008607,96
2024-09-17 09:40:14.011000,415.9025993226281,8
2024-09-17 09:40:14.215000,415.8876159052026,104
2024-09-17 09:40:14.244000,415.90241233963377,101
2024-09-17 09:40:14.252000,415.9155792226471,99
2024-09-17 09:40:14.262000,415.9144304584167,9
2024-09-17 09:40:14.395000,415.9028404405181,1002
2024-09-17 09:40:14.400000,415.8875411690639,1002
2024-09-17 09:40:14.443000,415.9136641940376,101
2024-09-17 09:40:14.453000,415.9246835696557,97
2024-09-17 09:40:14.478000,415.9349207588875,101
2024-09-17 09:40:14.487000,415.869459973197,101
2024-09-17 09:40:14.529000,415.9224557097218,104
2024-09-17 09:40:14.545000,415.93804980481553,999
2024-09-17 09:40:14.630000,415.8985048083477,996
2024-09-17 09:40:14.669000,415.9158986826217,995
2024-09-17 09:40:14.782000,415.88400998337823,9
2024-09-17 09:40:14.789000,415.9499957834829,101
2024-09-17 09:40:14.797000,415.9233055866579,9
2024-09-17 09:40:14.853000,415.9445456532687,1004
2024-09-17 09:40:14.947000,415.8814243164172,999
2024-09-17 09:40:14.988000,415.9104739182977,1003
2024-09-17 09:40:15.012000,415.91999255925504,103
2024-09-17 09:40:15.069000,415.8898723568318,102
2024-09-17 09:40:15.073000,415.9023247588215,5
2024-09-17 09:40:15.099000,415.8819484364519,999
2024-09-17 09:40:15.170000,415.93236000452816,104
2024-09-17 09:40:15.184000,415.91303932785775,102
2024-09-17 09:40:15.250000,415.9266086085772,1005
2024-09-17 09:40:15.252000,415.9161116739252,104
2024-09-17 09:40:15.467000,415.9218016431679,104
2024-09-17 09:40:15.529000,415.8863319390416,11
2024-09-17 09:40:15.655000,415.8976004278811,15
2024-09-17 09:40:15.672000,415.8817411650729,14
2024-09-17 09:40:15.722000,415.9077933591558,11
2024-09-17 09:40:15.772000,415.9220835734374,999
2024-09-17 09:40:15.800000,415.9249747961159,12
2024-09-17 09:40:15.817000,415.8851392876724,995
2024-09-17 09:40:15.990000,415.91476191178106,103
2024-09-17 09:40:15.998000,415.9107645150161,998
2024-09-17 09:40:16.085000,415.9160736347936,999
2024-09-17 09:40:16.171000,415.9590841619238,1005
2024-09-17 09:40:16.386000,415.9703163972031,8
2024-09-17 09:40:16.393000,415.953761527312,13
2024-09-17 09:40:16.565000,415.9507405919375,12
2024-09-17 09:40:16.638000,415.9542203889524,12
2024-09-17 09:40:16.810000,415.9635649336664,8
2024-09-17 09:40:16.884000,415.9174037946347,99
2024-09-17 09:40:16.974000,415.9374471070877,5
2024-09-17 09:40:17.054000,415.9465375803365,12
2024-09-17 09:40:17.084000,415.93763283431633,12
2024-09-17 09:40:17.283000,415.9505727324666,95
2024-09-17 09:40:17.319000,415.9279558984883,10
2024-09-17 09:40:17.386000,415.9296482423477,98
2024-09-17 09:40:17.392000,415.93200323663496,1000
2024-09-17 09:40:17.489000,415.91610420039297,13
2024-09-17 09:40:17.499000,415.9268689492952,1004
2024-09-17 09:40:17.500000,415.9537036515621,7
2024-09-17 09:40:17.509000,415.9378622029931,98
2024-09-17 09:40:17.746000,415.9250671919698,101
2024-09-17 09:40:17.752000,415.9472668713914,1003
2024-09-17 09:40:17.885000,415.9458861488778,1001
2024-09-17 09:40:17.897000,415.9292331207407,1003
2024-09-17 09:40:17.953000,415.9259463186729,96
2024-09-17 09:40:17.978000,415.92909376269256,1004
2024-09-17 09:40:18.031000,415.8883794551549,1000
2024-09-17 09:40:18.043000,415.8856833153974,1000
2024-09-17 09:40:18.109000,415.85543144796463,998
2024-09-17 09:40:18.167000,415.8720394560627,1005
2024-09-17 09:40:18.180000,415.869601609285,1003
2024-09-17 09:40:18.202000,415.84534212933136,11
2024-09-17 09:40:18.226000,415.8539202948799,8
2024-09-17 09:40:18.229000,415.9279425374325,102
2024-09-17 09:40:18.244000,415.9093662277141,105
2024-09-17 09:40:18.251000,415.8796876721736,103
2024-09-17 09:40:18.304000,415.8484365260728,6
2024-09-17 09:40:18.313000,415.880572806144,15
2024-09-17 09:40:18.425000,415.87491113017,12
2024-09-17 09:40:18.442000,415.9629947975619,100
2024-09-17 09:40:18.481000,415.8635145206024,99
2024-09-17 09:40:18.517000,415.8805385662156,12
2024-09-17 09:40:18.520000,415.9019105958282,9
2024-09-17 09:40:18.563000,415.890035040772,105
2024-09-17 09:40:18.574000,415.86182044045495,11
2024-09-17 09:40:18.577000,415.8905666316564,100
2024-09-17 09:40:18.812000,415.9206622983133,103
2024-09-17 09:40:18.888000,415.8907626605493,13
2024-09-17 09:40:18.910000,415.8656652251653,96
2024-09-17 09:40:18.931000,415.8984983221648,998
2024-09-17 09:40:19.040000,415.8071100468261,101
2024-09-17 09:40:19.141000,415.8484167656357,7
2024-09-17 09:40:19.405000,415.8750715279882,11
2024-09-17 09:40:19.565000,415.81863772506847,105
2024-09-17 09:40:19.566000,415.8707111342159,99
2024-09-17 09:40:19.599000,415.8325437306078,996
2024-09-17 09:40:19.746000,415.8367325357479,101
2024-09-17 09:40:19.762000,415.8615081726663,104
2024-09-17 09:40:19.854000,415.8719082946509,100
2024-09-17 09:40:20.136000,415.8516717712466,1001
2024-09-17 09:40:20.158000,415.865414444461,7
2024-09-17 09:40:20.171000,415.8661313488117,95
2024-09-17 09:40:20.191000,415.8497140758637,15
2024-09-17 09:40:20.681000,415.8325180664458,996
2024-09-17 09:40:20.684000,415.8804793916865,99
2024-09-17 09:40:20.708000,415.85554558480464,1002
2024-09-17 09:40:20.763000,415.8387781896561,14
2024-09-17 09:40:20.951000,415.8658818484511,103
2024-09-17 09:40:20.999000,415.837039949458,11
2024-09-17 09:40:21.041000,415.8333948563613,1005
2024-09-17 09:40:21.367000,415.8064738402453,95
2024-09-17 09:40:21.750000,415.81143150629634,104
2024-09-17 09:40:21.807000,415.7640225729274,15
2024-09-17 09:40:21.898000,415.7758172932657,99
2024-09-17 09:40:21.917000,415.78649723821513,99
2024-09-17 09:40:21.948000,415.7840257490048,997
2024-09-17 09:40:22.594000,415.80437617422734,1003
2024-09-17 09:40:22.769000,415.8053225622148,1005
2024-09-17 09:40:22.797000,415.8093818761385,996
2024-09-17 09:40:22.804000,415.80681613392574,1001
2024-09-17 09:40:22.865000,415.80430687869966,95
2024-09-17 09:40:22.875000,415.8210740421939,10
2024-09-17 09:40:23.050000,415.8608308296286,997
2024-09-17 09:40:23.077000,415.7681341102816,999
2024-09-17 09:40:23.092000,415.83423818178926,103
2024-09-17 09:40:23.131000,415.7631020752876,12
2024-09-17 09:40:23.157000,415.8421519499653,10
2024-09-17 09:40:23.178000,415.8441386013688,1003
2024-09-17 09:40:23.196000,415.8148076312696,99
2024-09-17 09:40:23.211000,415.8151050030963,995
2024-09-17 09:40:23.230000,415.83390401331536,996
2024-09-17 09:40:23.239000,415.7779992033725,105
2024-09-17 09:40:23.270000,415.8195203312172,99
2024-09-17 09:40:23.293000,415.8309760443167,1005
2024-09-17 09:40:23.303000,415.8296482875,1002
2024-09-17 09:40:23.385000,415.8206365373547,8
2024-09-17 09:40:23.580000,415.80237034419366,1004
2024-09-17 09:40:23.617000,415.8433663981462,15
2024-09-17 09:40:23.651000,415.8416952446692,10
2024-09-17 09:40:23.732000,415.8001261219305,999
2024-09-17 09:40:23.797000,415.7773029452797,996
2024-09-17 09:40:23.831000,415.7932915741352,102
2024-09-17 09:40:23.850000,415.81555535445057,7
2024-09-17 09:40:23.903000,415.8562675582225,1000
2024-09-17 09:40:23.967000,415.8033202303852,7
2024-09-17 09:40:23.971000,415.7856082145493,1002
2024-09-17 09:40:23.973000,415.81998505057936,105
2024-09-17 09:40:23.981000,415.8509888193609,6
2024-09-17 09:40:23.982000,415.7982393236768,11
2024-09-17 09:40:24.059000,415.7861623863488,1001
2024-09-17 09:40:24.129000,415.7792637221382,6
2024-09-17 09:40:24.133000,415.8350364839592,15
2024-09-17 09:40:24.231000,415.7731980844839,12
2024-09-17 09:40:24.288000,415.7746799442188,100
2024-09-17 09:40:24.390000,415.7681308632617,10
2024-09-17 09:40:24.704000,415.8247128310018,99
2024-09-17 09:40:24.738000,415.7780630034762,104
2024-09-17 09:40:24.975000,415.8031804614946,95
2024-09-17 09:40:24.978000,415.8158091574525,995
2024-09-17 09:40:25.034000,415.8277148628952,1000
2024-09-17 09:40:25.073000,415.8309209755525,105
2024-09-17 09:40:25.208000,415.8026614446231,1005
2024-09-17 09:40:25.264000,415.818531087561,1000
2024-09-17 09:40:25.312000,415.7758260360535,100
2024-09-17 09:40:25.347000,415.79898394891234,1003
2024-09-17 09:40:25.373000,415.8073139989372,6
2024-09-17 09:40:25.376000,415.8257075479864,998
2024-09-17 09:40:25.446000,415.810476842118,6
2024-09-17 09:40:25.581000,415.7883285084589,7
2024-09-17 09:40:25.699000,415.7702441084284,8
2024-09-17 09:40:25.755000,415.8027236872671,998
2024-09-17 09:40:25.847000,415.80977441633695,103
2024-09-17 09:40:25.889000,415.7764838880095,97
2024-09-17 09:40:26.171000,415.80981980033744,1002
2024-09-17 09:40:26.307000,415.80392631054485,102
2024-09-17 09:40:26.597000,415.8447536472976,1001
2024-09-17 09:40:26.626000,415.8224765629317,13
2024-09-17 09:40:26.694000,415.8301461475049,15
2024-09-17 09:40:26.725000,415.8014648954245,1002
2024-09-17 09:40:26.841000,415.8214513555996,6
2024-09-17 09:40:27.041000,415.86944300424966,15
2024-09-17 09:40:27.170000,415.8255903703184,1000
2024-09-17 09:40:27.235000,415.86046853704994,9
2024-09-17 09:40:27.256000,415.8510959728323,999
2024-09-17 09:40:27.284000,415.854653532344,103
2024-09-17 09:40:27.398000,415.87214483825886,97
2024-09-17 09:40:27.457000,415.8486231101028,13
2024-09-17 09:40:27.493000,415.85294517363576,996
2024-09-17 09:40:27.501000,415.8099257903229,8
2024-09-17 09:40:27.521000,415.8713589114807,1002
2024-09-17 09:40:27.527000,415.8524894863156,101
2024-09-17 09:40:27.606000,415.8073798231811,1003
2024-09-17 09:40:27.639000,415.85993699580007,13
2024-09-17 09:40:27.892000,415.8265706444424,8
2024-09-17 09:40:27.931000,415.8554344503563,97
2024-09-17 09:40:28.293000,415.84280553954,1005
2024-09-17 09:40:28.321000,415.8359490440502,98
2024-09-17 09:40:28.780000,415.8208593009194,97
2024-09-17 09:40:29.020000,415.8267643876875,99
2024-09-17 09:40:29.118000,415.8422576840893,13
2024-09-17 09:40:29.137000,415.8225344476015,999
2024-09-17 09:40:29.168000,415.8458391501382,5
2024-09-17 09:40:29.243000,415.83131438074,5
2024-09-17 09:40:29.351000,415.8269807353326,15
2024-09-17 09:40:29.375000,415.83074814048,101
2024-09-17 09:40:29.377000,415.8270311062607,995
2024-09-17 09:40:29.389000,415.8279552179841,1002
2024-09-17 09:40:29.423000,415.8363063442633,1005
2024-09-17 09:40:29.448000,415.8278286146953,104
2024-09-17 09:40:29.459000,415.8303189152642,103
2024-09-17 09:40:29.502000,415.8341480142951,105
2024-09-17 09:40:29.604000,415.8274816890839,1003
2024-09-17 09:40:29.606000,415.837527650431,14
2024-09-17 09:40:29.650000,415.8352735484541,98
2024-09-17 09:40:29.665000,415.8284909099889,13
2024-09-17 09:40:29.670000,415.8288120595331,10
2024-09-17 09:40:29.692000,415.8489630818056,95
2024-09-17 09:40:29.708000,415.8252391812146,6
2024-09-17 09:40:29.768000,415.82879961197386,1005
2024-09-17 09:40:29.822000,415.8266299882168,8
2024-09-17 09:40:29.830000,415.8145315303232,103
2024-09-17 09:40:29.837000,415.8441034803422,997
2024-09-17 09:40:29.850000,415.8171232295376,996
2024-09-17 09:40:29.877000,415.8280895773301,1004
2024-09-17 09:40:29.890000,415.85450744810777,15
2024-09-17 09:40:29.908000,415.8358036924465,10
2024-09-17 09:40:30.090000,415.9013126580712,11
2024-09-17 09:40:30.120000,415.8509797390119,95
2024-09-17 09:40:30.126000,415.82544916764215,98
2024-09-17 09:40:30.126000,415.84974003251233,105
2024-09-17 09:40:30.238000,415.8757871719391,14
2024-09-17 09:40:30.322000,415.85261849067024,1003
2024-09-17 09:40:30.453000,415.8785759678229,1002
2024-09-17 09:40:30.459000,415.85728609176334,97
2024-09-17 09:40:30.485000,415.8562106426369,996
2024-09-17 09:40:30.742000,415.8829491623844,95
2024-09-17 09:40:30.743000,415.8436718377132,997
2024-09-17 09:40:30.797000,415.873921282032,104
2024-09-17 09:40:30.841000,415.8744081037114,97
2024-09-17 09:40:31.728000,415.9083938416964,1000
2024-09-17 09:40:32.005000,415.9095068207248,12
2024-09-17 09:40:32.026000,415.8824273779446,98
2024-09-17 09:40:32.031000,415.905311828845,7
2024-09-17 09:40:32.071000,415.9306190367459,1001
2024-09-17 09:40:32.376000,415.9322091242346,100
2024-09-17 09:40:32.503000,415.9110266501335,1001
2024-09-17 09:40:32.611000,415.9166671970458,98
2024-09-17 09:40:32.641000,415.933211493982,1000
2024-09-17 09:40:32.651000,415.8797776762469,1001
2024-09-17 09:40:32.666000,415.8888131309371,102
2024-09-17 09:40:32.757000,415.92734874171896,8
2024-09-17 09:40:32.768000,415.9059439108268,14
2024-09-17 09:40:32.792000,415.8765529677168,1000
2024-09-17 09:40:32.810000,415.87835550526137,8
2024-09-17 09:40:32.893000,415.93383243701896,6
2024-09-17 09:40:33.062000,415.8607138036664,97
2024-09-17 09:40:33.092000,415.8719491158569,96
2024-09-17 09:40:33.109000,415.8423560778932,12
2024-09-17 09:40:33.123000,415.8412202715605,97
2024-09-17 09:40:33.160000,415.809112730601,12
2024-09-17 09:40:33.161000,415.8133085652451,1005
2024-09-17 09:40:33.262000,415.8480717917196,1000
2024-09-17 09:40:33.266000,415.8254823054891,95
2024-09-17 09:40:33.375000,415.8478341099674,1004
2024-09-17 09:40:33.449000,415.85657010360666,100
2024-09-17 09:40:33.626000,415.8479366478788,12
2024-09-17 09:40:33.637000,415.8018940528613,10
2024-09-17 09:40:33.697000,415.83422874832223,996
2024-09-17 09:40:33.701000,415.8625301701907,104
2024-09-17 09:40:33.713000,415.8221685382943,6
2024-09-17 09:40:33.793000,415.80385943779135,97
2024-09-17 09:40:33.796000,415.8161837694232,12
2024-09-17 09:40:33.816000,415.8554624944105,10
2024-09-17 09:40:33.834000,415.86256643086574,97
2024-09-17 09:40:33.841000,415.86501691682594,105
2024-09-17 09:40:33.856000,415.87720874882666,13
2024-09-17 09:40:33.907000,415.8588170345995,99
2024-09-17 09:40:33.924000,415.8293678465116,995
2024-09-17 09:40:33.935000,415.84413841370696,1003
2024-09-17 09:40:33.965000,415.84704962207104,102
2024-09-17 09:40:33.968000,415.8529298468297,997
2024-09-17 09:40:33.971000,415.8615309324539,104
2024-09-17 09:40:34.032000,415.84185991034457,15
2024-09-17 09:40:34.080000,415.837995279438,12
2024-09-17 09:40:34.121000,415.8239059371921,14
2024-09-17 09:40:34.241000,415.7900631876346,996
2024-09-17 09:40:34.287000,415.78101105620834,1004
2024-09-17 09:40:34.307000,415.8263231011002,98
2024-09-17 09:40:34.341000,415.8448900235943,105
2024-09-17 09:40:34.440000,415.8085337316456,105
2024-09-17 09:40:34.600000,415.8425915284234,995
2024-09-17 09:40:34.603000,415.82610219215246,10
2024-09-17 09:40:34.611000,415.8075416165484,100
2024-09-17 09:40:34.638000,415.8216420314096,1001
2024-09-17 09:40:34.663000,415.8476904477628,11
2024-09-17 09:40:34.929000,415.8108693477699,1005
2024-09-17 09:40:34.981000,415.8374065399057,6
2024-09-17 09:40:34.999000,415.8268739203336,98
2024-09-17 09:40:35.153000,415.8119211956021,99
2024-09-17 09:40:35.171000,415.8012959325882,97
2024-09-17 09:40:36.002000,415.81347289246537,96
2024-09-17 09:40:36.121000,415.79488466563686,10
2024-09-17 09:40:36.134000,415.80571856737527,1001
2024-09-17 09:40:36.148000,415.8077207376756,102
2024-09-17 09:40:36.271000,415.7994551653828,95
2024-09-17 09:40:36.326000,415.7886634740668,12
2024-09-17 09:40:36.333000,415.8090490401227,102
2024-09-17 09:40:36.337000,415.8208515531412,101
2024-09-17 09:40:36.355000,415.7988298007707,997
2024-09-17 09:40:36.410000,415.8122315534323,1004
2024-09-17 09:40:36.413000,415.8356113288741,96
2024-09-17 09:40:36.460000,415.8254231651741,97
2024-09-17 09:40:36.522000,415.8186752749138,996
2024-09-17 09:40:36.558000,415.8222141124558,103
2024-09-17 09:40:36.567000,415.854971775088,103
2024-09-17 09:40:36.736000,415.8435620869884,995
2024-09-17 09:40:36.745000,415.80019361352186,1002
2024-09-17 09:40:36.786000,415.8270383833298,104
2024-09-17 09:40:36.812000,415.8189410611904,1002
2024-09-17 09:40:36.827000,415.8139132246832,8
2024-09-17 09:40:36.932000,415.821006035806,5
2024-09-17 09:40:38.066000,415.8650605069084,105
2024-09-17 09:40:38.086000,415.8701826317821,997
2024-09-17 09:40:38.259000,415.878167202865,11
2024-09-17 09:40:38.264000,415.8759487310824,98
2024-09-17 09:40:38.267000,415.8665977381567,14
2024-09-17 09:40:38.310000,415.8421962167615,8
2024-09-17 09:40:38.393000,415.87161394464914,1003
2024-09-17 09:40:38.406000,415.8520754403515,1004
2024-09-17 09:40:38.418000,415.8306947110722,1003
2024-09-17 09:40:38.423000,415.8465535960886,13
2024-09-17 09:40:38.444000,415.8724425953455,11
2024-09-17 09:40:38.457000,415.8685593279544,8
2024-09-17 09:40:38.493000,415.8402838464683,102
2024-09-17 09:40:38.547000,415.859539812926,9
2024-09-17 09:40:38.576000,415.85653056251857,15
2024-09-17 09:40:38.652000,415.8560720838022,95
2024-09-17 09:40:38.661000,415.8356931946828,10
2024-09-17 09:40:38.814000,415.86531055028826,102
2024-09-17 09:40:38.820000,415.8579803719994,1004
2024-09-17 09:40:38.859000,415.8645644056601,9
2024-09-17 09:40:38.912000,415.8160334811003,997
2024-09-17 09:40:38.921000,415.8709808574624,100
2024-09-17 09:40:38.921000,415.8564123150376,104
2024-09-17 09:40:38.965000,415.8851050275085,9
2024-09-17 09:40:38.974000,415.8479116869193,8
2024-09-17 09:40:39.092000,415.81394411780553,96
2024-09-17 09:40:39.165000,415.8107348115175,11
2024-09-17 09:40:39.346000,415.8542485979112,102
2024-09-17 09:40:39.356000,415.8407305275153,995
2024-09-17 09:40:39.390000,415.8190592820727,1002
2024-09-17 09:40:39.407000,415.8173067195443,104
2024-09-17 09:40:39.426000,415.8482494531282,12
2024-09-17 09:40:39.464000,415.79594171402687,105
2024-09-17 09:40:39.527000,415.8285443131484,7
2024-09-17 09:40:39.570000,415.8151795271579,95
2024-09-17 09:40:39.619000,415.83343103805294,98
2024-09-17 09:40:39.648000,415.836247028572,12
2024-09-17 09:40:39.782000,415.815737066579,1001
2024-09-17 09:40:39.849000,415.83423113580415,97
2024-09-17 09:40:39.913000,415.8233277447044,1000
2024-09-17 09:40:39.948000,415.8113303914371,10
2024-09-17 09:40:39.955000,415.8293834369365,995
2024-09-17 09:40:40.120000,415.7672897742709,12
2024-09-17 09:40:40.158000,415.764254038703,997
2024-09-17 09:40:40.175000,415.8045457925819,105
2024-09-17 09:40:40.218000,415.79500234634617,95
2024-09-17 09:40:40.272000,415.7844507258093,101
2024-09-17 09:40:40.287000,415.8019159100396,12
2024-09-17 09:40:40.337000,415.78063968168186,7
2024-09-17 09:40:40.387000,415.81205759736537,5
2024-09-17 09:40:40.550000,415.7822683022315,12
2024-09-17 09:40:40.575000,415.7723641325283,1001
2024-09-17 09:40:40.612000,415.7881243059639,98
2024-09-17 09:40:40.620000,415.780056912467,15
2024-09-17 09:40:40.657000,415.8121442041514,5
2024-09-17 09:40:40.844000,415.76415882298863,96
2024-09-17 09:40:40.883000,415.78132783694485,1003
2024-09-17 09:40:40.910000,415.78466276331375,1005
2024-09-17 09:40:41.533000,415.7789125347059,100
2024-09-17 09:40:41.915000,415.7814350899864,101
2024-09-17 09:40:42.013000,415.7796215400432,14
2024-09-17 09:40:42.093000,415.7684283772357,97
2024-09-17 09:40:42.188000,415.7887430875213,998
2024-09-17 09:40:42.419000,415.7735166379623,10
2024-09-17 09:40:42.431000,415.7857068207322,99
2024-09-17 09:40:42.486000,415.7709983960575,105
2024-09-17 09:40:42.498000,415.7280653179688,995
2024-09-17 09:40:42.504000,415.7236845498263,14
2024-09-17 09:40:42.540000,415.7595524436091,999
2024-09-17 09:40:42.564000,415.7933016920637,997
2024-09-17 09:40:42.606000,415.7119510983438,12
2024-09-17 09:40:42.727000,415.7424753097574,995
2024-09-17 09:40:42.885000,415.7406474213088,1002
2024-09-17 09:40:42.949000,415.7371601501426,98
2024-09-17 09:40:43.066000,415.75037870198014,9
2024-09-17 09:40:43.083000,415.6214107189245,98
2024-09-17 09:40:43.088000,415.6645502623449,99
2024-09-17 09:40:43.143000,415.7170014291764,11
2024-09-17 09:40:43.151000,415.6609548561499,1004
2024-09-17 09:40:43.277000,415.7257989823477,95
2024-09-17 09:40:43.313000,415.73825583253466,6
2024-09-17 09:40:43.319000,415.65766832598575,5
2024-09-17 09:40:43.329000,415.75629644423697,11
2024-09-17 09:40:43.358000,415.6714487150952,995
2024-09-17 09:40:43.388000,415.6543542556212,1005
2024-09-17 09:40:43.407000,415.7277290645442,11
2024-09-17 09:40:43.409000,415.6536515107538,98
2024-09-17 09:40:43.445000,415.7420296707313,105
2024-09-17 09:40:43.477000,415.7320201352299,14
2024-09-17 09:40:43.494000,415.7512558103392,996
2024-09-17 09:40:43.555000,415.6706949724346,95
2024-09-17 09:40:43.587000,415.7506232693293,11
2024-09-17 09:40:43.597000,415.6778291780812,104
2024-09-17 09:40:43.666000,415.7203153251082,7
2024-09-17 09:40:43.777000,415.67961505149344,98
2024-09-17 09:40:43.795000,415.6870291049392,1002
2024-09-17 09:40:43.867000,415.6009474445327,1002
2024-09-17 09:40:43.888000,415.70604533674,5
2024-09-17 09:40:43.932000,415.7407236183847,996
2024-09-17 09:40:43.958000,415.7530054164727,1004
2024-09-17 09:40:43.961000,415.6440764945559,995
2024-09-17 09:40:44.050000,415.54960363117374,105
2024-09-17 09:40:44.155000,415.6016038688228,9
2024-09-17 09:40:44.248000,415.59832429620593,8
2024-09-17 09:40:44.307000,415.5944501579886,14
2024-09-17 09:40:44.331000,415.62152259688,1002
2024-09-17 09:40:44.344000,415.59462958098845,1001
2024-09-17 09:40:44.418000,415.5912650288637,997
2024-09-17 09:40:44.439000,415.59215358799673,14
2024-09-17 09:40:44.504000,415.57656530425294,15
2024-09-17 09:40:44.599000,415.6029417349519,6
2024-09-17 09:40:44.617000,415.60415820877336,95
2024-09-17 09:40:44.658000,415.5994427342444,96
2024-09-17 09:40:44.706000,415.6008447564592,996
2024-09-17 09:40:44.741000,415.6085822393651,1005
2024-09-17 09:40:44.780000,415.5714181398359,105
2024-09-17 09:40:44.833000,415.5989668866907,96
2024-09-17 09:40:44.887000,415.5996280541021,100
2024-09-17 09:40:44.918000,415.5987079476676,998
2024-09-17 09:40:45.036000,415.59333844710073,14
2024-09-17 09:40:45.057000,415.5932134736234,996
2024-09-17 09:40:45.130000,415.6048328811544,103
2024-09-17 09:40:45.206000,415.5746781463686,12
2024-09-17 09:40:45.277000,415.57754480519606,998
2024-09-17 09:40:45.278000,415.59616526460377,105
2024-09-17 09:40:45.339000,415.55085177713454,10
2024-09-17 09:40:45.346000,415.5408397674331,99
2024-09-17 09:40:45.416000,415.5827146832576,995
2024-09-17 09:40:45.551000,415.5976190376789,1005
2024-09-17 09:40:45.602000,415.5852449587085,1004
2024-09-17 09:40:45.677000,415.5185449719841,6
2024-09-17 09:40:45.692000,415.59148529002863,997
2024-09-17 09:40:45.797000,415.56379403574914,8
2024-09-17 09:40:45.958000,415.58908563519327,100
2024-09-17 09:40:45.964000,415.5845375508873,96
2024-09-17 09:40:45.970000,415.60732638189216,100
2024-09-17 09:40:45.976000,415.5677543966151,5
2024-09-17 09:40:46.070000,415.5279512824417,9
2024-09-17 09:40:46.157000,415.51104566640674,103
2024-09-17 09:40:46.387000,415.5330202535869,97
2024-09-17 09:40:46.389000,415.5199890007765,998
2024-09-17 09:40:46.474000,415.5207296272936,1005
2024-09-17 09:40:46.540000,415.5222869255592,100
2024-09-17 09:40:46.759000,415.5067865541063,97
2024-09-17 09:40:46.886000,415.5462474233209,15
2024-09-17 09:40:47.548000,415.563815135922,997
2024-09-17 09:40:47.772000,415.5216562620472,15
2024-09-17 09:40:47.882000,415.5168629443314,98
2024-09-17 09:40:48.037000,415.5537381466663,14
2024-09-17 09:40:48.054000,415.5656871111954,1003
2024-09-17 09:40:48.200000,415.5377191375953,996
2024-09-17 09:40:48.201000,415.5025117196772,5
2024-09-17 09:40:48.231000,415.5578987837931,99
2024-09-17 09:40:48.266000,415.5577083790996,1005
2024-09-17 09:40:48.367000,415.5250700580084,6
2024-09-17 09:40:48.382000,415.5615147965251,11
2024-09-17 09:40:48.388000,415.5024995171729,9
2024-09-17 09:40:48.441000,415.5547433883704,11
2024-09-17 09:40:48.537000,415.562412407584,1002
2024-09-17 09:40:48.627000,415.54873478978766,14
2024-09-17 09:40:48.718000,415.5584656667098,999
2024-09-17 09:40:48.754000,415.5289327408219,98
2024-09-17 09:40:48.812000,415.5148091180533,14
2024-09-17 09:40:48.917000,415.5282835535309,101
2024-09-17 09:40:48.949000,415.53310398520085,103
2024-09-17 09:40:49.130000,415.5352016521642,999
2024-09-17 09:40:49.336000,415.5780291012405,99
2024-09-17 09:40:49.338000,415.5296878741077,10
2024-09-17 09:40:49.375000,415.5197935279547,1003
2024-09-17 09:40:49.434000,415.4757243368296,96
2024-09-17 09:40:49.511000,415.55908579936494,95
2024-09-17 09:40:49.648000,415.4937174834869,99
2024-09-17 09:40:49.809000,415.5747680541025,98
2024-09-17 09:40:49.813000,415.5274461634204,1002
2024-09-17 09:40:49.876000,415.5333949468396,10
2024-09-17 09:40:50.169000,415.4930142509921,11
2024-09-17 09:40:50.596000,415.4802836477879,98
2024-09-17 09:40:50.622000,415.5032562142695,15
2024-09-17 09:40:50.798000,415.5260058123789,96
2024-09-17 09:40:50.896000,415.5129785278314,1002
2024-09-17 09:40:50.975000,415.4918460613923,12
2024-09-17 09:40:51.036000,415.4856688989733,105
2024-09-17 09:40:51.195000,415.4955855221332,12
2024-09-17 09:40:51.534000,415.4981632397792,1005
2024-09-17 09:40:52.123000,415.47479438064016,1001
2024-09-17 09:40:52.197000,415.4629712361203,1004
2024-09-17 09:40:52.268000,415.4893569442328,101
2024-09-17 09:40:52.421000,415.4880479858292,5
2024-09-17 09:40:52.431000,415.4842078539355,100
2024-09-17 09:40:52.446000,415.4828686086008,95
2024-09-17 09:40:52.527000,415.4864107920213,995
2024-09-17 09:40:52.535000,415.4749121785567,998
2024-09-17 09:40:52.579000,415.4867133283215,997
2024-09-17 09:40:52.600000,415.4960171695616,97
2024-09-17 09:40:52.620000,415.4768977672826,5
2024-09-17 09:40:52.639000,415.48513557051575,104
2024-09-17 09:40:52.640000,415.4893945672531,98
2024-09-17 09:40:52.673000,415.50636316664566,15
2024-09-17 09:40:52.759000,415.4802547328046,12
2024-09-17 09:40:52.851000,415.4745511321134,105
2024-09-17 09:40:52.865000,415.4926756500938,102
2024-09-17 09:40:52.918000,415.4788116995626,97
2024-09-17 09:40:52.958000,415.49450842739054,6
2024-09-17 09:40:53.169000,415.4987903171104,103
2024-09-17 09:40:53.320000,415.47172473129103,1003
2024-09-17 09:40:53.367000,415.5029492314554,10
2024-09-17 09:40:53.499000,415.5045904994725,1005
2024-09-17 09:40:53.563000,415.4786077042119,1005
2024-09-17 09:40:53.579000,415.47337078056165,105
2024-09-17 09:40:53.581000,415.4752867111404,95
2024-09-17 09:40:53.649000,415.4784653619424,1002
2024-09-17 09:40:53.776000,415.5084085452288,1000
2024-09-17 09:40:53.861000,415.4959488887084,10
2024-09-17 09:40:53.999000,415.4935328703324,101
2024-09-17 09:40:54.115000,415.46720172243215,999
2024-09-17 09:40:54.176000,415.5155698098328,996
2024-09-17 09:40:54.182000,415.4719681155156,99
2024-09-17 09:40:54.212000,415.5062328275514,7
2024-09-17 09:40:54.228000,415.4608295520249,102
2024-09-17 09:40:54.274000,415.4695355691536,995
2024-09-17 09:40:54.304000,415.4936962554192,998
2024-09-17 09:40:54.418000,415.49183537098855,997
2024-09-17 09:40:54.489000,415.47405350021455,8
2024-09-17 09:40:54.513000,415.464923122335,1003
2024-09-17 09:40:54.597000,415.4618987965519,99
2024-09-17 09:40:54.691000,415.4573277993184,12
2024-09-17 09:40:54.786000,415.4523938820848,102
2024-09-17 09:40:54.826000,415.47638495301874,998
2024-09-17 09:40:54.859000,415.4716820313461,1004
2024-09-17 09:40:54.888000,415.4628849239545,105
2024-09-17 09:40:55.075000,415.4737929954849,14
2024-09-17 09:40:55.088000,415.4622957421475,96
2024-09-17 09:40:55.135000,415.4461988551248,10
2024-09-17 09:40:55.448000,415.4397013325016,101
2024-09-17 09:40:55.542000,415.4580484932767,100
2024-09-17 09:40:55.592000,415.45205054830126,1005
2024-09-17 09:40:55.689000,415.433205005096,1000
2024-09-17 09:40:55.800000,415.4598587524582,995
2024-09-17 09:40:55.844000,415.4673308299095,1002
2024-09-17 09:40:55.850000,415.4439968258867,98
2024-09-17 09:40:55.959000,415.46539095263273,11
2024-09-17 09:40:55.962000,415.4476190979264,995
2024-09-17 09:40:56.157000,415.4862083033111,995
2024-09-17 09:40:56.163000,415.4619211175326,997
2024-09-17 09:40:56.289000,415.4666588140802,101
2024-09-17 09:40:56.295000,415.47317441088,11
2024-09-17 09:40:56.305000,415.4676177753946,101
2024-09-17 09:40:56.385000,415.4327582232122,12
2024-09-17 09:40:56.477000,415.4603560922541,99
2024-09-17 09:40:56.665000,415.47932938275454,1002
2024-09-17 09:40:56.825000,415.4431818063683,1004
2024-09-17 09:40:56.942000,415.46845735875377,97
2024-09-17 09:40:56.972000,415.4677863937521,6
2024-09-17 09:40:57.046000,415.4971252142615,9
2024-09-17 09:40:57.740000,415.48594814408455,5
2024-09-17 09:40:57.987000,415.4892120840904,9
2024-09-17 09:40:58.036000,415.5296318146112,6
2024-09-17 09:40:58.105000,415.5160428793132,11
2024-09-17 09:40:58.111000,415.515115247548,15
2024-09-17 09:40:58.194000,415.5147755296295,97
2024-09-17 09:40:58.223000,415.51411794362906,97
2024-09-17 09:40:58.243000,415.52265910789936,9
2024-09-17 09:40:58.288000,415.5057252291334,997
2024-09-17 09:40:58.309000,415.5425447819645,98
2024-09-17 09:40:58.341000,415.5172285923105,12
2024-09-17 09:40:58.346000,415.5080903017456,103
2024-09-17 09:40:58.463000,415.50792448874887,1000
2024-09-17 09:40:58.480000,415.49891270543833,101
2024-09-17 09:40:58.511000,415.5332243142282,997
2024-09-17 09:40:58.604000,415.4974211362394,995
2024-09-17 09:40:58.612000,415.5338765952298,5
2024-09-17 09:40:58.634000,415.5332028664329,12
2024-09-17 09:40:58.641000,415.5347024686086,100
2024-09-17 09:40:58.643000,415.5242308318268,995
2024-09-17 09:40:58.664000,415.5173130944672,997
2024-09-17 09:40:58.680000,415.5261732917333,104
2024-09-17 09:40:58.686000,415.5205744940352,996
2024-09-17 09:40:58.717000,415.4958990661301,12
2024-09-17 09:40:58.723000,415.5113316597667,104
2024-09-17 09:40:58.850000,415.5301219138744,8
2024-09-17 09:40:58.877000,415.5119288080226,1005
2024-09-17 09:40:58.883000,415.4999716359362,1000
2024-09-17 09:40:58.887000,415.52484737310726,104
2024-09-17 09:40:58.941000,415.5046058027334,1000
2024-09-17 09:40:59.078000,415.4707491206507,998
2024-09-17 09:40:59.113000,415.5106560352661,7
2024-09-17 09:40:59.122000,415.5348343534451,103
2024-09-17 09:40:59.149000,415.49286776918456,7
2024-09-17 09:40:59.151000,415.4981738583909,105
2024-09-17 09:40:59.192000,415.4871926893412,9
2024-09-17 09:40:59.196000,415.5317339319106,998
2024-09-17 09:40:59.280000,415.4710079237424,7
2024-09-17 09:40:59.282000,415.4812225999255,997
2024-09-17 09:40:59.315000,415.482159827799,101
2024-09-17 09:40:59.321000,415.477119891621,1002
2024-09-17 09:40:59.340000,415.4924848265734,96
2024-09-17 09:40:59.421000,415.50782740774383,99
2024-09-17 09:40:59.477000,415.4872422699379,9
2024-09-17 09:40:59.486000,415.49508112367454,104
2024-09-17 09:40:59.508000,415.4832218556039,14
2024-09-17 09:40:59.533000,415.4835108042118,100
2024-09-17 09:40:59.533000,415.4693997484845,13
2024-09-17 09:40:59.558000,415.5264626585624,95
2024-09-17 09:40:59.565000,415.5228372397194,95
2024-09-17 09:40:59.574000,415.5272565856795,1001
2024-09-17 09:40:59.583000,415.54316829210205,1001
2024-09-17 09:40:59.585000,415.4647193526951,105
2024-09-17 09:40:59.689000,415.484016218298,104
2024-09-17 09:40:59.692000,415.49986083224655,1001
2024-09-17 09:40:59.823000,415.4632968378254,1000
2024-09-17 09:40:59.842000,415.4574084150675,5
2024-09-17 09:40:59.879000,415.4655666316429,1000
2024-09-17 09:40:59.921000,415.5031586139549,1003
2024-09-17 09:40:59.933000,415.545008031346,1005
