Timestamp,Price,Size
2024-09-17 10:11:00.036000,414.584859095012,105
2024-09-17 10:11:00.331000,414.5938885482427,14
2024-09-17 10:11:00.489000,414.5928600449826,99
2024-09-17 10:11:00.507000,414.6083599521779,99
2024-09-17 10:11:00.734000,414.58548009473753,1004
2024-09-17 10:11:00.816000,414.5728807564073,9
2024-09-17 10:11:00.886000,414.6121395018153,14
2024-09-17 10:11:00.926000,414.5821687720042,9
2024-09-17 10:11:01.015000,414.63026197496566,1002
2024-09-17 10:11:01.199000,414.5796766633906,997
2024-09-17 10:11:01.305000,414.6085723276848,997
2024-09-17 10:11:01.602000,414.6449821714706,96
2024-09-17 10:11:01.664000,414.6235783021209,5
2024-09-17 10:11:02.204000,414.6609981390749,7
2024-09-17 10:11:02.589000,414.6634439031272,105
2024-09-17 10:11:02.672000,414.6619561964643,103
2024-09-17 10:11:02.771000,414.6581099772338,104
2024-09-17 10:11:03.724000,414.67552756083046,104
2024-09-17 10:11:04.112000,414.6973867532293,999
2024-09-17 10:11:04.115000,414.671169310147,6
2024-09-17 10:11:04.222000,414.6640147009512,1000
2024-09-17 10:11:04.315000,414.72862132636806,12
2024-09-17 10:11:04.479000,414.7192993684329,13
2024-09-17 10:11:04.570000,414.7101963309185,5
2024-09-17 10:11:04.723000,414.6752714020631,9
2024-09-17 10:11:04.858000,414.6732197381924,5
2024-09-17 10:11:04.881000,414.68896590104094,95
2024-09-17 10:11:04.985000,414.7224150285577,1001
2024-09-17 10:11:05.320000,414.7435284115394,97
2024-09-17 10:11:05.378000,414.7150678692581,11
2024-09-17 10:11:05.391000,414.7499734317088,996
2024-09-17 10:11:05.644000,414.74121883205,1002
2024-09-17 10:11:05.667000,414.7536266247527,7
2024-09-17 10:11:05.678000,414.7537374195414,8
2024-09-17 10:11:05.863000,414.72842423036366,99
2024-09-17 10:11:05.976000,414.7431571305156,15
2024-09-17 10:11:06.047000,414.72561676667823,999
2024-09-17 10:11:06.442000,414.7364931385107,996
2024-09-17 10:11:06.464000,414.7208049196898,1002
2024-09-17 10:11:06.794000,414.7105892066463,995
2024-09-17 10:11:06.952000,414.736612446593,8
2024-09-17 10:11:07.194000,414.72335144669,1004
2024-09-17 10:11:07.232000,414.68924416206335,100
2024-09-17 10:11:07.478000,414.69953446655256,1002
2024-09-17 10:11:07.493000,414.6965584152557,1004
2024-09-17 10:11:07.757000,414.6775124520613,12
2024-09-17 10:11:07.826000,414.6958260686271,995
2024-09-17 10:11:08.037000,414.6750109737739,97
2024-09-17 10:11:08.075000,414.6986658849332,1003
2024-09-17 10:11:08.149000,414.7010402038637,15
2024-09-17 10:11:08.388000,414.68431770556543,998
2024-09-17 10:11:08.563000,414.6897261438439,1005
2024-09-17 10:11:08.735000,414.6999447360882,995
2024-09-17 10:11:08.819000,414.70755712523953,9
2024-09-17 10:11:09.037000,414.6891809212219,11
2024-09-17 10:11:09.319000,414.7164321655396,13
2024-09-17 10:11:09.563000,414.6798663742831,996
2024-09-17 10:11:09.565000,414.69291685490526,97
2024-09-17 10:11:09.616000,414.6838070705969,10
2024-09-17 10:11:09.642000,414.7238941522901,995
2024-09-17 10:11:09.753000,414.72062890815454,998
2024-09-17 10:11:09.814000,414.6736823532986,997
2024-09-17 10:11:10.269000,414.69941179425,14
2024-09-17 10:11:10.335000,414.70563224092217,999
2024-09-17 10:11:10.375000,414.6688135042853,102
2024-09-17 10:11:10.383000,414.7014385695908,5
2024-09-17 10:11:10.451000,414.68493007553775,99
2024-09-17 10:11:10.705000,414.6888090828183,6
2024-09-17 10:11:10.921000,414.68070119001385,101
2024-09-17 10:11:11.024000,414.7252121997884,998
2024-09-17 10:11:11.309000,414.7005307445591,104
2024-09-17 10:11:11.324000,414.6859957731404,995
2024-09-17 10:11:11.344000,414.6890313724136,96
2024-09-17 10:11:11.457000,414.6746061046744,105
2024-09-17 10:11:11.598000,414.7061235766541,100
2024-09-17 10:11:11.740000,414.7243765363012,995
2024-09-17 10:11:11.755000,414.690078640984,1003
2024-09-17 10:11:11.835000,414.7215963909548,12
2024-09-17 10:11:11.900000,414.7369946095546,1005
2024-09-17 10:11:11.961000,414.68388373694273,99
2024-09-17 10:11:12.001000,414.7259830018634,998
2024-09-17 10:11:12.038000,414.7306259377093,6
2024-09-17 10:11:12.105000,414.700913923629,99
2024-09-17 10:11:12.105000,414.73627578793673,11
2024-09-17 10:11:12.245000,414.73312431387626,99
2024-09-17 10:11:12.249000,414.71823342494616,9
2024-09-17 10:11:12.263000,414.751867118848,95
2024-09-17 10:11:12.293000,414.7080767102667,1001
2024-09-17 10:11:12.304000,414.72085462309127,997
2024-09-17 10:11:12.405000,414.70612445904726,995
2024-09-17 10:11:12.464000,414.6876864725842,10
2024-09-17 10:11:12.489000,414.7227105751506,15
2024-09-17 10:11:12.495000,414.7201820471213,14
2024-09-17 10:11:12.540000,414.7074635457398,96
2024-09-17 10:11:12.651000,414.7469917889052,15
2024-09-17 10:11:12.667000,414.7222162357109,14
2024-09-17 10:11:12.670000,414.7141059226741,1002
2024-09-17 10:11:12.701000,414.6988283012628,5
2024-09-17 10:11:12.721000,414.712719529647,103
2024-09-17 10:11:12.739000,414.7023614332385,10
2024-09-17 10:11:12.760000,414.7082839678733,997
2024-09-17 10:11:12.797000,414.6903647122533,98
2024-09-17 10:11:12.860000,414.72889226718416,96
2024-09-17 10:11:12.940000,414.7362703409381,999
2024-09-17 10:11:13.015000,414.7377246904432,6
2024-09-17 10:11:13.180000,414.74805602262,15
2024-09-17 10:11:13.529000,414.74154636794265,998
2024-09-17 10:11:13.655000,414.745843303839,1001
2024-09-17 10:11:13.729000,414.703502151936,996
2024-09-17 10:11:13.785000,414.7237693724445,1005
2024-09-17 10:11:13.977000,414.7360440238812,1001
2024-09-17 10:11:14.795000,414.7538618478702,7
2024-09-17 10:11:14.894000,414.7520652419415,5
2024-09-17 10:11:15.040000,414.7527375971886,104
2024-09-17 10:11:15.194000,414.7724121785644,101
2024-09-17 10:11:15.206000,414.7448668354116,1000
2024-09-17 10:11:15.239000,414.7737251138706,12
2024-09-17 10:11:15.276000,414.7613354511228,9
2024-09-17 10:11:15.422000,414.7918181314308,97
2024-09-17 10:11:15.480000,414.79966797637024,99
2024-09-17 10:11:15.593000,414.76288670667145,99
2024-09-17 10:11:15.642000,414.76597651569904,996
2024-09-17 10:11:15.699000,414.76170860788295,1004
2024-09-17 10:11:15.722000,414.7931780009948,1002
2024-09-17 10:11:15.781000,414.7412901167223,9
2024-09-17 10:11:16.040000,414.8353762535448,1002
2024-09-17 10:11:16.100000,414.8300672004728,99
2024-09-17 10:11:16.204000,414.83116455987386,98
2024-09-17 10:11:16.219000,414.7945872871928,1000
2024-09-17 10:11:16.289000,414.83122466894366,1003
2024-09-17 10:11:16.297000,414.7991068137816,96
2024-09-17 10:11:16.383000,414.7963243920792,1004
2024-09-17 10:11:16.387000,414.80635321786986,1005
2024-09-17 10:11:16.486000,414.80959233412506,95
2024-09-17 10:11:16.519000,414.804799191139,105
2024-09-17 10:11:16.567000,414.7918172392797,1002
2024-09-17 10:11:16.648000,414.79691626341264,6
2024-09-17 10:11:16.722000,414.83503963201184,102
2024-09-17 10:11:16.743000,414.80599410204326,8
2024-09-17 10:11:16.844000,414.82825596941024,998
2024-09-17 10:11:16.850000,414.8304454959051,100
2024-09-17 10:11:16.888000,414.8404748611117,96
2024-09-17 10:11:16.960000,414.8485005860411,13
2024-09-17 10:11:17.320000,414.7829958064583,99
2024-09-17 10:11:18.052000,414.7741584645677,104
2024-09-17 10:11:18.107000,414.7502835688771,101
2024-09-17 10:11:18.146000,414.7441907077315,8
2024-09-17 10:11:18.247000,414.78400104339846,103
2024-09-17 10:11:18.312000,414.7819908770737,103
2024-09-17 10:11:18.361000,414.7298105281958,101
2024-09-17 10:11:18.370000,414.7175082401433,9
2024-09-17 10:11:18.459000,414.7820598905512,98
2024-09-17 10:11:18.460000,414.73724526856927,1001
2024-09-17 10:11:18.625000,414.7315462856493,999
2024-09-17 10:11:18.806000,414.7763545163788,12
2024-09-17 10:11:18.815000,414.774365309576,99
2024-09-17 10:11:18.934000,414.7456301870402,99
2024-09-17 10:11:18.956000,414.78947703568014,96
2024-09-17 10:11:18.956000,414.7634950095566,999
2024-09-17 10:11:18.966000,414.7826041899347,1002
2024-09-17 10:11:19.181000,414.6225222088536,1002
2024-09-17 10:11:19.219000,414.6295087139428,99
2024-09-17 10:11:19.232000,414.7404868759705,997
2024-09-17 10:11:19.261000,414.6688852830208,1000
2024-09-17 10:11:19.468000,414.6411881649354,105
2024-09-17 10:11:19.492000,414.70817677929296,105
2024-09-17 10:11:19.511000,414.713524885774,102
2024-09-17 10:11:19.602000,414.7114803481387,995
2024-09-17 10:11:19.762000,414.6950630856527,11
2024-09-17 10:11:19.793000,414.68213460638174,11
2024-09-17 10:11:19.818000,414.66354176940513,1002
2024-09-17 10:11:19.846000,414.6808094595587,98
2024-09-17 10:11:19.855000,414.6640580141971,97
2024-09-17 10:11:19.903000,414.6528146138262,99
2024-09-17 10:11:19.946000,414.6801510694282,99
2024-09-17 10:11:20.074000,414.6365384867111,999
2024-09-17 10:11:20.816000,414.64892328668367,96
2024-09-17 10:11:20.853000,414.6354212302027,95
2024-09-17 10:11:21.080000,414.6613779559185,1001
2024-09-17 10:11:21.170000,414.6658793994394,9
2024-09-17 10:11:21.269000,414.6637155619075,5
2024-09-17 10:11:21.290000,414.6508895183128,7
2024-09-17 10:11:21.322000,414.6623137682817,96
2024-09-17 10:11:21.341000,414.6625250569927,1004
2024-09-17 10:11:21.420000,414.6577588303204,7
2024-09-17 10:11:21.569000,414.6635734785975,995
2024-09-17 10:11:21.660000,414.6594059957133,7
2024-09-17 10:11:21.700000,414.639579886774,9
2024-09-17 10:11:21.734000,414.6431371854914,97
2024-09-17 10:11:21.745000,414.6249213356102,10
2024-09-17 10:11:21.783000,414.6701237938496,98
2024-09-17 10:11:21.796000,414.64951016647433,13
2024-09-17 10:11:21.838000,414.6620203303108,1000
2024-09-17 10:11:21.854000,414.6832701486995,5
2024-09-17 10:11:21.915000,414.66354895761407,9
2024-09-17 10:11:22.046000,414.6239497022348,6
2024-09-17 10:11:22.185000,414.6151496420392,99
2024-09-17 10:11:22.221000,414.620435701272,98
2024-09-17 10:11:22.274000,414.62559130691847,998
2024-09-17 10:11:22.299000,414.63004571787496,100
2024-09-17 10:11:22.310000,414.64931080023865,15
2024-09-17 10:11:22.312000,414.6146234519631,99
2024-09-17 10:11:22.372000,414.6264023405178,98
2024-09-17 10:11:22.444000,414.61273807582586,95
2024-09-17 10:11:22.637000,414.6544612079693,8
2024-09-17 10:11:22.728000,414.6139687823277,10
2024-09-17 10:11:22.897000,414.6542891510331,96
2024-09-17 10:11:22.903000,414.6147785878559,997
2024-09-17 10:11:23.016000,414.54613299905833,1004
2024-09-17 10:11:23.022000,414.5707298746577,6
2024-09-17 10:11:23.051000,414.5573583104861,9
2024-09-17 10:11:23.067000,414.6113086783795,102
2024-09-17 10:11:23.125000,414.5786779785844,7
2024-09-17 10:11:23.154000,414.58651757109993,105
2024-09-17 10:11:23.217000,414.5730299011617,5
2024-09-17 10:11:23.232000,414.57565577634216,96
2024-09-17 10:11:23.254000,414.5338457658325,1005
2024-09-17 10:11:23.309000,414.5793971894239,1004
2024-09-17 10:11:23.408000,414.569561457756,1000
2024-09-17 10:11:23.422000,414.5774085811125,996
2024-09-17 10:11:23.443000,414.5682936973856,995
2024-09-17 10:11:23.507000,414.5521594390195,101
2024-09-17 10:11:23.513000,414.5523572423083,101
2024-09-17 10:11:23.545000,414.56896159083567,100
2024-09-17 10:11:23.546000,414.55036199754034,997
2024-09-17 10:11:23.557000,414.5654469052367,7
2024-09-17 10:11:23.573000,414.5820174637222,996
2024-09-17 10:11:23.618000,414.58841798886976,1001
2024-09-17 10:11:23.621000,414.55358525581937,96
2024-09-17 10:11:23.634000,414.5704950525581,98
2024-09-17 10:11:23.675000,414.5553058427749,1000
2024-09-17 10:11:23.686000,414.573575909897,7
2024-09-17 10:11:23.720000,414.5905926180133,15
2024-09-17 10:11:23.776000,414.5969978506905,97
2024-09-17 10:11:23.810000,414.61368294591847,95
2024-09-17 10:11:23.906000,414.57477044313487,1001
2024-09-17 10:11:23.990000,414.5544791490856,98
2024-09-17 10:11:24.504000,414.5911151362491,14
2024-09-17 10:11:25.178000,414.63503886398087,9
2024-09-17 10:11:25.375000,414.5833452707616,1000
2024-09-17 10:11:25.473000,414.5886615753156,5
2024-09-17 10:11:25.516000,414.6394934425592,13
2024-09-17 10:11:25.525000,414.57321847846407,11
2024-09-17 10:11:25.541000,414.5851177046201,98
2024-09-17 10:11:25.603000,414.61910854907546,14
2024-09-17 10:11:25.712000,414.63923521779486,11
2024-09-17 10:11:25.794000,414.60202607862936,1003
2024-09-17 10:11:25.820000,414.58755376874126,1002
2024-09-17 10:11:25.843000,414.6047791953365,104
2024-09-17 10:11:25.917000,414.5882353880527,1003
2024-09-17 10:11:26.020000,414.68071144055847,996
2024-09-17 10:11:26.034000,414.7150181199444,96
2024-09-17 10:11:26.066000,414.7046966165549,98
2024-09-17 10:11:26.171000,414.7092298545466,98
2024-09-17 10:11:26.176000,414.6769035906508,9
2024-09-17 10:11:26.219000,414.6428772868751,99
2024-09-17 10:11:26.228000,414.67346943153024,1000
2024-09-17 10:11:26.232000,414.7330321732976,999
2024-09-17 10:11:26.275000,414.6628961103186,996
2024-09-17 10:11:26.275000,414.71688882116985,99
2024-09-17 10:11:26.327000,414.635065292841,7
2024-09-17 10:11:26.329000,414.69896833133663,1004
2024-09-17 10:11:26.451000,414.6867763774923,1002
2024-09-17 10:11:26.605000,414.67921947287033,11
2024-09-17 10:11:26.681000,414.76263817571896,95
2024-09-17 10:11:26.699000,414.7182032149259,996
2024-09-17 10:11:26.716000,414.7702407375554,12
2024-09-17 10:11:26.810000,414.6743785193793,11
2024-09-17 10:11:26.813000,414.6838535989052,1004
2024-09-17 10:11:26.815000,414.7074600145172,104
2024-09-17 10:11:26.845000,414.71051672733466,102
2024-09-17 10:11:26.864000,414.67723126370106,101
2024-09-17 10:11:26.879000,414.6244467553836,97
2024-09-17 10:11:26.889000,414.7353095255181,13
2024-09-17 10:11:26.978000,414.66810017259394,97
2024-09-17 10:11:26.982000,414.6427969241724,15
2024-09-17 10:11:27.016000,414.7870490773868,15
2024-09-17 10:11:27.027000,414.7786318333973,995
2024-09-17 10:11:27.074000,414.790617423121,12
2024-09-17 10:11:27.080000,414.7863064453649,1005
2024-09-17 10:11:27.112000,414.78031056571456,13
2024-09-17 10:11:27.136000,414.7847337629367,95
2024-09-17 10:11:27.165000,414.7411544716367,11
2024-09-17 10:11:27.249000,414.7664841488492,7
2024-09-17 10:11:27.252000,414.7685693163674,11
2024-09-17 10:11:27.264000,414.7752877061959,14
2024-09-17 10:11:27.363000,414.7554952296178,105
2024-09-17 10:11:27.373000,414.7510738510884,996
2024-09-17 10:11:27.375000,414.7898851176762,9
2024-09-17 10:11:27.401000,414.7795626208881,997
2024-09-17 10:11:27.409000,414.7696867384782,7
2024-09-17 10:11:27.529000,414.7395591970119,97
2024-09-17 10:11:27.579000,414.7569877546937,103
2024-09-17 10:11:27.644000,414.75649876621503,1001
2024-09-17 10:11:27.661000,414.7850003746001,9
2024-09-17 10:11:27.690000,414.7695722448983,1001
2024-09-17 10:11:27.702000,414.7391503402986,14
2024-09-17 10:11:27.931000,414.7259322061519,1001
2024-09-17 10:11:27.968000,414.7611463168568,1000
2024-09-17 10:11:27.976000,414.7763500908876,1004
2024-09-17 10:11:27.992000,414.7711642273345,96
2024-09-17 10:11:28.108000,414.7061466163244,995
2024-09-17 10:11:28.116000,414.7108072729424,995
2024-09-17 10:11:28.136000,414.697061545324,1003
2024-09-17 10:11:28.155000,414.7263525080744,996
2024-09-17 10:11:28.187000,414.7046527774303,8
2024-09-17 10:11:28.197000,414.705851598257,1001
2024-09-17 10:11:28.269000,414.7358111831808,98
2024-09-17 10:11:28.289000,414.7173055383415,98
2024-09-17 10:11:28.301000,414.7249636472199,1003
2024-09-17 10:11:28.330000,414.696650966738,995
2024-09-17 10:11:28.397000,414.7305259965819,996
2024-09-17 10:11:28.450000,414.6938628849721,999
2024-09-17 10:11:28.590000,414.7101710611004,1004
2024-09-17 10:11:28.738000,414.68195846135967,97
2024-09-17 10:11:28.751000,414.719441481609,6
2024-09-17 10:11:28.753000,414.7268003859013,101
2024-09-17 10:11:28.849000,414.71374993534965,11
2024-09-17 10:11:28.863000,414.6983393220656,1003
2024-09-17 10:11:28.882000,414.7144504372839,101
2024-09-17 10:11:28.902000,414.71275190156473,997
2024-09-17 10:11:29.022000,414.69386868228855,100
2024-09-17 10:11:29.040000,414.73133681859,999
2024-09-17 10:11:29.159000,414.7109133485639,102
2024-09-17 10:11:29.202000,414.70384853595306,1004
2024-09-17 10:11:29.248000,414.7212849838724,7
2024-09-17 10:11:29.336000,414.6856470294046,9
2024-09-17 10:11:29.446000,414.7314969992533,103
2024-09-17 10:11:29.506000,414.6886479793634,7
2024-09-17 10:11:29.510000,414.6917930811592,5
2024-09-17 10:11:29.532000,414.69274880114233,1003
2024-09-17 10:11:29.717000,414.7593538338226,7
2024-09-17 10:11:29.749000,414.7343780635176,996
2024-09-17 10:11:29.821000,414.70026357825606,103
2024-09-17 10:11:29.838000,414.6849565859226,15
2024-09-17 10:11:29.841000,414.7316249110697,1003
2024-09-17 10:11:29.887000,414.76729580313935,99
2024-09-17 10:11:29.973000,414.70507926019445,7
2024-09-17 10:11:29.976000,414.6997492750567,995
2024-09-17 10:11:30.069000,414.7418535196729,105
2024-09-17 10:11:30.088000,414.7433497631423,96
2024-09-17 10:11:30.207000,414.714012500722,7
2024-09-17 10:11:30.209000,414.7372180125348,99
2024-09-17 10:11:30.276000,414.70756445951815,995
2024-09-17 10:11:30.308000,414.7279150635424,8
2024-09-17 10:11:30.393000,414.71470512938686,9
2024-09-17 10:11:30.470000,414.7483079294648,1002
2024-09-17 10:11:30.492000,414.742132179207,995
2024-09-17 10:11:30.663000,414.6996179006691,996
2024-09-17 10:11:30.711000,414.7375190279978,998
2024-09-17 10:11:30.730000,414.7257297167305,999
2024-09-17 10:11:30.740000,414.7224824014039,98
2024-09-17 10:11:30.805000,414.7451194524419,6
2024-09-17 10:11:30.821000,414.754627185813,997
2024-09-17 10:11:30.961000,414.7248207080571,101
2024-09-17 10:11:31.020000,414.77302615909485,10
2024-09-17 10:11:31.032000,414.7603927558168,998
2024-09-17 10:11:31.107000,414.7640067212601,98
2024-09-17 10:11:31.110000,414.768957950338,996
2024-09-17 10:11:31.126000,414.7508903700872,1001
2024-09-17 10:11:31.177000,414.7486557406999,10
2024-09-17 10:11:31.222000,414.6919829173329,1004
2024-09-17 10:11:31.250000,414.68837578167125,14
2024-09-17 10:11:31.263000,414.69610885112337,995
2024-09-17 10:11:31.317000,414.7762466276212,995
2024-09-17 10:11:31.331000,414.719756992033,99
2024-09-17 10:11:31.360000,414.7319652516256,5
2024-09-17 10:11:31.394000,414.7802568866405,997
2024-09-17 10:11:31.402000,414.7607391574501,14
2024-09-17 10:11:31.446000,414.7682810621737,95
2024-09-17 10:11:31.466000,414.7354887206998,998
2024-09-17 10:11:31.498000,414.7439180620213,104
2024-09-17 10:11:31.498000,414.6968035870316,98
2024-09-17 10:11:31.545000,414.75180887328185,997
2024-09-17 10:11:31.555000,414.7693797035306,99
2024-09-17 10:11:31.634000,414.7620451105067,98
2024-09-17 10:11:31.674000,414.747538777726,997
2024-09-17 10:11:31.682000,414.750331805274,10
2024-09-17 10:11:31.692000,414.7914698408642,997
2024-09-17 10:11:31.696000,414.7559395249572,97
2024-09-17 10:11:31.715000,414.7533501051341,100
2024-09-17 10:11:31.825000,414.761926258749,1002
2024-09-17 10:11:31.864000,414.7322032996287,99
2024-09-17 10:11:31.882000,414.7085428667328,11
2024-09-17 10:11:31.918000,414.7721079898684,998
2024-09-17 10:11:32.036000,414.6662223181643,99
2024-09-17 10:11:32.062000,414.7161059072621,105
2024-09-17 10:11:32.341000,414.7153947162181,103
2024-09-17 10:11:32.393000,414.729572779806,15
2024-09-17 10:11:32.582000,414.7340192700683,105
2024-09-17 10:11:32.601000,414.6469930882167,1002
2024-09-17 10:11:32.647000,414.7037957734401,11
2024-09-17 10:11:32.676000,414.6830212418856,11
2024-09-17 10:11:32.709000,414.742577985102,6
2024-09-17 10:11:32.806000,414.6277501292592,1005
2024-09-17 10:11:32.957000,414.736497220408,15
2024-09-17 10:11:32.968000,414.6918152901415,10
2024-09-17 10:11:32.975000,414.6577223967028,8
2024-09-17 10:11:32.989000,414.6324450319914,95
2024-09-17 10:11:33.002000,414.6064228384549,9
2024-09-17 10:11:33.091000,414.6138126159011,7
2024-09-17 10:11:33.108000,414.635189017254,5
2024-09-17 10:11:33.165000,414.6444391740328,98
2024-09-17 10:11:33.188000,414.6333502190562,97
2024-09-17 10:11:33.235000,414.6204009869695,1003
2024-09-17 10:11:33.276000,414.6147583075013,1005
2024-09-17 10:11:33.346000,414.6215488917215,10
2024-09-17 10:11:33.413000,414.6472275164694,101
2024-09-17 10:11:33.460000,414.6345378693621,15
2024-09-17 10:11:33.553000,414.619496749576,99
2024-09-17 10:11:33.597000,414.653463695682,99
2024-09-17 10:11:33.629000,414.67215900790296,13
2024-09-17 10:11:33.639000,414.60506531241424,96
2024-09-17 10:11:33.656000,414.60381943537953,9
2024-09-17 10:11:33.670000,414.5820007887267,101
2024-09-17 10:11:33.670000,414.6353664868351,1001
2024-09-17 10:11:33.690000,414.63704519530535,997
2024-09-17 10:11:33.698000,414.62874767447016,13
2024-09-17 10:11:33.737000,414.619612302731,7
2024-09-17 10:11:33.741000,414.64818669416064,104
2024-09-17 10:11:33.762000,414.6489964240747,99
2024-09-17 10:11:33.777000,414.6097372303952,11
2024-09-17 10:11:33.906000,414.5835514824352,7
2024-09-17 10:11:34.099000,414.52983548172017,10
2024-09-17 10:11:34.110000,414.6313054362483,95
2024-09-17 10:11:34.119000,414.5511241701154,15
2024-09-17 10:11:34.137000,414.5827654029442,10
2024-09-17 10:11:34.269000,414.612081293562,1004
2024-09-17 10:11:34.309000,414.5594847229673,1002
2024-09-17 10:11:34.326000,414.5247371611133,997
2024-09-17 10:11:34.386000,414.50966110435087,97
2024-09-17 10:11:34.459000,414.5412503443565,1004
2024-09-17 10:11:34.489000,414.60773413300143,13
2024-09-17 10:11:34.494000,414.6152509566799,12
2024-09-17 10:11:34.497000,414.62160536746256,995
2024-09-17 10:11:34.564000,414.6003933702236,105
2024-09-17 10:11:34.579000,414.52098583070585,995
2024-09-17 10:11:34.629000,414.5655348330384,6
2024-09-17 10:11:34.632000,414.55231479683056,102
2024-09-17 10:11:34.672000,414.6169708655635,102
2024-09-17 10:11:34.680000,414.6156009904948,97
2024-09-17 10:11:34.703000,414.60178750839816,105
2024-09-17 10:11:34.707000,414.6109078146913,13
2024-09-17 10:11:34.716000,414.6171303013502,996
2024-09-17 10:11:34.738000,414.535100352603,104
2024-09-17 10:11:34.793000,414.6056725065135,1004
2024-09-17 10:11:34.823000,414.52508588801214,995
2024-09-17 10:11:34.836000,414.5938219895365,96
2024-09-17 10:11:34.855000,414.5199767214748,7
2024-09-17 10:11:34.969000,414.59727269218587,95
2024-09-17 10:11:34.971000,414.60342423635,99
2024-09-17 10:11:35.039000,414.5822602088504,1004
2024-09-17 10:11:35.043000,414.5626796022467,995
2024-09-17 10:11:35.148000,414.532522645503,98
2024-09-17 10:11:35.185000,414.5603125353662,999
2024-09-17 10:11:35.193000,414.512303865976,95
2024-09-17 10:11:35.197000,414.5313952025416,998
2024-09-17 10:11:35.235000,414.5111583760904,101
2024-09-17 10:11:35.247000,414.5366046253658,95
2024-09-17 10:11:35.332000,414.5383326892367,97
2024-09-17 10:11:35.371000,414.5232130269162,95
2024-09-17 10:11:35.402000,414.5396462446576,12
2024-09-17 10:11:35.543000,414.5279115657082,101
2024-09-17 10:11:35.546000,414.5085723123406,14
2024-09-17 10:11:35.666000,414.57227774230654,8
2024-09-17 10:11:35.667000,414.5408378997204,1000
2024-09-17 10:11:35.732000,414.52227400798427,1001
2024-09-17 10:11:35.740000,414.51146050676994,102
2024-09-17 10:11:35.854000,414.5039140796503,5
2024-09-17 10:11:35.928000,414.5742827169173,6
2024-09-17 10:11:36.215000,414.6006816529324,14
2024-09-17 10:11:36.392000,414.590859292845,5
2024-09-17 10:11:36.526000,414.6051822486761,102
2024-09-17 10:11:36.813000,414.63230474032014,102
2024-09-17 10:11:37.302000,414.6449354687293,1005
2024-09-17 10:11:37.357000,414.6563313306173,98
2024-09-17 10:11:37.444000,414.645088609034,95
2024-09-17 10:11:37.459000,414.6457345075606,99
2024-09-17 10:11:37.488000,414.6528591415558,999
2024-09-17 10:11:37.593000,414.6445671347384,105
2024-09-17 10:11:38.018000,414.5921620199361,997
2024-09-17 10:11:38.026000,414.6272760858866,1000
2024-09-17 10:11:38.060000,414.58649823331353,7
2024-09-17 10:11:38.159000,414.6026340049799,1000
2024-09-17 10:11:38.215000,414.5815444334196,105
2024-09-17 10:11:38.235000,414.5705911946517,103
2024-09-17 10:11:38.269000,414.5873531526016,9
2024-09-17 10:11:38.419000,414.6608607078477,99
2024-09-17 10:11:38.514000,414.58012252404393,14
2024-09-17 10:11:38.555000,414.6260728543786,105
2024-09-17 10:11:38.609000,414.5849034294737,1001
2024-09-17 10:11:38.783000,414.6043604502484,1003
2024-09-17 10:11:38.898000,414.5729135690306,95
2024-09-17 10:11:38.947000,414.5892614881048,999
2024-09-17 10:11:38.970000,414.6307195088069,999
2024-09-17 10:11:39.021000,414.5792736630022,95
2024-09-17 10:11:39.038000,414.5878004667288,13
2024-09-17 10:11:39.044000,414.5760407219824,995
2024-09-17 10:11:39.050000,414.5463803441484,15
2024-09-17 10:11:39.136000,414.6042800144712,8
2024-09-17 10:11:39.244000,414.5732338669756,99
2024-09-17 10:11:39.262000,414.5943833104333,101
2024-09-17 10:11:39.350000,414.5392233944874,96
2024-09-17 10:11:39.412000,414.5827709518815,11
2024-09-17 10:11:39.435000,414.55287505271775,11
2024-09-17 10:11:39.518000,414.5507699196273,100
2024-09-17 10:11:39.534000,414.5651144790396,98
2024-09-17 10:11:39.580000,414.56814894097374,996
2024-09-17 10:11:39.581000,414.5547429933854,96
2024-09-17 10:11:39.668000,414.531743024923,5
2024-09-17 10:11:39.705000,414.562914071505,7
2024-09-17 10:11:39.711000,414.5561994853245,997
2024-09-17 10:11:39.714000,414.5742127180294,98
2024-09-17 10:11:39.727000,414.5428631008674,996
2024-09-17 10:11:39.802000,414.5379606857687,7
2024-09-17 10:11:39.848000,414.5859840760104,8
2024-09-17 10:11:39.909000,414.5663640552616,100
2024-09-17 10:11:40.054000,414.5484529909935,10
2024-09-17 10:11:40.151000,414.5794639448055,1000
2024-09-17 10:11:40.203000,414.5490001095924,14
2024-09-17 10:11:40.216000,414.6036743883008,7
2024-09-17 10:11:40.568000,414.5855513106524,10
2024-09-17 10:11:40.726000,414.5880643215428,995
2024-09-17 10:11:40.850000,414.5955173428376,105
2024-09-17 10:11:40.863000,414.541341013434,99
2024-09-17 10:11:40.966000,414.5775567188191,997
2024-09-17 10:11:41,414.6216729694745,95
2024-09-17 10:11:41.039000,414.598147619996,95
2024-09-17 10:11:41.074000,414.5992196597956,5
2024-09-17 10:11:41.096000,414.5737775623696,99
2024-09-17 10:11:41.116000,414.5799696068957,104
2024-09-17 10:11:41.228000,414.5799441778386,995
2024-09-17 10:11:41.240000,414.63255193284255,98
2024-09-17 10:11:41.249000,414.6315018394364,98
2024-09-17 10:11:41.335000,414.5929505565604,99
2024-09-17 10:11:41.403000,414.5927095373648,996
2024-09-17 10:11:41.510000,414.6205316687947,1002
2024-09-17 10:11:41.588000,414.5937916038198,1001
2024-09-17 10:11:41.647000,414.6212359108977,98
2024-09-17 10:11:41.664000,414.6348580796323,8
2024-09-17 10:11:41.690000,414.5698907117186,13
2024-09-17 10:11:41.740000,414.6314671137882,7
2024-09-17 10:11:41.990000,414.6097419221349,1001
2024-09-17 10:11:42.006000,414.6100161550933,8
2024-09-17 10:11:42.078000,414.53582080249487,100
2024-09-17 10:11:42.097000,414.6045836289621,7
2024-09-17 10:11:42.154000,414.6056906217773,104
2024-09-17 10:11:42.176000,414.60675677032015,14
2024-09-17 10:11:42.255000,414.60054981606174,97
2024-09-17 10:11:42.268000,414.6015556736018,10
2024-09-17 10:11:42.337000,414.5858182930231,12
2024-09-17 10:11:42.337000,414.6131943797774,1005
2024-09-17 10:11:42.346000,414.55289194933295,13
2024-09-17 10:11:42.356000,414.5406286946622,97
2024-09-17 10:11:42.356000,414.5204832269742,1004
2024-09-17 10:11:42.376000,414.59911736669903,1001
2024-09-17 10:11:42.389000,414.5856884426502,99
2024-09-17 10:11:42.437000,414.5903463542685,13
2024-09-17 10:11:42.494000,414.5639121290874,10
2024-09-17 10:11:42.530000,414.5388515485513,96
2024-09-17 10:11:42.598000,414.6030315647409,100
2024-09-17 10:11:42.625000,414.53828564404586,14
2024-09-17 10:11:42.659000,414.574128880936,1004
2024-09-17 10:11:42.684000,414.6092867386888,996
2024-09-17 10:11:42.727000,414.5415424956245,6
2024-09-17 10:11:42.750000,414.6041802461145,104
2024-09-17 10:11:42.847000,414.53076414044045,102
2024-09-17 10:11:42.906000,414.587672206414,103
2024-09-17 10:11:42.943000,414.5735230063067,999
2024-09-17 10:11:43.059000,414.5645154853618,95
2024-09-17 10:11:43.073000,414.66619122967313,6
2024-09-17 10:11:43.153000,414.6039491530449,14
2024-09-17 10:11:43.216000,414.6172634817953,14
2024-09-17 10:11:43.248000,414.5668704299433,103
2024-09-17 10:11:43.249000,414.62555676675896,997
2024-09-17 10:11:43.255000,414.6394582525658,10
2024-09-17 10:11:43.355000,414.6306084989885,1003
2024-09-17 10:11:43.358000,414.639933710798,7
2024-09-17 10:11:43.415000,414.6383372197206,996
2024-09-17 10:11:43.462000,414.5484675341556,98
2024-09-17 10:11:43.466000,414.6063895793331,11
2024-09-17 10:11:43.489000,414.65311261251975,5
2024-09-17 10:11:43.561000,414.63506903954766,1005
2024-09-17 10:11:43.650000,414.6248175848961,100
2024-09-17 10:11:43.743000,414.6459144059327,998
2024-09-17 10:11:43.753000,414.6631973105456,101
2024-09-17 10:11:43.829000,414.5914854819694,1002
2024-09-17 10:11:43.863000,414.5564641109241,102
2024-09-17 10:11:43.873000,414.6344284586361,13
2024-09-17 10:11:43.877000,414.6676037058114,11
2024-09-17 10:11:43.892000,414.6255950030442,1004
2024-09-17 10:11:43.896000,414.6271661386982,7
2024-09-17 10:11:43.908000,414.5618303302927,14
2024-09-17 10:11:43.913000,414.5910852039346,7
2024-09-17 10:11:44.295000,414.6360187396225,103
2024-09-17 10:11:44.657000,414.6331471804359,12
2024-09-17 10:11:44.825000,414.62074560580567,96
2024-09-17 10:11:44.889000,414.6249328382266,1004
2024-09-17 10:11:45.098000,414.65160601068993,11
2024-09-17 10:11:45.183000,414.6288585164546,12
2024-09-17 10:11:45.246000,414.6258166551387,97
2024-09-17 10:11:45.354000,414.62038338485286,105
2024-09-17 10:11:45.367000,414.6154426093628,1003
2024-09-17 10:11:45.408000,414.64598984203707,1001
2024-09-17 10:11:45.467000,414.6289403472893,1005
2024-09-17 10:11:45.472000,414.6069156341201,11
2024-09-17 10:11:45.509000,414.6299904302746,100
2024-09-17 10:11:45.583000,414.6387602427808,99
2024-09-17 10:11:45.935000,414.624240869623,7
2024-09-17 10:11:45.945000,414.6196808084497,103
2024-09-17 10:11:46.031000,414.62518082809066,5
2024-09-17 10:11:46.046000,414.6018770882108,5
2024-09-17 10:11:46.064000,414.581707413459,97
2024-09-17 10:11:46.065000,414.6079102835735,1005
2024-09-17 10:11:46.077000,414.576557757312,100
2024-09-17 10:11:46.120000,414.640572736236,12
2024-09-17 10:11:46.139000,414.5899491966456,998
2024-09-17 10:11:46.152000,414.6570641605314,103
2024-09-17 10:11:46.230000,414.58445030950713,998
2024-09-17 10:11:46.251000,414.6167302360592,997
2024-09-17 10:11:46.271000,414.5758803786047,998
2024-09-17 10:11:46.351000,414.6463112805224,7
2024-09-17 10:11:46.358000,414.6474463946238,101
2024-09-17 10:11:46.373000,414.6306983727801,7
2024-09-17 10:11:46.461000,414.5797362758887,995
2024-09-17 10:11:46.562000,414.587547108383,5
2024-09-17 10:11:46.659000,414.65107629188543,103
2024-09-17 10:11:46.723000,414.6379030825113,98
2024-09-17 10:11:46.787000,414.6566324669034,96
2024-09-17 10:11:46.817000,414.6577712116705,6
2024-09-17 10:11:46.840000,414.64162580745074,100
2024-09-17 10:11:46.847000,414.6707299009283,96
2024-09-17 10:11:46.895000,414.6039932376996,99
2024-09-17 10:11:46.903000,414.6058913053576,5
2024-09-17 10:11:46.925000,414.5854499487498,1003
2024-09-17 10:11:46.999000,414.6120849869129,102
2024-09-17 10:11:47.042000,414.5952021583816,12
2024-09-17 10:11:47.083000,414.5681477295864,1004
2024-09-17 10:11:47.130000,414.55940434409706,997
2024-09-17 10:11:47.218000,414.5794939800759,14
2024-09-17 10:11:47.394000,414.5995769849792,9
2024-09-17 10:11:47.396000,414.56859479308434,101
2024-09-17 10:11:47.482000,414.57588979228575,998
2024-09-17 10:11:47.613000,414.5895933478516,100
2024-09-17 10:11:47.772000,414.5811055079293,6
2024-09-17 10:11:47.790000,414.5907076429315,1005
2024-09-17 10:11:47.795000,414.5767855922337,98
2024-09-17 10:11:47.849000,414.5944574499764,100
2024-09-17 10:11:47.855000,414.61604166773645,97
2024-09-17 10:11:47.874000,414.5925318535853,103
2024-09-17 10:11:47.883000,414.6332556404011,1003
2024-09-17 10:11:47.920000,414.6131152328723,98
2024-09-17 10:11:47.991000,414.60508761415787,999
2024-09-17 10:11:48.563000,414.5511615075639,1004
2024-09-17 10:11:49.047000,414.5664707148366,12
2024-09-17 10:11:49.182000,414.61499132522033,103
2024-09-17 10:11:49.204000,414.6496337649585,1003
2024-09-17 10:11:49.205000,414.6586730060192,98
2024-09-17 10:11:49.252000,414.6538997371144,95
2024-09-17 10:11:49.386000,414.6354813588555,999
2024-09-17 10:11:49.453000,414.5996743030413,15
2024-09-17 10:11:49.477000,414.59270130076345,996
2024-09-17 10:11:49.526000,414.6452815800138,997
2024-09-17 10:11:49.658000,414.54835298498654,997
2024-09-17 10:11:49.674000,414.645318375848,997
2024-09-17 10:11:49.760000,414.6194844321486,996
2024-09-17 10:11:49.854000,414.6071230777282,104
2024-09-17 10:11:49.872000,414.6275724799438,999
2024-09-17 10:11:49.896000,414.6265550009502,1000
2024-09-17 10:11:49.946000,414.6590296396224,12
2024-09-17 10:11:49.969000,414.5982273760038,1004
2024-09-17 10:11:49.982000,414.6164137080187,8
2024-09-17 10:11:50.032000,414.6671084379688,99
2024-09-17 10:11:50.697000,414.6641350674559,1002
2024-09-17 10:11:50.746000,414.6663030288672,8
2024-09-17 10:11:51.001000,414.6640566468104,97
2024-09-17 10:11:51.300000,414.67253075865136,97
2024-09-17 10:11:51.338000,414.6690154403946,96
2024-09-17 10:11:51.395000,414.6680536808427,100
2024-09-17 10:11:51.516000,414.670611078022,1002
2024-09-17 10:11:51.571000,414.6818378159819,6
2024-09-17 10:11:51.635000,414.6568127611066,96
2024-09-17 10:11:51.665000,414.652281816641,6
2024-09-17 10:11:51.716000,414.6656518209497,10
2024-09-17 10:11:51.927000,414.6651318683751,1001
2024-09-17 10:11:52.074000,414.7189821828684,105
2024-09-17 10:11:52.122000,414.6779487132305,103
2024-09-17 10:11:52.174000,414.7398909690037,8
2024-09-17 10:11:52.272000,414.7242310419796,7
2024-09-17 10:11:52.312000,414.7275090659977,13
2024-09-17 10:11:52.334000,414.7110500937465,1000
2024-09-17 10:11:52.336000,414.7413446243278,1001
2024-09-17 10:11:52.370000,414.7130812386759,105
2024-09-17 10:11:52.387000,414.7310150698611,996
2024-09-17 10:11:52.556000,414.7262853967509,104
2024-09-17 10:11:52.562000,414.76083129410296,9
2024-09-17 10:11:52.570000,414.7741134294015,11
2024-09-17 10:11:52.591000,414.72867284024846,7
2024-09-17 10:11:52.641000,414.7288797056833,1001
2024-09-17 10:11:52.686000,414.74617475989874,15
2024-09-17 10:11:52.714000,414.7021869384824,997
2024-09-17 10:11:52.771000,414.7252122164979,97
2024-09-17 10:11:52.782000,414.7676291384675,11
2024-09-17 10:11:52.814000,414.7227467676173,105
2024-09-17 10:11:52.879000,414.6933206283005,1003
2024-09-17 10:11:53.098000,414.66014596995046,104
2024-09-17 10:11:53.119000,414.6137621086116,10
2024-09-17 10:11:53.130000,414.5727010623351,1000
2024-09-17 10:11:53.192000,414.5964403329798,5
2024-09-17 10:11:53.196000,414.59471279485,998
2024-09-17 10:11:53.264000,414.6550222654679,997
2024-09-17 10:11:53.270000,414.6434871233626,103
2024-09-17 10:11:53.300000,414.5775395575373,95
2024-09-17 10:11:53.381000,414.59048837048726,1003
2024-09-17 10:11:53.446000,414.609026319548,12
2024-09-17 10:11:53.465000,414.5818936965716,11
2024-09-17 10:11:53.521000,414.6790908216456,995
2024-09-17 10:11:53.611000,414.69707602875263,96
2024-09-17 10:11:53.635000,414.60556992696735,995
2024-09-17 10:11:53.650000,414.67051911423255,1001
2024-09-17 10:11:53.710000,414.66636002474905,11
2024-09-17 10:11:53.720000,414.7122158178905,95
2024-09-17 10:11:53.737000,414.5797707711136,999
2024-09-17 10:11:53.757000,414.645531962344,1002
2024-09-17 10:11:53.782000,414.5948956775981,100
2024-09-17 10:11:53.798000,414.6456912997397,998
2024-09-17 10:11:53.856000,414.6153326352759,14
2024-09-17 10:11:53.857000,414.6411516050007,1000
2024-09-17 10:11:53.868000,414.63650683852455,103
2024-09-17 10:11:53.878000,414.6581362698884,11
2024-09-17 10:11:53.904000,414.6013524815497,13
2024-09-17 10:11:53.935000,414.63301935846414,97
2024-09-17 10:11:53.944000,414.6123862234611,104
2024-09-17 10:11:54.104000,414.6001090897098,8
2024-09-17 10:11:54.270000,414.5879602340681,103
2024-09-17 10:11:54.362000,414.51967666487,14
2024-09-17 10:11:54.374000,414.584403236373,8
2024-09-17 10:11:54.442000,414.5344974984148,1002
2024-09-17 10:11:54.476000,414.5702480322282,995
2024-09-17 10:11:54.517000,414.5334841861191,996
2024-09-17 10:11:54.544000,414.5176402997722,9
2024-09-17 10:11:54.605000,414.59776875862553,1002
2024-09-17 10:11:54.749000,414.61055126139775,15
2024-09-17 10:11:54.815000,414.5796737086984,1001
2024-09-17 10:11:54.820000,414.552493088301,5
2024-09-17 10:11:54.867000,414.5916748327282,1002
2024-09-17 10:11:54.943000,414.5835243832866,97
2024-09-17 10:11:55.218000,414.4948926617916,1000
2024-09-17 10:11:55.432000,414.512078772527,5
2024-09-17 10:11:55.598000,414.5062300558216,999
2024-09-17 10:11:55.838000,414.511345046819,7
2024-09-17 10:11:55.902000,414.5144279418682,101
2024-09-17 10:11:56,414.519207636003,15
2024-09-17 10:11:56.001000,414.4917523203114,96
2024-09-17 10:11:56.101000,414.5165580901796,1003
2024-09-17 10:11:56.117000,414.530525948675,11
2024-09-17 10:11:56.251000,414.4806394887602,1005
2024-09-17 10:11:56.296000,414.493553382942,15
2024-09-17 10:11:56.300000,414.4983906846167,101
2024-09-17 10:11:56.322000,414.5172542375005,8
2024-09-17 10:11:56.463000,414.5137782325504,995
2024-09-17 10:11:56.478000,414.521480856044,8
2024-09-17 10:11:56.555000,414.5392516471649,11
2024-09-17 10:11:56.574000,414.49073081368266,998
2024-09-17 10:11:56.574000,414.5361357077856,14
2024-09-17 10:11:56.581000,414.5054172499866,99
2024-09-17 10:11:56.612000,414.5091235040819,999
2024-09-17 10:11:56.684000,414.4936022334772,12
2024-09-17 10:11:56.685000,414.5011562811225,999
2024-09-17 10:11:56.714000,414.4828406766747,98
2024-09-17 10:11:56.730000,414.47583041461655,12
2024-09-17 10:11:56.742000,414.5309697392576,99
2024-09-17 10:11:56.761000,414.4977000758125,98
2024-09-17 10:11:56.854000,414.5341648816526,102
2024-09-17 10:11:56.863000,414.5130672335169,102
2024-09-17 10:11:57.041000,414.51688335165306,1005
2024-09-17 10:11:57.187000,414.5287569022448,1003
2024-09-17 10:11:57.349000,414.5139742041004,13
2024-09-17 10:11:57.569000,414.5282065017965,14
2024-09-17 10:11:57.870000,414.5115260941757,9
2024-09-17 10:11:57.902000,414.49534428322187,14
2024-09-17 10:11:57.968000,414.5277947634393,8
2024-09-17 10:11:58.047000,414.5080358216933,996
2024-09-17 10:11:58.073000,414.4953460772348,105
2024-09-17 10:11:58.148000,414.4960444225607,1001
2024-09-17 10:11:58.269000,414.48521424082367,995
2024-09-17 10:11:58.315000,414.4958447356354,97
2024-09-17 10:11:58.330000,414.4919714700097,5
2024-09-17 10:11:58.413000,414.5005919367629,1001
2024-09-17 10:11:58.682000,414.4932114774656,1000
2024-09-17 10:11:58.708000,414.50777201351616,999
2024-09-17 10:11:58.784000,414.5137272684318,10
2024-09-17 10:11:58.817000,414.4789878516184,1002
2024-09-17 10:11:58.916000,414.4780963420598,1002
2024-09-17 10:11:58.945000,414.5089645030957,7
2024-09-17 10:11:58.983000,414.50405928561577,1004
2024-09-17 10:11:59.005000,414.4624577373285,995
2024-09-17 10:11:59.065000,414.49189388464674,6
2024-09-17 10:11:59.071000,414.49097006700975,96
2024-09-17 10:11:59.101000,414.4775256253864,104
2024-09-17 10:11:59.319000,414.47570654921424,10
2024-09-17 10:11:59.477000,414.48772994014473,995
2024-09-17 10:11:59.487000,414.4792640631173,102
2024-09-17 10:11:59.495000,414.4530084179698,10
2024-09-17 10:11:59.541000,414.4863058277509,102
2024-09-17 10:11:59.567000,414.4694948051379,98
2024-09-17 10:11:59.818000,414.46616938954753,9
2024-09-17 10:11:59.831000,414.5192818801194,1004
