Timestamp,Price,Size
2024-09-17 15:35:00.033000,407.93811562532994,1004
2024-09-17 15:35:00.034000,407.9709923428203,98
2024-09-17 15:35:00.054000,407.9371778443601,103
2024-09-17 15:35:00.068000,407.9407160922844,98
2024-09-17 15:35:00.144000,407.934968453261,997
2024-09-17 15:35:00.258000,407.909187430486,999
2024-09-17 15:35:00.263000,407.9991264192132,10
2024-09-17 15:35:00.432000,407.9569088817574,95
2024-09-17 15:35:00.497000,407.99022134428,997
2024-09-17 15:35:00.510000,407.9909421030797,9
2024-09-17 15:35:00.578000,407.99385249912,96
2024-09-17 15:35:00.648000,407.95169224501706,5
2024-09-17 15:35:00.651000,407.9418285651317,95
2024-09-17 15:35:00.730000,407.9716595950828,1000
2024-09-17 15:35:00.865000,407.9582904497673,995
2024-09-17 15:35:00.902000,408.000252319902,12
2024-09-17 15:35:01.062000,407.9619819689686,15
2024-09-17 15:35:01.566000,407.9666660580098,104
2024-09-17 15:35:01.908000,407.9488795419733,105
2024-09-17 15:35:01.987000,407.9608510019244,996
2024-09-17 15:35:02.009000,407.96982125699367,996
2024-09-17 15:35:02.088000,407.9739875914511,6
2024-09-17 15:35:02.115000,407.974996485783,5
2024-09-17 15:35:02.167000,407.9640100611532,997
2024-09-17 15:35:02.175000,407.94403961906863,999
2024-09-17 15:35:02.200000,407.9636455301927,104
2024-09-17 15:35:02.230000,407.96699757200025,96
2024-09-17 15:35:02.263000,407.9556406703625,99
2024-09-17 15:35:02.339000,407.9651499461402,996
2024-09-17 15:35:02.364000,407.9545647077259,999
2024-09-17 15:35:02.469000,407.9769866665532,15
2024-09-17 15:35:02.488000,407.96422637895904,995
2024-09-17 15:35:02.690000,407.9664714286069,1001
2024-09-17 15:35:02.706000,407.9539009318053,100
2024-09-17 15:35:02.717000,407.95314731017066,13
2024-09-17 15:35:02.786000,407.97329799305,98
2024-09-17 15:35:02.828000,407.9607646846228,99
2024-09-17 15:35:03.903000,407.97313132126953,1004
2024-09-17 15:35:03.930000,407.9838755731722,100
2024-09-17 15:35:04.040000,407.9882948660372,1002
2024-09-17 15:35:04.213000,407.9838613253435,98
2024-09-17 15:35:04.251000,407.9781318242594,99
2024-09-17 15:35:04.318000,407.97567300123416,15
2024-09-17 15:35:04.324000,407.96987423860406,97
2024-09-17 15:35:04.425000,407.97907350869866,1002
2024-09-17 15:35:04.472000,414.83106346936586,14
2024-09-17 15:35:04.616000,408.0020517545117,1003
2024-09-17 15:35:04.738000,407.9822568376186,998
2024-09-17 15:35:04.751000,407.9718135849961,1002
2024-09-17 15:35:04.829000,407.9735228838753,12
2024-09-17 15:35:05.464000,414.7600119115834,1005
2024-09-17 15:35:05.856000,407.9787522332951,1004
2024-09-17 15:35:06.034000,408.0015108880297,11
2024-09-17 15:35:06.058000,408.00167471957263,1001
2024-09-17 15:35:06.065000,408.000708117001,98
2024-09-17 15:35:06.083000,407.9739102772092,996
2024-09-17 15:35:06.111000,407.970361380169,997
2024-09-17 15:35:06.134000,408.003453218012,97
2024-09-17 15:35:06.237000,407.9865040548918,1000
2024-09-17 15:35:06.291000,407.9816126850435,105
2024-09-17 15:35:06.331000,407.99561575821787,15
2024-09-17 15:35:06.404000,408.0132708607904,100
2024-09-17 15:35:06.440000,407.9820356058452,101
2024-09-17 15:35:06.481000,407.9971104110623,5
2024-09-17 15:35:06.520000,407.9788647843863,100
2024-09-17 15:35:06.549000,407.9942629468902,1004
2024-09-17 15:35:06.597000,408.0107650292381,5
2024-09-17 15:35:06.611000,407.9636264216173,997
2024-09-17 15:35:06.723000,407.9596967293552,7
2024-09-17 15:35:06.742000,407.9800810616472,1004
2024-09-17 15:35:06.765000,407.98588210273147,97
2024-09-17 15:35:06.808000,407.9908653262635,100
2024-09-17 15:35:06.837000,408.0160398222699,96
2024-09-17 15:35:07.059000,407.9751341982199,1001
2024-09-17 15:35:07.155000,407.9605186356181,14
2024-09-17 15:35:07.233000,407.95712326347154,8
2024-09-17 15:35:07.618000,407.95711465171394,998
2024-09-17 15:35:07.718000,407.946476497268,5
2024-09-17 15:35:07.722000,407.9223607500903,14
2024-09-17 15:35:07.723000,407.9672633095609,100
2024-09-17 15:35:07.805000,407.9712348279016,7
2024-09-17 15:35:07.809000,407.95978561918935,1000
2024-09-17 15:35:07.902000,407.9650605089576,995
2024-09-17 15:35:07.923000,407.9522687391833,95
2024-09-17 15:35:07.952000,414.7684022232016,103
2024-09-17 15:35:08.287000,407.9088010019235,7
2024-09-17 15:35:08.518000,407.9238761767919,8
2024-09-17 15:35:08.553000,407.9117867093073,6
2024-09-17 15:35:08.838000,407.9167611289951,13
2024-09-17 15:35:09.024000,407.8832055865173,1000
2024-09-17 15:35:09.072000,407.87815618811095,999
2024-09-17 15:35:09.082000,407.8889298320606,995
2024-09-17 15:35:09.139000,407.8861022672455,101
2024-09-17 15:35:09.244000,407.90625184104056,100
2024-09-17 15:35:09.254000,407.8873591030261,5
2024-09-17 15:35:09.555000,407.8511595941457,8
2024-09-17 15:35:09.563000,407.8968764834117,8
2024-09-17 15:35:09.707000,407.87030383612256,97
2024-09-17 15:35:09.742000,407.8809446952616,97
2024-09-17 15:35:09.750000,407.854296775077,5
2024-09-17 15:35:09.813000,407.8698866612239,105
2024-09-17 15:35:09.845000,407.88237829649086,5
2024-09-17 15:35:09.936000,407.8978324867985,95
2024-09-17 15:35:09.946000,407.8799646013725,99
2024-09-17 15:35:09.977000,407.8903895160775,998
2024-09-17 15:35:09.984000,407.8956145699358,999
2024-09-17 15:35:09.993000,407.9123400714094,102
2024-09-17 15:35:11.225000,407.89481556994025,9
2024-09-17 15:35:11.699000,407.895236957388,15
2024-09-17 15:35:11.784000,407.8998557371268,14
2024-09-17 15:35:11.876000,407.8642385452711,999
2024-09-17 15:35:11.926000,407.8643889280913,9
2024-09-17 15:35:11.956000,407.8739418284656,97
2024-09-17 15:35:12.180000,414.6863806995041,8
2024-09-17 15:35:12.944000,407.91048018569273,98
2024-09-17 15:35:13.150000,407.949592977727,103
2024-09-17 15:35:13.208000,407.91213839491473,12
2024-09-17 15:35:13.215000,407.9336130092712,1003
2024-09-17 15:35:13.233000,407.94601727549485,15
2024-09-17 15:35:13.243000,407.958814485866,1001
2024-09-17 15:35:13.277000,407.9295362245341,5
2024-09-17 15:35:13.295000,407.9442680173333,996
2024-09-17 15:35:13.296000,407.970717191497,101
2024-09-17 15:35:13.333000,407.9537960285113,97
2024-09-17 15:35:13.388000,407.9215592179519,12
2024-09-17 15:35:13.442000,407.961016494865,998
2024-09-17 15:35:13.487000,407.9265314857096,1004
2024-09-17 15:35:13.504000,407.9633746090528,996
2024-09-17 15:35:13.546000,407.9194791028394,8
2024-09-17 15:35:13.725000,407.9153917025872,101
2024-09-17 15:35:13.726000,407.9342779873304,1004
2024-09-17 15:35:13.805000,407.9689075627878,13
2024-09-17 15:35:13.907000,407.960451782979,104
2024-09-17 15:35:13.914000,407.9399993920503,13
2024-09-17 15:35:13.946000,407.9568233397318,13
2024-09-17 15:35:13.955000,407.9646329981172,5
2024-09-17 15:35:13.994000,407.9084529289649,6
2024-09-17 15:35:14.051000,407.9673551127947,98
2024-09-17 15:35:14.072000,407.95448373052346,1004
2024-09-17 15:35:14.094000,407.9712545412363,11
2024-09-17 15:35:14.127000,407.95169907367455,11
2024-09-17 15:35:14.137000,407.9413829668166,97
2024-09-17 15:35:14.173000,407.94647512883,97
2024-09-17 15:35:14.199000,407.9682300578232,999
2024-09-17 15:35:14.223000,407.9863076189892,9
2024-09-17 15:35:14.265000,407.9882244386471,1005
2024-09-17 15:35:14.352000,407.9389616996015,5
2024-09-17 15:35:14.447000,407.9376271520198,101
2024-09-17 15:35:14.497000,407.936936535948,996
2024-09-17 15:35:14.543000,407.9431448552786,999
2024-09-17 15:35:14.640000,407.950120090092,9
2024-09-17 15:35:14.837000,407.9322748040011,13
2024-09-17 15:35:14.856000,407.9604667365526,6
2024-09-17 15:35:14.986000,407.9452591170169,101
2024-09-17 15:35:14.996000,407.9449799231688,5
2024-09-17 15:35:16.006000,407.984758847179,7
2024-09-17 15:35:16.014000,407.9568319145222,13
2024-09-17 15:35:16.051000,407.914986255828,11
2024-09-17 15:35:16.056000,407.9778474273037,9
2024-09-17 15:35:16.069000,407.96419134595686,99
2024-09-17 15:35:16.082000,407.9209247847207,102
2024-09-17 15:35:16.102000,407.9553689608642,1000
2024-09-17 15:35:16.105000,408.00043368049353,6
2024-09-17 15:35:16.116000,407.98021403689023,15
2024-09-17 15:35:16.374000,407.9489973751683,14
2024-09-17 15:35:16.521000,407.991545025634,99
2024-09-17 15:35:16.565000,407.98114677434967,99
2024-09-17 15:35:16.669000,407.9601365114903,13
2024-09-17 15:35:16.682000,407.9769872651288,98
2024-09-17 15:35:16.691000,407.9821042174033,96
2024-09-17 15:35:16.699000,407.97651934427455,1004
2024-09-17 15:35:16.700000,407.9308586299644,1000
2024-09-17 15:35:16.700000,407.945532162672,103
2024-09-17 15:35:16.753000,407.9635897602376,105
2024-09-17 15:35:16.822000,408.0065187673883,10
2024-09-17 15:35:16.943000,407.9246639662969,102
2024-09-17 15:35:16.943000,407.92690940654353,1000
2024-09-17 15:35:16.949000,407.9894693639909,1005
2024-09-17 15:35:16.975000,407.9853195387752,95
2024-09-17 15:35:17.082000,407.9919935820175,995
2024-09-17 15:35:17.157000,407.9692023600224,99
2024-09-17 15:35:17.193000,407.98681560647833,97
2024-09-17 15:35:17.296000,407.9964954311231,12
2024-09-17 15:35:17.304000,407.9902070522306,102
2024-09-17 15:35:17.331000,407.98716327534,1000
2024-09-17 15:35:17.381000,408.0109525121336,1002
2024-09-17 15:35:17.524000,408.0126605992825,11
2024-09-17 15:35:18.014000,408.0022229106477,8
2024-09-17 15:35:18.068000,407.9903584050292,1005
2024-09-17 15:35:18.135000,407.9559325605855,102
2024-09-17 15:35:18.152000,414.6340052795088,105
2024-09-17 15:35:18.173000,407.9799385626882,1000
2024-09-17 15:35:18.226000,408.005300615203,99
2024-09-17 15:35:18.246000,408.0114400625096,98
2024-09-17 15:35:18.253000,414.61736768755935,998
2024-09-17 15:35:18.329000,407.9890009766387,95
2024-09-17 15:35:18.363000,407.99832983942025,11
2024-09-17 15:35:18.411000,407.9888045383038,14
2024-09-17 15:35:18.530000,407.96646518376303,7
2024-09-17 15:35:18.583000,407.98641717329184,1002
2024-09-17 15:35:18.616000,407.9985338472776,105
2024-09-17 15:35:18.674000,407.9810232686445,10
2024-09-17 15:35:18.677000,407.985357084767,12
2024-09-17 15:35:18.748000,407.9666758364012,999
2024-09-17 15:35:18.760000,408.0173528250404,1001
2024-09-17 15:35:18.802000,407.9901615336343,5
2024-09-17 15:35:18.858000,407.9604094014058,15
2024-09-17 15:35:18.890000,407.9648145426941,98
2024-09-17 15:35:18.996000,407.97167678147343,1005
2024-09-17 15:35:19.037000,407.96072072262353,6
2024-09-17 15:35:19.072000,407.9815601493365,101
2024-09-17 15:35:19.077000,407.97590344340495,997
2024-09-17 15:35:19.164000,407.989237463732,1001
2024-09-17 15:35:19.180000,407.98693152166015,999
2024-09-17 15:35:19.316000,407.97931781474455,100
2024-09-17 15:35:19.319000,408.0043123422311,95
2024-09-17 15:35:19.323000,407.99000485386,96
2024-09-17 15:35:19.468000,407.9547512440436,1003
2024-09-17 15:35:19.557000,407.98328838023633,6
2024-09-17 15:35:19.582000,407.99753920203887,1004
2024-09-17 15:35:19.665000,407.9921543239344,5
2024-09-17 15:35:19.686000,407.9685365174117,105
2024-09-17 15:35:19.698000,408.00621233165145,102
2024-09-17 15:35:19.982000,407.965134877485,95
2024-09-17 15:35:19.996000,407.9962662167517,1002
2024-09-17 15:35:20.092000,407.9958889751555,8
2024-09-17 15:35:20.110000,407.9885055497032,101
2024-09-17 15:35:20.211000,407.9825885577528,13
2024-09-17 15:35:20.401000,407.983849969123,995
2024-09-17 15:35:20.611000,407.99575540297457,999
2024-09-17 15:35:20.732000,407.987835180044,1004
2024-09-17 15:35:20.739000,407.9905678219352,1005
2024-09-17 15:35:20.742000,407.9914527295449,997
2024-09-17 15:35:20.963000,407.987667610285,8
2024-09-17 15:35:21.046000,408.0058350894232,11
2024-09-17 15:35:21.056000,407.9472332022784,1000
2024-09-17 15:35:21.108000,408.00432418236335,105
2024-09-17 15:35:21.183000,407.9658798300014,7
2024-09-17 15:35:21.196000,407.9689838919268,1005
2024-09-17 15:35:21.211000,407.995864800329,98
2024-09-17 15:35:21.283000,408.03838171455885,999
2024-09-17 15:35:21.315000,407.9519723763091,1004
2024-09-17 15:35:21.368000,408.0279070129181,15
2024-09-17 15:35:21.395000,408.0406965616976,95
2024-09-17 15:35:21.478000,407.9715423607986,996
2024-09-17 15:35:21.527000,407.9633315404778,101
2024-09-17 15:35:21.561000,407.9879337996062,101
2024-09-17 15:35:21.603000,408.0150830606023,996
2024-09-17 15:35:21.607000,407.98921479174464,99
2024-09-17 15:35:21.629000,408.0223742846663,5
2024-09-17 15:35:21.648000,407.9829646263016,7
2024-09-17 15:35:21.683000,408.0141205787883,5
2024-09-17 15:35:21.822000,408.0055453011527,1003
2024-09-17 15:35:21.856000,407.99263758284087,11
2024-09-17 15:35:21.862000,408.01466677549126,15
2024-09-17 15:35:21.864000,407.993683177001,100
2024-09-17 15:35:21.866000,407.9733851808391,7
2024-09-17 15:35:21.910000,407.9718213332656,998
2024-09-17 15:35:21.939000,407.9414017376061,6
2024-09-17 15:35:22.006000,407.9541812167888,10
2024-09-17 15:35:22.274000,407.9709589251918,12
2024-09-17 15:35:22.457000,407.96559728509226,1002
2024-09-17 15:35:22.552000,407.9577273038424,104
2024-09-17 15:35:22.985000,407.9895730038895,998
2024-09-17 15:35:23.030000,407.9260280941575,996
2024-09-17 15:35:23.065000,407.9637265931937,95
2024-09-17 15:35:23.066000,407.9526033781988,98
2024-09-17 15:35:23.097000,407.9298867594028,1004
2024-09-17 15:35:23.152000,407.9195028258836,1001
2024-09-17 15:35:23.155000,407.9814710314553,97
2024-09-17 15:35:23.214000,407.94730784566633,997
2024-09-17 15:35:23.244000,407.9935372924094,105
2024-09-17 15:35:23.286000,407.9718597640747,103
2024-09-17 15:35:23.413000,407.92471638313657,1001
2024-09-17 15:35:23.430000,407.9859269076329,98
2024-09-17 15:35:23.499000,407.9246605668934,99
2024-09-17 15:35:23.511000,407.98786119220927,1004
2024-09-17 15:35:23.523000,407.9603727675607,100
2024-09-17 15:35:23.527000,408.0168611942602,995
2024-09-17 15:35:23.536000,407.97588109617385,1004
2024-09-17 15:35:23.586000,407.94793841992,1003
2024-09-17 15:35:23.602000,407.9629198279602,996
2024-09-17 15:35:23.654000,407.9288299024505,5
2024-09-17 15:35:23.681000,407.9202444302799,104
2024-09-17 15:35:23.766000,407.9587416634442,13
2024-09-17 15:35:23.770000,407.9504476574842,15
2024-09-17 15:35:23.838000,407.9439336503007,14
2024-09-17 15:35:23.844000,407.92410013554985,12
2024-09-17 15:35:23.952000,407.984648522554,996
2024-09-17 15:35:24.435000,407.9482404000883,96
2024-09-17 15:35:24.837000,407.92420809616266,96
2024-09-17 15:35:25.024000,407.9633788548334,102
2024-09-17 15:35:25.024000,407.93758988710994,9
2024-09-17 15:35:25.035000,407.9163139851517,103
2024-09-17 15:35:25.040000,407.9509437822196,8
2024-09-17 15:35:25.071000,407.9345516400165,14
2024-09-17 15:35:25.110000,407.94078439947214,99
2024-09-17 15:35:25.110000,407.9497905811566,97
2024-09-17 15:35:25.161000,407.9240222339324,14
2024-09-17 15:35:25.184000,407.9098960305831,100
2024-09-17 15:35:25.226000,407.940524164956,998
2024-09-17 15:35:25.243000,407.9294880154385,1003
2024-09-17 15:35:25.318000,407.9731370490726,999
2024-09-17 15:35:25.357000,407.9246209684212,6
2024-09-17 15:35:25.474000,407.9617204088195,8
2024-09-17 15:35:25.637000,407.9492835290251,10
2024-09-17 15:35:25.663000,407.9480399608456,1000
2024-09-17 15:35:25.711000,407.91900264353046,998
2024-09-17 15:35:25.769000,407.9353451167775,999
2024-09-17 15:35:25.803000,407.9658850567823,1001
2024-09-17 15:35:25.806000,407.9597689214646,100
2024-09-17 15:35:25.858000,407.9408678433245,1005
2024-09-17 15:35:25.870000,407.9426625590408,101
2024-09-17 15:35:25.883000,407.9405864986201,995
2024-09-17 15:35:25.911000,407.95616237726216,8
2024-09-17 15:35:25.980000,407.91225961201934,8
2024-09-17 15:35:26.015000,407.9279650064819,5
2024-09-17 15:35:26.070000,407.907414115654,10
2024-09-17 15:35:26.090000,407.9481328945925,997
2024-09-17 15:35:26.096000,407.89825387306206,995
2024-09-17 15:35:26.175000,407.8985597724129,13
2024-09-17 15:35:26.240000,407.92049542427657,100
2024-09-17 15:35:26.269000,407.9137674309121,10
2024-09-17 15:35:26.284000,407.9117424020485,7
2024-09-17 15:35:26.294000,407.9323927860045,13
2024-09-17 15:35:26.331000,407.8898016594128,7
2024-09-17 15:35:26.403000,407.92300843120114,97
2024-09-17 15:35:26.430000,407.90856860537,995
2024-09-17 15:35:26.506000,407.89407865223455,995
2024-09-17 15:35:26.517000,407.928642595845,1004
2024-09-17 15:35:26.560000,407.9267093457568,6
2024-09-17 15:35:26.628000,407.9246098982901,102
2024-09-17 15:35:26.639000,407.9456365951089,1005
2024-09-17 15:35:26.652000,407.9000178836215,999
2024-09-17 15:35:26.720000,407.9487664444604,13
2024-09-17 15:35:26.735000,407.94406155727415,8
2024-09-17 15:35:26.735000,407.9484415842183,1000
2024-09-17 15:35:26.782000,407.92727905243447,103
2024-09-17 15:35:26.857000,407.9257417210953,14
2024-09-17 15:35:26.920000,407.895593616803,102
2024-09-17 15:35:26.925000,407.8790255709228,1002
2024-09-17 15:35:26.986000,407.8975095855806,10
2024-09-17 15:35:26.989000,407.8994965285458,1002
2024-09-17 15:35:26.991000,407.9294362676517,102
2024-09-17 15:35:26.996000,407.90000976996816,1000
2024-09-17 15:35:27.016000,407.9442148546714,8
2024-09-17 15:35:27.121000,407.9621931684168,102
2024-09-17 15:35:27.133000,407.96159792509394,15
2024-09-17 15:35:27.143000,407.9987612406438,998
2024-09-17 15:35:27.191000,407.95700180225606,999
2024-09-17 15:35:27.249000,407.939038415849,9
2024-09-17 15:35:27.274000,407.967234404572,8
2024-09-17 15:35:27.300000,407.9648224633565,1000
2024-09-17 15:35:27.373000,407.9634862033509,103
2024-09-17 15:35:27.488000,407.9428433710284,7
2024-09-17 15:35:27.488000,407.9773702628952,95
2024-09-17 15:35:27.511000,407.9663562423202,995
2024-09-17 15:35:27.582000,407.9577298633489,100
2024-09-17 15:35:27.610000,407.9934444226308,5
2024-09-17 15:35:27.635000,407.9870920677509,97
2024-09-17 15:35:27.639000,407.9510419465164,12
2024-09-17 15:35:27.772000,408.00137543520935,95
2024-09-17 15:35:27.775000,407.9514460389751,7
2024-09-17 15:35:27.829000,407.9777996580437,95
2024-09-17 15:35:28.018000,407.9279903889091,1001
2024-09-17 15:35:28.050000,407.9013626574295,996
2024-09-17 15:35:28.112000,407.9438091603802,997
2024-09-17 15:35:28.149000,407.99016202040366,105
2024-09-17 15:35:28.180000,407.93625496434186,996
2024-09-17 15:35:28.286000,407.9034125906843,1004
2024-09-17 15:35:28.325000,407.9458486134605,999
2024-09-17 15:35:28.438000,407.962774176741,999
2024-09-17 15:35:28.483000,407.91971533228616,997
2024-09-17 15:35:28.502000,407.9478280661105,1000
2024-09-17 15:35:28.519000,407.9736047192415,1004
2024-09-17 15:35:28.532000,407.9371750554493,12
2024-09-17 15:35:28.579000,407.9523699830745,5
2024-09-17 15:35:28.634000,407.9596946767052,10
2024-09-17 15:35:28.677000,407.9132591770743,5
2024-09-17 15:35:28.739000,407.9005526364129,12
2024-09-17 15:35:28.758000,407.9290001777428,99
2024-09-17 15:35:28.804000,407.9540528277876,1005
2024-09-17 15:35:28.856000,407.9061007935293,96
2024-09-17 15:35:28.912000,407.9513788563165,9
2024-09-17 15:35:28.949000,407.91264515689,9
2024-09-17 15:35:28.995000,407.9861869565229,8
2024-09-17 15:35:28.999000,407.9085755042325,996
2024-09-17 15:35:29.034000,407.9735538252581,8
2024-09-17 15:35:29.320000,407.94658985549626,9
2024-09-17 15:35:29.359000,407.9153456415689,1005
2024-09-17 15:35:29.399000,408.0098930069725,997
2024-09-17 15:35:29.472000,407.9375003652745,12
2024-09-17 15:35:29.509000,408.0027294264783,95
2024-09-17 15:35:29.537000,408.0012487893708,1005
2024-09-17 15:35:29.631000,407.9799075787631,1002
2024-09-17 15:35:29.702000,407.9672290104995,8
2024-09-17 15:35:29.745000,408.0049351231184,98
2024-09-17 15:35:29.792000,408.0134973961468,8
2024-09-17 15:35:29.824000,407.9464137535903,96
2024-09-17 15:35:29.851000,408.021035428881,99
2024-09-17 15:35:29.990000,407.9440697553955,6
2024-09-17 15:35:30.008000,407.99926619307416,5
2024-09-17 15:35:30.010000,407.9960842959839,100
2024-09-17 15:35:30.041000,407.9980673735107,97
2024-09-17 15:35:30.079000,407.98927349339857,98
2024-09-17 15:35:30.148000,407.9873478585861,11
2024-09-17 15:35:30.155000,407.9820761685833,1001
2024-09-17 15:35:30.192000,407.9909772434303,98
2024-09-17 15:35:30.210000,407.9938644903804,12
2024-09-17 15:35:30.211000,407.9887474751621,7
2024-09-17 15:35:30.226000,407.97156851900775,998
2024-09-17 15:35:30.235000,408.0450650819843,9
2024-09-17 15:35:30.356000,408.0262102753574,1004
2024-09-17 15:35:30.411000,408.0071993434965,104
2024-09-17 15:35:30.531000,408.06462387549,1001
2024-09-17 15:35:30.547000,408.0307813996986,1000
2024-09-17 15:35:30.608000,407.9688889550366,96
2024-09-17 15:35:30.721000,407.97183839438014,1003
2024-09-17 15:35:30.758000,408.0278629105128,1003
2024-09-17 15:35:30.849000,408.0279573725285,101
2024-09-17 15:35:30.983000,407.9756947582288,100
2024-09-17 15:35:31.015000,408.02577933658046,997
2024-09-17 15:35:31.081000,408.0602213187922,10
2024-09-17 15:35:31.099000,408.0188381202834,98
2024-09-17 15:35:31.223000,408.01525821195656,6
2024-09-17 15:35:31.302000,408.04778192191577,1004
2024-09-17 15:35:31.305000,408.0360584233482,101
2024-09-17 15:35:31.331000,408.0472158260937,8
2024-09-17 15:35:31.336000,408.0251882247852,998
2024-09-17 15:35:31.425000,408.0464868235624,8
2024-09-17 15:35:31.431000,408.0527380064429,14
2024-09-17 15:35:31.468000,408.0160422559373,997
2024-09-17 15:35:31.468000,408.0280914529956,999
2024-09-17 15:35:31.486000,408.0641515528719,1002
2024-09-17 15:35:31.546000,408.0262303926418,5
2024-09-17 15:35:31.548000,408.01499017758505,995
2024-09-17 15:35:31.669000,408.0445291522959,997
2024-09-17 15:35:31.675000,408.03093793810655,5
2024-09-17 15:35:31.729000,408.0136211490183,96
2024-09-17 15:35:31.734000,408.01591399075073,1003
2024-09-17 15:35:31.740000,408.06363916144784,1004
2024-09-17 15:35:31.741000,408.0301607303772,7
2024-09-17 15:35:31.750000,408.048267996367,996
2024-09-17 15:35:31.752000,408.037980561024,7
2024-09-17 15:35:31.802000,408.0312566250343,996
2024-09-17 15:35:31.918000,408.0349189188025,105
2024-09-17 15:35:32.024000,408.1004935317556,10
2024-09-17 15:35:32.143000,408.0150304662343,103
2024-09-17 15:35:32.147000,408.0465253059531,103
2024-09-17 15:35:32.158000,408.0287946169171,996
2024-09-17 15:35:32.210000,408.0965594852398,1004
2024-09-17 15:35:32.226000,408.1024670285264,98
2024-09-17 15:35:32.234000,408.1133965240398,9
2024-09-17 15:35:32.251000,408.1294403219469,1004
2024-09-17 15:35:32.280000,408.01145508760726,1001
2024-09-17 15:35:32.343000,408.0147139878734,105
2024-09-17 15:35:32.393000,408.0288245023064,14
2024-09-17 15:35:32.417000,408.0647523911632,997
2024-09-17 15:35:32.426000,408.0440659215075,102
2024-09-17 15:35:32.437000,408.0194664095807,998
2024-09-17 15:35:32.491000,408.0386983178337,995
2024-09-17 15:35:32.593000,408.0363538214609,1004
2024-09-17 15:35:32.594000,408.11978454665314,998
2024-09-17 15:35:32.736000,408.1428388563198,999
2024-09-17 15:35:32.743000,408.1318562140614,7
2024-09-17 15:35:32.882000,408.1129845803633,996
2024-09-17 15:35:32.967000,408.0343721112352,13
2024-09-17 15:35:33.024000,408.1578378216109,99
2024-09-17 15:35:33.106000,408.1634939505906,995
2024-09-17 15:35:33.141000,408.1634439618034,1004
2024-09-17 15:35:33.211000,408.119380678597,997
2024-09-17 15:35:33.215000,408.15196421899554,103
2024-09-17 15:35:33.238000,408.1342084154574,999
2024-09-17 15:35:33.260000,408.1327535625762,999
2024-09-17 15:35:33.283000,408.12999940224,1000
2024-09-17 15:35:33.285000,408.1196114781417,996
2024-09-17 15:35:33.438000,408.1605194933644,98
2024-09-17 15:35:33.450000,414.43435950776166,14
2024-09-17 15:35:33.459000,408.1553802345232,999
2024-09-17 15:35:33.540000,408.13260450554446,999
2024-09-17 15:35:33.559000,408.1339764839632,8
2024-09-17 15:35:33.567000,408.1690997689272,1003
2024-09-17 15:35:33.615000,408.14264349013376,101
2024-09-17 15:35:33.622000,408.1650134703584,5
2024-09-17 15:35:33.681000,408.1383029060403,101
2024-09-17 15:35:33.783000,408.149582152132,1003
2024-09-17 15:35:33.842000,408.1585060991723,9
2024-09-17 15:35:33.969000,408.1522570973142,995
2024-09-17 15:35:33.977000,408.13593781747096,102
2024-09-17 15:35:33.984000,408.13891444635465,8
2024-09-17 15:35:33.986000,408.1659335867152,99
2024-09-17 15:35:34.134000,408.1421788234491,998
2024-09-17 15:35:34.156000,408.1384369839595,99
2024-09-17 15:35:34.171000,408.1341694409799,104
2024-09-17 15:35:34.180000,408.1362372508212,7
2024-09-17 15:35:34.322000,408.1439708622853,995
2024-09-17 15:35:34.332000,408.1456638574825,7
2024-09-17 15:35:34.344000,408.1448702783362,14
2024-09-17 15:35:34.348000,408.1579413894916,10
2024-09-17 15:35:34.402000,408.1422301673251,999
2024-09-17 15:35:34.410000,408.1629207246037,1005
2024-09-17 15:35:34.445000,408.1585122560369,15
2024-09-17 15:35:34.490000,408.1726561211386,103
2024-09-17 15:35:34.692000,408.155195489844,997
2024-09-17 15:35:34.731000,408.13027472828855,1003
2024-09-17 15:35:34.816000,408.1650251513204,998
2024-09-17 15:35:34.818000,408.1490803910282,1000
2024-09-17 15:35:34.885000,408.1448052706001,1002
2024-09-17 15:35:34.938000,408.1475591790364,995
2024-09-17 15:35:34.985000,408.140577016176,15
2024-09-17 15:35:35.132000,408.13703860594086,996
2024-09-17 15:35:35.252000,408.1437441749677,995
2024-09-17 15:35:35.593000,408.1439159590248,15
2024-09-17 15:35:35.600000,408.1328641432594,996
2024-09-17 15:35:35.878000,408.14639603318886,104
2024-09-17 15:35:36.627000,408.1559907522358,15
2024-09-17 15:35:36.805000,408.14720572708825,996
2024-09-17 15:35:37.064000,408.1918462581937,102
2024-09-17 15:35:37.095000,408.1681833417195,11
2024-09-17 15:35:37.171000,408.1809984691072,999
2024-09-17 15:35:37.244000,408.1730002241293,8
2024-09-17 15:35:37.297000,408.1715383035556,1004
2024-09-17 15:35:37.434000,408.1708976789169,1001
2024-09-17 15:35:37.469000,408.1622128617256,1004
2024-09-17 15:35:37.816000,408.1852145498962,997
2024-09-17 15:35:38.065000,408.1709324737833,9
2024-09-17 15:35:38.256000,408.15837939397295,97
2024-09-17 15:35:38.529000,408.16599829346205,11
2024-09-17 15:35:38.566000,408.1591511950412,100
2024-09-17 15:35:38.571000,408.18762582751367,1003
2024-09-17 15:35:38.625000,408.1421078737932,95
2024-09-17 15:35:38.722000,408.1841654926969,102
2024-09-17 15:35:38.739000,408.1643183086188,100
2024-09-17 15:35:38.812000,408.1676245394832,14
2024-09-17 15:35:38.970000,408.1734620932053,1000
2024-09-17 15:35:38.984000,408.1664240821548,12
2024-09-17 15:35:40.148000,408.1485541000083,996
2024-09-17 15:35:40.215000,408.1676960559501,101
2024-09-17 15:35:40.255000,408.1799443047892,101
2024-09-17 15:35:40.267000,408.1875473119835,105
2024-09-17 15:35:40.385000,408.1731461888912,102
2024-09-17 15:35:40.414000,408.1836315061239,8
2024-09-17 15:35:40.428000,408.1918703441676,12
2024-09-17 15:35:40.499000,408.1705095722458,996
2024-09-17 15:35:40.510000,408.16751883963184,1002
2024-09-17 15:35:40.517000,408.1813554661463,101
2024-09-17 15:35:40.549000,408.15869610724,1005
2024-09-17 15:35:40.575000,408.18114925015976,999
2024-09-17 15:35:40.667000,408.1680295345618,9
2024-09-17 15:35:40.677000,408.2025814057963,6
2024-09-17 15:35:40.709000,408.1901996600764,11
2024-09-17 15:35:40.722000,408.166754345361,9
2024-09-17 15:35:40.758000,408.1539575036613,997
2024-09-17 15:35:40.836000,408.1635845145629,8
2024-09-17 15:35:40.845000,408.1592966116826,12
2024-09-17 15:35:40.888000,408.1702938080725,5
2024-09-17 15:35:41.011000,408.196033752897,15
2024-09-17 15:35:41.048000,408.2241590636082,102
2024-09-17 15:35:41.063000,408.22311822793614,1005
2024-09-17 15:35:41.137000,408.20532628431056,8
2024-09-17 15:35:41.187000,408.2211360942368,11
2024-09-17 15:35:41.267000,408.2432501384444,9
2024-09-17 15:35:41.311000,408.1828118670744,10
2024-09-17 15:35:41.342000,408.2547350712101,103
2024-09-17 15:35:41.356000,408.26315717056514,8
2024-09-17 15:35:41.369000,408.1887480558793,12
2024-09-17 15:35:41.391000,408.2555446571894,14
2024-09-17 15:35:41.393000,408.2412195402036,1004
2024-09-17 15:35:41.488000,408.1637680916619,995
2024-09-17 15:35:41.493000,408.1665406593511,1002
2024-09-17 15:35:41.494000,408.2428593172818,98
2024-09-17 15:35:41.549000,408.235097704376,13
2024-09-17 15:35:41.557000,408.1774100504867,12
2024-09-17 15:35:41.561000,408.26106991843005,998
2024-09-17 15:35:41.662000,408.1917765261728,6
2024-09-17 15:35:41.667000,408.2289269204291,97
2024-09-17 15:35:41.673000,408.2422859093501,996
2024-09-17 15:35:41.703000,408.1943166441921,996
2024-09-17 15:35:41.704000,408.2184450703661,1001
2024-09-17 15:35:41.745000,408.2280655118333,99
2024-09-17 15:35:41.755000,408.2664494925111,8
2024-09-17 15:35:41.806000,408.1913822353473,999
2024-09-17 15:35:41.861000,408.1685051448606,14
2024-09-17 15:35:41.884000,408.2309071960048,101
2024-09-17 15:35:42.012000,408.2934770590245,1001
2024-09-17 15:35:42.045000,408.2878096226142,999
2024-09-17 15:35:42.152000,408.3252065789783,998
2024-09-17 15:35:42.199000,408.3292960091125,105
2024-09-17 15:35:42.239000,408.2865445288156,1004
2024-09-17 15:35:42.256000,408.28516595288215,7
2024-09-17 15:35:42.265000,408.3192972430141,996
2024-09-17 15:35:42.301000,408.3196838908879,1004
2024-09-17 15:35:42.369000,408.2775446316598,101
2024-09-17 15:35:42.386000,408.3147335216474,6
2024-09-17 15:35:42.391000,408.2531196825263,96
2024-09-17 15:35:42.407000,408.3079101179432,103
2024-09-17 15:35:42.426000,408.3157982891116,9
2024-09-17 15:35:42.428000,408.2763327943277,14
2024-09-17 15:35:42.464000,408.3185467846978,5
2024-09-17 15:35:42.537000,408.2775930875585,998
2024-09-17 15:35:42.581000,408.3079933660188,5
2024-09-17 15:35:42.585000,408.3220781297035,995
2024-09-17 15:35:42.638000,408.2711552639535,105
2024-09-17 15:35:42.710000,408.3051657407708,1005
2024-09-17 15:35:42.745000,408.3295407988092,102
2024-09-17 15:35:42.780000,408.3126099775071,5
2024-09-17 15:35:42.793000,408.28903017458833,97
2024-09-17 15:35:42.833000,408.33080020839583,100
2024-09-17 15:35:42.852000,408.2696660568084,1003
2024-09-17 15:35:42.908000,408.2979915679725,8
2024-09-17 15:35:42.910000,408.2815796015863,8
2024-09-17 15:35:42.934000,408.26324827854006,102
2024-09-17 15:35:43.021000,408.3232010052354,1000
2024-09-17 15:35:43.244000,408.3139544317503,13
2024-09-17 15:35:43.350000,408.3081674437141,9
2024-09-17 15:35:43.390000,408.29157226782377,95
2024-09-17 15:35:43.566000,408.3178931111941,10
2024-09-17 15:35:43.630000,408.3089272423512,5
2024-09-17 15:35:43.672000,408.3008835837588,1004
2024-09-17 15:35:43.674000,408.2877413728746,997
2024-09-17 15:35:43.681000,408.3033539151132,1002
2024-09-17 15:35:43.734000,408.3064049562459,5
2024-09-17 15:35:43.736000,408.2981382269565,104
2024-09-17 15:35:43.777000,408.2988169573679,996
2024-09-17 15:35:43.940000,408.3075066009771,1000
2024-09-17 15:35:43.947000,408.3228779494596,997
2024-09-17 15:35:44.023000,408.3060788372237,100
2024-09-17 15:35:44.226000,408.3003006954594,1004
2024-09-17 15:35:44.258000,408.29038792123055,99
2024-09-17 15:35:44.326000,408.271727119626,6
2024-09-17 15:35:44.361000,408.2981115653177,96
2024-09-17 15:35:44.536000,408.3069509853229,10
2024-09-17 15:35:44.563000,408.2961227096432,15
2024-09-17 15:35:44.564000,408.2975372871665,103
2024-09-17 15:35:44.632000,408.301846192255,14
2024-09-17 15:35:44.672000,408.3000586658503,96
2024-09-17 15:35:44.717000,408.31763853699135,1002
2024-09-17 15:35:44.755000,408.32155344966577,995
2024-09-17 15:35:44.897000,408.2886652141357,1004
2024-09-17 15:35:45.257000,408.3569608618301,9
2024-09-17 15:35:45.295000,408.3206491049104,98
2024-09-17 15:35:45.353000,408.3083306143854,997
2024-09-17 15:35:45.365000,408.3354643627976,997
2024-09-17 15:35:45.431000,408.29394021003407,12
2024-09-17 15:35:45.601000,408.3214759005277,12
2024-09-17 15:35:45.626000,408.3243981723984,1001
2024-09-17 15:35:45.672000,408.2983801068379,104
2024-09-17 15:35:45.986000,408.36039990904425,100
2024-09-17 15:35:46.202000,408.3418726756575,1003
2024-09-17 15:35:46.249000,408.32874353565046,996
2024-09-17 15:35:46.306000,408.3340388356325,997
2024-09-17 15:35:46.308000,408.34060336070695,11
2024-09-17 15:35:46.382000,408.3601528267857,96
2024-09-17 15:35:46.491000,408.330650606369,6
2024-09-17 15:35:46.693000,408.3249690538352,995
2024-09-17 15:35:46.789000,408.3287523805178,996
2024-09-17 15:35:46.794000,408.3237289353952,12
2024-09-17 15:35:46.880000,408.3527755973971,95
2024-09-17 15:35:46.984000,408.3195612511391,13
2024-09-17 15:35:47.109000,408.31312495776086,103
2024-09-17 15:35:47.260000,408.2872205341996,5
2024-09-17 15:35:47.325000,408.3033568335751,13
2024-09-17 15:35:47.367000,408.3472520713634,1000
2024-09-17 15:35:47.407000,408.3041410756695,96
2024-09-17 15:35:47.445000,408.2902852573955,101
2024-09-17 15:35:47.470000,408.3533258437139,8
2024-09-17 15:35:47.555000,408.3185351186905,98
2024-09-17 15:35:47.556000,408.307222418749,103
2024-09-17 15:35:47.584000,408.34170783954505,95
2024-09-17 15:35:47.649000,408.3296229694387,13
2024-09-17 15:35:47.683000,408.3166708137314,1001
2024-09-17 15:35:47.695000,408.3049399328687,8
2024-09-17 15:35:47.730000,408.3284430765515,11
2024-09-17 15:35:47.742000,408.3347561869787,5
2024-09-17 15:35:47.788000,408.3103734336305,100
2024-09-17 15:35:47.966000,408.3064984519813,103
2024-09-17 15:35:47.966000,408.2968047892675,1004
2024-09-17 15:35:48.053000,408.30058332789935,996
2024-09-17 15:35:48.058000,408.3386648238752,7
2024-09-17 15:35:48.064000,408.29515387653817,1002
2024-09-17 15:35:48.087000,408.3363151315884,13
2024-09-17 15:35:48.100000,408.3241149878159,99
2024-09-17 15:35:48.131000,408.309925671049,1000
2024-09-17 15:35:48.201000,408.3324053586872,998
2024-09-17 15:35:48.267000,408.29518763069575,95
2024-09-17 15:35:48.294000,408.3011006788615,1002
2024-09-17 15:35:48.405000,408.2974445872715,98
2024-09-17 15:35:48.415000,408.29964506127,9
2024-09-17 15:35:48.475000,408.294886153013,998
2024-09-17 15:35:48.587000,408.2803541813434,7
2024-09-17 15:35:48.617000,408.3358753905186,1004
2024-09-17 15:35:48.636000,408.2689490187588,101
2024-09-17 15:35:48.649000,408.2982416508337,13
2024-09-17 15:35:48.669000,408.3384527624606,998
2024-09-17 15:35:48.679000,408.3155401268834,1002
2024-09-17 15:35:48.684000,408.3258354847774,10
2024-09-17 15:35:48.708000,408.2869597372021,100
2024-09-17 15:35:48.793000,408.3174127130639,14
2024-09-17 15:35:48.797000,408.3131465088843,9
2024-09-17 15:35:48.804000,408.27396912722935,104
2024-09-17 15:35:48.857000,408.3103180495432,1002
2024-09-17 15:35:48.877000,408.2691331345846,9
2024-09-17 15:35:48.880000,408.2895357464173,1000
2024-09-17 15:35:48.992000,408.3247250035223,11
2024-09-17 15:35:49.256000,408.27868687943993,11
2024-09-17 15:35:49.274000,408.2768739697616,97
2024-09-17 15:35:49.493000,408.2933515817608,95
2024-09-17 15:35:49.648000,408.27535822114817,101
2024-09-17 15:35:49.678000,408.2714106268208,996
2024-09-17 15:35:49.719000,408.2592665074145,6
2024-09-17 15:35:49.894000,408.27334996091145,1004
2024-09-17 15:35:50.015000,408.30646795603695,10
2024-09-17 15:35:50.040000,408.23609520018863,997
2024-09-17 15:35:50.087000,408.2705393911728,996
2024-09-17 15:35:50.095000,408.221503197552,995
2024-09-17 15:35:50.188000,408.250887944149,99
2024-09-17 15:35:50.224000,408.267504983116,1003
2024-09-17 15:35:50.288000,408.2154186642738,14
2024-09-17 15:35:50.335000,408.2336181876668,98
2024-09-17 15:35:50.420000,408.241627079535,100
2024-09-17 15:35:50.478000,408.28654721619097,14
2024-09-17 15:35:50.584000,408.2633283272485,10
2024-09-17 15:35:50.633000,408.2601070072854,100
2024-09-17 15:35:50.659000,408.2247522048981,1004
2024-09-17 15:35:50.707000,408.2953801003608,11
2024-09-17 15:35:50.711000,408.2775144108129,7
2024-09-17 15:35:50.780000,408.2436834927771,6
2024-09-17 15:35:50.787000,408.2811042192874,6
2024-09-17 15:35:50.824000,408.2931590180879,103
2024-09-17 15:35:50.840000,408.2592908204002,12
2024-09-17 15:35:50.951000,408.2452122536272,996
2024-09-17 15:35:51.041000,408.24932578376377,15
2024-09-17 15:35:51.130000,408.2407567332145,98
2024-09-17 15:35:51.478000,408.2291989647114,96
2024-09-17 15:35:51.562000,408.2524826931365,98
2024-09-17 15:35:51.835000,408.2128917461394,10
2024-09-17 15:35:51.875000,408.238542737406,1000
2024-09-17 15:35:52.218000,408.2324293912449,1004
2024-09-17 15:35:52.353000,408.2258620502415,102
2024-09-17 15:35:52.419000,408.2408502848141,99
2024-09-17 15:35:52.442000,408.2367845812145,97
2024-09-17 15:35:52.443000,408.2273118334522,95
2024-09-17 15:35:52.559000,408.231167065045,14
2024-09-17 15:35:52.694000,408.2370703790404,14
2024-09-17 15:35:52.819000,408.2298400734293,6
2024-09-17 15:35:52.969000,408.23666336488,1002
2024-09-17 15:35:53.054000,408.2424320854883,97
2024-09-17 15:35:53.234000,408.2035483573077,96
2024-09-17 15:35:53.265000,408.23172212026685,7
2024-09-17 15:35:53.276000,408.2152144851508,14
2024-09-17 15:35:53.376000,408.2088146927848,14
2024-09-17 15:35:53.400000,408.2363497504645,97
2024-09-17 15:35:53.573000,408.2281321067577,103
2024-09-17 15:35:53.926000,408.21280046171705,996
2024-09-17 15:35:54.157000,408.1920943787544,995
2024-09-17 15:35:54.158000,408.1243393683313,96
2024-09-17 15:35:54.210000,408.1521464093158,1002
2024-09-17 15:35:54.333000,408.1354616257205,97
2024-09-17 15:35:54.352000,408.1197103268293,995
2024-09-17 15:35:54.363000,408.15527416140446,103
2024-09-17 15:35:54.511000,408.20693224964674,998
2024-09-17 15:35:54.561000,408.2003619088746,11
2024-09-17 15:35:54.607000,408.12798594179446,7
2024-09-17 15:35:54.612000,408.14588124675385,5
2024-09-17 15:35:54.646000,408.132672028372,95
2024-09-17 15:35:54.699000,408.15252839222535,9
2024-09-17 15:35:54.833000,408.15202832147264,103
2024-09-17 15:35:54.869000,408.117380510335,996
2024-09-17 15:35:54.961000,408.1455169777587,1005
2024-09-17 15:35:55.084000,408.1209747585552,999
2024-09-17 15:35:55.322000,408.0870626378577,15
2024-09-17 15:35:55.423000,408.1232627479974,995
2024-09-17 15:35:55.431000,408.09995368576807,99
2024-09-17 15:35:55.661000,408.09110730411487,8
2024-09-17 15:35:55.722000,408.0891565170009,11
2024-09-17 15:35:55.829000,408.0965158638554,99
2024-09-17 15:35:55.833000,408.1047832891397,105
2024-09-17 15:35:55.853000,408.1272921801498,997
2024-09-17 15:35:56.010000,408.0933719906969,995
2024-09-17 15:35:56.075000,408.0883316858688,99
2024-09-17 15:35:56.346000,408.0889254377607,13
2024-09-17 15:35:56.502000,408.0972880739328,12
2024-09-17 15:35:56.633000,408.0913663869465,97
2024-09-17 15:35:56.918000,408.0838027371704,97
2024-09-17 15:35:57.098000,408.0817085648538,997
2024-09-17 15:35:57.105000,408.0676456343813,1004
2024-09-17 15:35:57.121000,408.0619181636244,14
2024-09-17 15:35:57.144000,408.0631005063463,1001
2024-09-17 15:35:57.159000,408.0563667455233,101
2024-09-17 15:35:57.166000,408.0742651667278,5
2024-09-17 15:35:57.176000,408.0553139109781,998
2024-09-17 15:35:57.208000,408.0783260377536,102
2024-09-17 15:35:57.231000,408.05515188946737,10
2024-09-17 15:35:57.250000,408.0846319500051,13
2024-09-17 15:35:57.387000,408.1024525436047,1005
2024-09-17 15:35:57.446000,408.04844471528,96
2024-09-17 15:35:57.459000,408.05415538644985,8
2024-09-17 15:35:57.488000,408.05345760299525,10
2024-09-17 15:35:57.526000,408.0582870609127,13
2024-09-17 15:35:57.677000,408.0896860007908,1001
2024-09-17 15:35:57.679000,408.0680744892176,1002
2024-09-17 15:35:57.692000,408.0907156753464,11
2024-09-17 15:35:57.703000,408.059867103605,98
2024-09-17 15:35:57.714000,408.05525947743314,99
2024-09-17 15:35:57.719000,408.06725969923866,1002
2024-09-17 15:35:57.790000,408.077112576093,998
2024-09-17 15:35:57.835000,408.08974604158,100
2024-09-17 15:35:57.855000,408.0864085949965,1002
2024-09-17 15:35:57.871000,408.0575836925983,1005
2024-09-17 15:35:57.877000,408.08859603785294,999
2024-09-17 15:35:57.934000,408.06030773613526,105
2024-09-17 15:35:57.984000,408.07101431319177,99
2024-09-17 15:35:58.114000,408.0108158193392,5
2024-09-17 15:35:58.843000,408.03392911188513,12
2024-09-17 15:35:58.969000,408.0226249396083,6
