Timestamp,Price,Size
2024-09-17 14:47:00.011000,408.11004729747947,1003
2024-09-17 14:47:00.122000,408.1217898453919,15
2024-09-17 14:47:00.323000,408.1306141672359,1001
2024-09-17 14:47:00.374000,408.1382661312743,14
2024-09-17 14:47:00.395000,408.11104032355536,13
2024-09-17 14:47:00.434000,408.1496986962655,96
2024-09-17 14:47:00.541000,408.1274719251536,7
2024-09-17 14:47:00.549000,408.1212037800742,102
2024-09-17 14:47:00.557000,408.1039272462364,100
2024-09-17 14:47:00.666000,408.14052831716674,101
2024-09-17 14:47:00.745000,408.1455669895199,1005
2024-09-17 14:47:00.787000,408.1112270699558,1001
2024-09-17 14:47:00.885000,408.1474848674404,102
2024-09-17 14:47:00.974000,408.1318361572128,99
2024-09-17 14:47:01.080000,408.10784170943504,14
2024-09-17 14:47:01.327000,408.15483999468887,9
2024-09-17 14:47:01.499000,408.1421337347962,11
2024-09-17 14:47:01.636000,408.12533092435217,996
2024-09-17 14:47:01.777000,408.1217840333999,995
2024-09-17 14:47:01.836000,408.1245432981273,99
2024-09-17 14:47:02.028000,408.1445207377798,11
2024-09-17 14:47:02.662000,408.1575038964677,105
2024-09-17 14:47:02.760000,408.1594777837632,102
2024-09-17 14:47:03.037000,408.20493322716953,95
2024-09-17 14:47:03.060000,408.2089725000644,1001
2024-09-17 14:47:03.154000,408.2018046199381,14
2024-09-17 14:47:03.241000,408.1835301621092,1005
2024-09-17 14:47:03.279000,408.1720111245127,1003
2024-09-17 14:47:03.322000,408.14238699197824,1005
2024-09-17 14:47:03.335000,408.1980745620948,10
2024-09-17 14:47:03.477000,408.1781187930096,9
2024-09-17 14:47:03.611000,408.1892462253816,7
2024-09-17 14:47:03.615000,408.2019104236637,1005
2024-09-17 14:47:03.714000,408.1443882117836,6
2024-09-17 14:47:03.903000,408.19581880642096,99
2024-09-17 14:47:03.932000,408.2043534015413,98
2024-09-17 14:47:04.026000,408.18829638394607,104
2024-09-17 14:47:04.049000,408.2106310478615,103
2024-09-17 14:47:04.239000,408.2015572427336,98
2024-09-17 14:47:04.317000,408.1962993201104,103
2024-09-17 14:47:04.740000,408.19149820645634,10
2024-09-17 14:47:05.118000,408.17970952678354,102
2024-09-17 14:47:05.138000,408.1696130166688,9
2024-09-17 14:47:05.388000,408.19852314798726,1001
2024-09-17 14:47:05.456000,408.1943780977475,15
2024-09-17 14:47:05.483000,408.17525160917086,995
2024-09-17 14:47:05.508000,408.19270579465984,8
2024-09-17 14:47:05.579000,408.19719343902494,14
2024-09-17 14:47:05.694000,408.1886894058984,1001
2024-09-17 14:47:05.756000,408.1919525649755,98
2024-09-17 14:47:06.075000,408.1930013640694,97
2024-09-17 14:47:06.135000,408.2163742767651,996
2024-09-17 14:47:06.140000,408.2146590450206,1003
2024-09-17 14:47:06.161000,408.2220420523761,999
2024-09-17 14:47:06.210000,408.1978473342077,103
2024-09-17 14:47:06.239000,408.2160098823833,997
2024-09-17 14:47:06.401000,408.2312997789532,12
2024-09-17 14:47:06.415000,408.1982035172192,95
2024-09-17 14:47:06.840000,408.20179864204925,1005
2024-09-17 14:47:06.885000,408.1997776847352,5
2024-09-17 14:47:06.946000,408.1999133051318,14
2024-09-17 14:47:07.040000,408.2576338715468,1003
2024-09-17 14:47:07.136000,408.2799421742316,99
2024-09-17 14:47:07.195000,408.2898003628155,8
2024-09-17 14:47:07.398000,408.2880561991297,1001
2024-09-17 14:47:07.453000,408.2867144840637,5
2024-09-17 14:47:07.478000,408.2475207585892,12
2024-09-17 14:47:07.499000,408.2599287654118,103
2024-09-17 14:47:07.663000,408.2426001361108,97
2024-09-17 14:47:07.709000,408.278788455462,97
2024-09-17 14:47:07.782000,408.2509547266107,97
2024-09-17 14:47:07.787000,408.2420397288468,95
2024-09-17 14:47:07.879000,408.2395182934378,1002
2024-09-17 14:47:07.980000,408.29402287687566,12
2024-09-17 14:47:08.020000,408.2911733923289,104
2024-09-17 14:47:08.065000,408.2847685336594,104
2024-09-17 14:47:08.110000,408.3039709529605,105
2024-09-17 14:47:08.129000,408.30205035092456,101
2024-09-17 14:47:08.142000,408.296077718859,10
2024-09-17 14:47:08.236000,408.2985126007743,10
2024-09-17 14:47:08.301000,408.2542009997776,101
2024-09-17 14:47:08.317000,408.3121312370503,996
2024-09-17 14:47:08.347000,408.3048998503541,1003
2024-09-17 14:47:08.430000,408.30970313903936,95
2024-09-17 14:47:08.435000,408.2863250581505,97
2024-09-17 14:47:08.579000,408.303361360972,13
2024-09-17 14:47:08.625000,408.2936658732805,13
2024-09-17 14:47:08.647000,408.2997679553692,104
2024-09-17 14:47:08.657000,408.2704992609338,1002
2024-09-17 14:47:08.686000,408.259891337255,95
2024-09-17 14:47:08.720000,408.3016962152354,1003
2024-09-17 14:47:08.728000,408.3059939676633,95
2024-09-17 14:47:08.751000,408.29757755607625,10
2024-09-17 14:47:08.761000,408.3163957644794,8
2024-09-17 14:47:08.764000,408.29951631186645,1001
2024-09-17 14:47:08.862000,408.28374446758494,99
2024-09-17 14:47:08.888000,408.27767129438536,103
2024-09-17 14:47:08.889000,408.3046132492374,14
2024-09-17 14:47:08.900000,408.2709719793037,995
2024-09-17 14:47:08.963000,408.286552803895,1002
2024-09-17 14:47:09.073000,408.2468839687886,97
2024-09-17 14:47:09.109000,408.2467503779597,12
2024-09-17 14:47:09.114000,408.2541827392515,102
2024-09-17 14:47:09.149000,408.2626637535956,5
2024-09-17 14:47:09.212000,408.2709378692874,95
2024-09-17 14:47:09.322000,408.257466470813,101
2024-09-17 14:47:09.344000,408.2474373851398,1000
2024-09-17 14:47:09.553000,408.2566221071861,101
2024-09-17 14:47:09.601000,408.2412613674225,997
2024-09-17 14:47:09.707000,408.25448231377607,103
2024-09-17 14:47:09.787000,408.2635196717944,98
2024-09-17 14:47:10.045000,408.2331360800076,8
2024-09-17 14:47:10.123000,408.22784716610926,97
2024-09-17 14:47:10.133000,408.214479108548,1002
2024-09-17 14:47:10.174000,408.23688810136014,996
2024-09-17 14:47:10.253000,408.2395651678555,11
2024-09-17 14:47:10.334000,408.2360122156419,13
2024-09-17 14:47:10.343000,408.2444629088545,101
2024-09-17 14:47:10.696000,408.2424522741079,996
2024-09-17 14:47:10.858000,408.2336243171257,1003
2024-09-17 14:47:10.860000,408.2079520377747,997
2024-09-17 14:47:11.004000,408.1927513213309,1001
2024-09-17 14:47:11.027000,408.1623099949185,1002
2024-09-17 14:47:11.042000,408.1246525787519,100
2024-09-17 14:47:11.074000,408.1760408968978,99
2024-09-17 14:47:11.218000,408.1911862928013,5
2024-09-17 14:47:11.235000,408.1522853566168,5
2024-09-17 14:47:11.284000,408.1814925309711,995
2024-09-17 14:47:11.292000,408.15633818086354,99
2024-09-17 14:47:11.294000,408.1592473393028,995
2024-09-17 14:47:11.305000,408.1956979157816,12
2024-09-17 14:47:11.438000,408.1130945529267,97
2024-09-17 14:47:11.453000,408.1792465420374,10
2024-09-17 14:47:11.464000,408.1733959277821,99
2024-09-17 14:47:11.501000,408.1639514271162,14
2024-09-17 14:47:11.521000,408.18225334214816,1004
2024-09-17 14:47:11.615000,408.1098832415105,10
2024-09-17 14:47:11.635000,408.2042693314046,997
2024-09-17 14:47:11.677000,408.1762994323414,1004
2024-09-17 14:47:11.721000,408.13369871552914,103
2024-09-17 14:47:11.768000,408.1682223820744,15
2024-09-17 14:47:11.789000,408.16848822398,14
2024-09-17 14:47:11.851000,408.1362535650538,8
2024-09-17 14:47:11.897000,408.16526448965385,1002
2024-09-17 14:47:11.903000,408.16332122591,100
2024-09-17 14:47:11.997000,408.1731829912858,5
2024-09-17 14:47:11.999000,408.1737955364737,100
2024-09-17 14:47:12.106000,408.0694716407775,1004
2024-09-17 14:47:12.227000,408.0902455280776,998
2024-09-17 14:47:12.312000,408.1310989397817,997
2024-09-17 14:47:12.331000,408.0895320093906,1004
2024-09-17 14:47:12.410000,408.1229226598869,12
2024-09-17 14:47:12.503000,408.0989154265743,97
2024-09-17 14:47:12.519000,408.07203547318096,14
2024-09-17 14:47:12.736000,408.0833310332756,6
2024-09-17 14:47:12.741000,408.0619718375802,5
2024-09-17 14:47:12.893000,408.1028738719469,9
2024-09-17 14:47:12.903000,408.12011665864327,97
2024-09-17 14:47:12.906000,408.1080905556153,12
2024-09-17 14:47:12.916000,408.10540454201487,100
2024-09-17 14:47:12.940000,408.0708838074994,11
2024-09-17 14:47:12.944000,408.06075205362686,10
2024-09-17 14:47:13.003000,408.1368603019996,14
2024-09-17 14:47:13.342000,408.1270176600706,11
2024-09-17 14:47:13.394000,408.12584744372936,1004
2024-09-17 14:47:13.528000,408.1242487896921,103
2024-09-17 14:47:13.545000,408.1328387239752,13
2024-09-17 14:47:13.833000,408.1021837576863,997
2024-09-17 14:47:13.883000,408.12211563712685,1002
2024-09-17 14:47:14.088000,408.1301693759391,1005
2024-09-17 14:47:14.090000,408.13739002751805,100
2024-09-17 14:47:14.108000,408.1395479826687,102
2024-09-17 14:47:14.233000,408.10474619141786,102
2024-09-17 14:47:14.507000,408.1303375101616,13
2024-09-17 14:47:14.645000,408.09794615721415,8
2024-09-17 14:47:14.744000,408.1208919893997,7
2024-09-17 14:47:14.891000,408.1004086600299,99
2024-09-17 14:47:14.983000,408.1215091174047,101
2024-09-17 14:47:15.089000,408.06555389201895,11
2024-09-17 14:47:15.101000,408.058232416221,105
2024-09-17 14:47:15.166000,408.1068077256971,105
2024-09-17 14:47:15.183000,408.1385950686384,1002
2024-09-17 14:47:15.214000,408.0750471178728,1003
2024-09-17 14:47:15.235000,408.0837522284606,99
2024-09-17 14:47:15.237000,408.09891238904896,97
2024-09-17 14:47:15.327000,408.1174284613538,100
2024-09-17 14:47:15.355000,408.098564050825,10
2024-09-17 14:47:15.415000,408.0885073574712,102
2024-09-17 14:47:15.426000,408.0622699792359,102
2024-09-17 14:47:15.426000,408.1126475388687,100
2024-09-17 14:47:15.461000,408.088849543709,1004
2024-09-17 14:47:15.476000,408.0662545836449,999
2024-09-17 14:47:15.491000,408.0718402776279,7
2024-09-17 14:47:15.528000,408.1059019121766,104
2024-09-17 14:47:15.536000,408.0833270607095,102
2024-09-17 14:47:15.560000,408.0719112907976,1001
2024-09-17 14:47:15.665000,408.0631501419445,997
2024-09-17 14:47:15.680000,408.0697144038489,6
2024-09-17 14:47:15.737000,408.1049491704413,9
2024-09-17 14:47:15.761000,408.1309215723667,95
2024-09-17 14:47:15.858000,408.1406995445528,998
2024-09-17 14:47:15.879000,408.0774059107954,105
2024-09-17 14:47:15.992000,408.0791705733343,10
2024-09-17 14:47:16.120000,408.0805770718047,12
2024-09-17 14:47:16.220000,408.0748246420858,997
2024-09-17 14:47:16.401000,408.0591317753948,13
2024-09-17 14:47:16.440000,408.05698079706366,995
2024-09-17 14:47:16.476000,408.0787278371339,999
2024-09-17 14:47:16.657000,408.0602526065601,10
2024-09-17 14:47:16.728000,408.0535442532922,96
2024-09-17 14:47:17.111000,408.0648960182861,1005
2024-09-17 14:47:17.219000,408.0383174452019,15
2024-09-17 14:47:17.245000,408.0603340537242,1000
2024-09-17 14:47:17.598000,408.0614917110485,97
2024-09-17 14:47:17.708000,408.048567395621,15
2024-09-17 14:47:17.724000,408.0646690691463,12
2024-09-17 14:47:17.780000,408.0655791572749,97
2024-09-17 14:47:17.840000,408.0744026314961,100
2024-09-17 14:47:17.986000,408.0469459487523,13
2024-09-17 14:47:18.574000,408.0845383349398,15
2024-09-17 14:47:18.924000,408.07071495686233,95
2024-09-17 14:47:19.005000,408.0434423202661,14
2024-09-17 14:47:19.048000,408.0580884796423,104
2024-09-17 14:47:19.295000,408.0763513270901,5
2024-09-17 14:47:19.367000,408.0492288495031,996
2024-09-17 14:47:19.597000,408.0383209612384,7
2024-09-17 14:47:19.803000,408.078680801849,100
2024-09-17 14:47:20.124000,408.0328808814298,6
2024-09-17 14:47:20.126000,408.04455619864433,105
2024-09-17 14:47:20.246000,408.1103258793744,10
2024-09-17 14:47:20.274000,408.0507774995499,96
2024-09-17 14:47:20.283000,408.0769617709013,13
2024-09-17 14:47:20.287000,408.0268503233565,1003
2024-09-17 14:47:20.292000,408.0018079519699,98
2024-09-17 14:47:20.294000,408.0990656804498,1005
2024-09-17 14:47:20.348000,408.01793916316046,96
2024-09-17 14:47:20.352000,408.10249119152894,5
2024-09-17 14:47:20.354000,408.0193468626106,5
2024-09-17 14:47:20.452000,408.0430127615381,98
2024-09-17 14:47:20.473000,408.0295979526259,996
2024-09-17 14:47:20.473000,407.9949661878508,12
2024-09-17 14:47:20.474000,408.0835429908214,999
2024-09-17 14:47:20.569000,408.0485057250249,997
2024-09-17 14:47:20.606000,408.06336033190274,11
2024-09-17 14:47:20.637000,408.0419695582912,96
2024-09-17 14:47:20.694000,408.0270510682392,97
2024-09-17 14:47:20.764000,408.1083680602978,99
2024-09-17 14:47:20.779000,408.0617425933966,100
2024-09-17 14:47:20.836000,408.02964342365976,101
2024-09-17 14:47:20.845000,408.1140342104912,1000
2024-09-17 14:47:20.854000,408.0277660379381,13
2024-09-17 14:47:20.957000,408.0313461285431,8
2024-09-17 14:47:20.984000,408.0203140500257,1004
2024-09-17 14:47:21.032000,408.09063111665,7
2024-09-17 14:47:21.040000,408.0961227015185,996
2024-09-17 14:47:21.101000,408.12212344058537,13
2024-09-17 14:47:21.180000,408.1545598155201,1000
2024-09-17 14:47:21.193000,408.2073339199275,99
2024-09-17 14:47:21.205000,408.1014840653679,995
2024-09-17 14:47:21.224000,408.20796729998006,97
2024-09-17 14:47:21.252000,408.15365512080905,1003
2024-09-17 14:47:21.320000,408.14339934490937,1002
2024-09-17 14:47:21.389000,408.1058844808003,1004
2024-09-17 14:47:21.398000,408.1045628198993,8
2024-09-17 14:47:21.412000,408.1841123151824,6
2024-09-17 14:47:21.480000,408.1662412279284,13
2024-09-17 14:47:21.489000,408.1377581797007,9
2024-09-17 14:47:21.554000,408.1867718674093,102
2024-09-17 14:47:21.616000,408.1212997336209,5
2024-09-17 14:47:21.627000,408.1759168059222,10
2024-09-17 14:47:21.643000,408.1082343659736,13
2024-09-17 14:47:21.674000,408.1545093802258,1001
2024-09-17 14:47:21.697000,408.1050770349229,1002
2024-09-17 14:47:21.718000,408.1518641941432,998
2024-09-17 14:47:21.741000,408.0940924567496,11
2024-09-17 14:47:21.802000,408.1550689107203,997
2024-09-17 14:47:21.836000,408.0871081736525,996
2024-09-17 14:47:21.847000,408.0963308765854,1003
2024-09-17 14:47:21.905000,408.1597560926935,998
2024-09-17 14:47:21.934000,408.0967026327594,10
2024-09-17 14:47:21.975000,408.0939816832833,999
2024-09-17 14:47:22.054000,408.1788982471999,1004
2024-09-17 14:47:22.171000,408.1885787747894,996
2024-09-17 14:47:22.181000,408.1780519173603,12
2024-09-17 14:47:22.193000,408.1828238505958,104
2024-09-17 14:47:22.248000,408.1721580179913,103
2024-09-17 14:47:22.275000,408.1763337667825,1003
2024-09-17 14:47:22.301000,408.164460763149,99
2024-09-17 14:47:22.350000,408.1712618404863,1000
2024-09-17 14:47:22.351000,408.1784177159247,98
2024-09-17 14:47:22.365000,408.1582574189162,1000
2024-09-17 14:47:22.537000,408.1704716923399,102
2024-09-17 14:47:22.580000,408.1864964919859,1005
2024-09-17 14:47:22.700000,408.18810605070126,101
2024-09-17 14:47:22.796000,408.18647178789365,104
2024-09-17 14:47:22.882000,408.18768525120726,1000
2024-09-17 14:47:22.894000,408.18684954646847,14
2024-09-17 14:47:22.904000,408.1939449803504,101
2024-09-17 14:47:22.933000,408.1585488081918,9
2024-09-17 14:47:22.938000,408.1867789902353,102
2024-09-17 14:47:22.995000,408.1656545822683,14
2024-09-17 14:47:23.553000,408.1619350988793,998
2024-09-17 14:47:23.946000,408.1618598803669,12
2024-09-17 14:47:24.001000,408.18910522843305,101
2024-09-17 14:47:24.064000,408.1741899877186,102
2024-09-17 14:47:24.093000,408.1831867296817,101
2024-09-17 14:47:24.096000,408.1623770829445,97
2024-09-17 14:47:24.384000,408.1615750574447,1000
2024-09-17 14:47:24.395000,408.1366665902912,1001
2024-09-17 14:47:24.464000,408.1603502533768,1000
2024-09-17 14:47:24.500000,408.1537258573016,10
2024-09-17 14:47:24.551000,408.1596027499023,99
2024-09-17 14:47:24.561000,408.13762741805215,15
2024-09-17 14:47:24.566000,408.1308996534608,1003
2024-09-17 14:47:24.646000,408.1159365247764,15
2024-09-17 14:47:24.652000,408.155980007198,101
2024-09-17 14:47:24.706000,408.1796807290111,1003
2024-09-17 14:47:24.722000,408.12044052467314,95
2024-09-17 14:47:24.754000,408.1683840228824,998
2024-09-17 14:47:24.779000,408.1611127760244,98
2024-09-17 14:47:24.816000,408.12998071674,99
2024-09-17 14:47:24.851000,408.1341870687966,100
2024-09-17 14:47:25.141000,408.20084232872176,99
2024-09-17 14:47:25.197000,408.20936598624974,995
2024-09-17 14:47:25.208000,408.19116605447954,995
2024-09-17 14:47:25.231000,408.2032610307597,97
2024-09-17 14:47:25.285000,408.2014426655403,8
2024-09-17 14:47:25.305000,408.2037494850236,11
2024-09-17 14:47:25.463000,408.1772299902984,995
2024-09-17 14:47:25.494000,408.1750952122819,95
2024-09-17 14:47:25.721000,408.20055964534185,95
2024-09-17 14:47:25.729000,408.20650598764377,5
2024-09-17 14:47:25.759000,408.2009293747684,6
2024-09-17 14:47:25.870000,408.1790128522493,11
2024-09-17 14:47:25.873000,408.1930073253232,1003
2024-09-17 14:47:25.949000,408.2043319644888,995
2024-09-17 14:47:25.982000,408.186542469195,10
2024-09-17 14:47:26.020000,408.19687261474616,104
2024-09-17 14:47:26.068000,408.1986388097783,997
2024-09-17 14:47:26.154000,408.20276775429767,998
2024-09-17 14:47:26.199000,408.2104069172493,10
2024-09-17 14:47:26.228000,408.21621686967495,14
2024-09-17 14:47:26.451000,408.2013338471714,99
2024-09-17 14:47:26.717000,408.2272883880356,8
2024-09-17 14:47:26.732000,408.2196602523314,14
2024-09-17 14:47:27.039000,408.2320764004409,10
2024-09-17 14:47:27.065000,408.2174496975544,1002
2024-09-17 14:47:27.124000,408.2407207649152,105
2024-09-17 14:47:27.154000,408.21379979374007,100
2024-09-17 14:47:27.265000,408.2397642729243,998
2024-09-17 14:47:27.290000,408.20244829136976,11
2024-09-17 14:47:27.305000,408.1874430183275,996
2024-09-17 14:47:27.450000,408.2557321608334,7
2024-09-17 14:47:27.463000,408.2277098495177,6
2024-09-17 14:47:27.466000,408.2025761261911,998
2024-09-17 14:47:27.466000,408.2003006592644,995
2024-09-17 14:47:27.501000,408.20054834943966,1003
2024-09-17 14:47:27.506000,408.1911543360093,101
2024-09-17 14:47:27.507000,408.2072811406761,8
2024-09-17 14:47:27.513000,408.2387014295567,13
2024-09-17 14:47:27.556000,408.21849910394224,10
2024-09-17 14:47:27.606000,408.19317953149647,101
2024-09-17 14:47:27.676000,408.1952096422271,11
2024-09-17 14:47:27.684000,408.2020545704838,996
2024-09-17 14:47:27.748000,408.24236786113966,1002
2024-09-17 14:47:27.794000,408.2095742846224,100
2024-09-17 14:47:27.955000,408.2218882427535,104
2024-09-17 14:47:28.010000,408.165660037556,9
2024-09-17 14:47:28.205000,408.1345355011906,1001
2024-09-17 14:47:28.401000,408.1638307711933,11
2024-09-17 14:47:28.500000,408.12195215516016,96
2024-09-17 14:47:28.873000,408.1968272135565,1001
2024-09-17 14:47:28.925000,408.15466595859647,9
2024-09-17 14:47:29.018000,408.0963598375471,997
2024-09-17 14:47:29.057000,408.1099504432315,14
2024-09-17 14:47:29.062000,408.0521850970288,104
2024-09-17 14:47:29.066000,408.045399527657,999
2024-09-17 14:47:29.067000,408.0480210203311,8
2024-09-17 14:47:29.082000,408.0753719109416,998
2024-09-17 14:47:29.082000,408.0633959353882,5
2024-09-17 14:47:29.099000,408.05343811742097,14
2024-09-17 14:47:29.239000,408.0469891646334,1002
2024-09-17 14:47:29.280000,408.0329369429704,95
2024-09-17 14:47:29.293000,408.0172194355771,11
2024-09-17 14:47:29.297000,408.0124450680309,997
2024-09-17 14:47:29.324000,408.0492306527215,100
2024-09-17 14:47:29.330000,408.04966842916633,14
2024-09-17 14:47:29.439000,408.0503358031265,12
2024-09-17 14:47:29.499000,408.0412066018802,995
2024-09-17 14:47:29.502000,408.1064321742621,5
2024-09-17 14:47:29.552000,408.04564714136393,105
2024-09-17 14:47:29.553000,408.04624461533535,15
2024-09-17 14:47:29.615000,408.0594378479824,6
2024-09-17 14:47:29.684000,408.0420759408317,15
2024-09-17 14:47:29.913000,408.045365444326,15
2024-09-17 14:47:29.937000,408.0872238839352,1002
2024-09-17 14:47:29.961000,408.02746508823833,6
2024-09-17 14:47:30.007000,408.0601532866528,999
2024-09-17 14:47:30.007000,408.0536047429829,9
2024-09-17 14:47:30.031000,415.71182729012384,996
2024-09-17 14:47:30.092000,408.1050576740524,1000
2024-09-17 14:47:30.096000,408.0674945639988,995
2024-09-17 14:47:30.129000,408.1033918149892,9
2024-09-17 14:47:30.206000,408.1033406910834,7
2024-09-17 14:47:30.215000,408.0583697558892,97
2024-09-17 14:47:30.224000,408.07888000186745,102
2024-09-17 14:47:30.277000,408.1128429404603,1001
2024-09-17 14:47:30.445000,408.0183902491268,1003
2024-09-17 14:47:30.484000,408.0363724970477,96
2024-09-17 14:47:30.486000,408.0334237604042,995
2024-09-17 14:47:30.488000,408.0896164756964,10
2024-09-17 14:47:30.512000,408.0684543991079,7
2024-09-17 14:47:30.542000,408.078279717441,97
2024-09-17 14:47:30.546000,408.11258664817854,99
2024-09-17 14:47:30.598000,408.06491340787767,14
2024-09-17 14:47:30.630000,408.10845900310176,1000
2024-09-17 14:47:30.637000,408.0409635308616,97
2024-09-17 14:47:30.648000,408.0271701084457,9
2024-09-17 14:47:30.946000,408.1004612926599,96
2024-09-17 14:47:30.997000,408.06386999933767,9
2024-09-17 14:47:31.004000,408.0274845334878,6
2024-09-17 14:47:31.029000,407.95294343071,12
2024-09-17 14:47:31.057000,407.9703794606249,9
2024-09-17 14:47:31.063000,407.97604232136143,11
2024-09-17 14:47:31.072000,408.0532669489074,101
2024-09-17 14:47:31.158000,408.0490766925659,11
2024-09-17 14:47:31.198000,407.9605068894771,999
2024-09-17 14:47:31.234000,407.95272565727566,1005
2024-09-17 14:47:31.280000,408.0142372026255,101
2024-09-17 14:47:31.419000,408.0186000272365,5
2024-09-17 14:47:31.435000,408.0319086454749,105
2024-09-17 14:47:31.456000,407.98618260937,11
2024-09-17 14:47:31.507000,407.975616147471,1002
2024-09-17 14:47:31.520000,407.9472065974105,100
2024-09-17 14:47:31.529000,407.951686485887,14
2024-09-17 14:47:31.554000,407.9662042088028,13
2024-09-17 14:47:31.560000,407.96962692371113,104
2024-09-17 14:47:31.721000,407.9642670288171,11
2024-09-17 14:47:31.903000,408.040892339065,96
2024-09-17 14:47:32.068000,407.98495445577305,104
2024-09-17 14:47:32.097000,407.9779164518867,1004
2024-09-17 14:47:32.125000,408.0052669572623,5
2024-09-17 14:47:32.207000,407.998399528429,998
2024-09-17 14:47:32.262000,407.9955845098714,105
2024-09-17 14:47:32.451000,407.9841534518512,1003
2024-09-17 14:47:32.463000,407.97746688295246,95
2024-09-17 14:47:32.541000,407.9885273358551,999
2024-09-17 14:47:32.562000,407.9997160619616,1002
2024-09-17 14:47:32.568000,407.9702552325811,1001
2024-09-17 14:47:32.608000,407.981409090567,997
2024-09-17 14:47:32.722000,407.9921234991709,996
2024-09-17 14:47:32.784000,407.98867166084045,13
2024-09-17 14:47:32.961000,407.9911839924718,11
2024-09-17 14:47:33.053000,408.0203918784528,1002
2024-09-17 14:47:33.089000,408.0249016010866,7
2024-09-17 14:47:33.107000,408.05715954302445,100
2024-09-17 14:47:33.177000,408.015675883493,998
2024-09-17 14:47:33.256000,408.0301230719596,6
2024-09-17 14:47:33.412000,408.0496779576594,8
2024-09-17 14:47:33.463000,408.050934792942,7
2024-09-17 14:47:33.474000,408.0240102717083,13
2024-09-17 14:47:33.496000,408.0303474863241,98
2024-09-17 14:47:33.503000,408.0049944017885,13
2024-09-17 14:47:33.518000,408.00311815262586,105
2024-09-17 14:47:33.526000,408.0496886056972,104
2024-09-17 14:47:33.534000,408.0254275619506,104
2024-09-17 14:47:33.537000,408.04979598515297,98
2024-09-17 14:47:33.558000,408.0295008857808,104
2024-09-17 14:47:33.699000,408.0364749440166,997
2024-09-17 14:47:33.821000,408.027055332392,105
2024-09-17 14:47:33.862000,408.0289593644901,97
2024-09-17 14:47:33.909000,408.0375977521937,105
2024-09-17 14:47:34.023000,407.9969677235183,95
2024-09-17 14:47:34.054000,407.9812076087913,1000
2024-09-17 14:47:34.061000,415.66967561610153,998
2024-09-17 14:47:34.090000,407.998001316744,1005
2024-09-17 14:47:34.099000,408.0117900752302,8
2024-09-17 14:47:34.245000,407.9758106950279,105
2024-09-17 14:47:34.297000,408.0138097162852,15
2024-09-17 14:47:34.376000,408.0058339731045,104
2024-09-17 14:47:34.385000,408.0126340282855,6
2024-09-17 14:47:34.420000,407.9795706293003,11
2024-09-17 14:47:34.501000,407.9580248890254,1005
2024-09-17 14:47:34.506000,407.9602620645159,15
2024-09-17 14:47:34.564000,407.977494208401,1000
2024-09-17 14:47:34.690000,407.9981132543563,1004
2024-09-17 14:47:34.691000,407.9691627993808,6
2024-09-17 14:47:34.719000,407.9941053478334,101
2024-09-17 14:47:34.865000,407.98592217601936,995
2024-09-17 14:47:34.937000,408.0068334786873,1005
2024-09-17 14:47:34.977000,407.9855908436788,97
2024-09-17 14:47:35.038000,408.0464453661456,103
2024-09-17 14:47:35.151000,408.0500588086914,10
2024-09-17 14:47:35.216000,408.0250894142516,104
2024-09-17 14:47:35.670000,408.0284159671506,100
2024-09-17 14:47:35.724000,408.0317240164235,10
2024-09-17 14:47:35.954000,408.0406417152903,14
2024-09-17 14:47:35.958000,408.0286742318471,999
2024-09-17 14:47:35.987000,408.04671588087785,95
2024-09-17 14:47:35.992000,408.0229451029823,1002
2024-09-17 14:47:36.050000,408.0510757916372,104
2024-09-17 14:47:36.061000,408.0843487232976,1005
2024-09-17 14:47:36.216000,408.0405919855419,999
2024-09-17 14:47:36.259000,408.0761838507428,103
2024-09-17 14:47:36.638000,408.0807249033584,10
2024-09-17 14:47:36.752000,408.07839257414673,1002
2024-09-17 14:47:36.839000,408.0583904033792,1002
2024-09-17 14:47:36.842000,408.07842164880486,103
2024-09-17 14:47:36.901000,408.07041328447406,7
2024-09-17 14:47:37.017000,408.062027405442,1000
2024-09-17 14:47:37.021000,408.0910950321148,1004
2024-09-17 14:47:37.029000,408.078049728785,99
2024-09-17 14:47:37.194000,408.04210729634434,103
2024-09-17 14:47:37.292000,408.0774883689666,7
2024-09-17 14:47:37.350000,408.0883363837037,5
2024-09-17 14:47:37.357000,408.039895198072,104
2024-09-17 14:47:37.398000,408.0607092117689,103
2024-09-17 14:47:37.410000,408.0698751592322,95
2024-09-17 14:47:37.443000,408.0837465251363,11
2024-09-17 14:47:37.500000,408.0722905647014,15
2024-09-17 14:47:37.524000,408.0732916543608,15
2024-09-17 14:47:37.563000,408.0756935819461,997
2024-09-17 14:47:37.787000,408.08250776842897,11
2024-09-17 14:47:37.793000,408.0391475926523,95
2024-09-17 14:47:37.816000,408.0602272368768,12
2024-09-17 14:47:37.891000,408.0354279118388,103
2024-09-17 14:47:38.003000,408.1600225054024,97
2024-09-17 14:47:38.043000,408.1420614008368,12
2024-09-17 14:47:38.081000,408.110518160534,99
2024-09-17 14:47:38.107000,408.1061561894713,102
2024-09-17 14:47:38.128000,408.1263134835574,95
2024-09-17 14:47:38.195000,408.0910704806458,1003
2024-09-17 14:47:38.217000,408.0864430420666,98
2024-09-17 14:47:38.237000,408.12448448054334,14
2024-09-17 14:47:38.259000,408.109481008681,97
2024-09-17 14:47:38.278000,408.0845067701722,9
2024-09-17 14:47:38.298000,408.1207420937793,998
2024-09-17 14:47:38.364000,408.1252440476932,97
2024-09-17 14:47:38.391000,408.0785911752199,12
2024-09-17 14:47:38.396000,408.10429686720175,102
2024-09-17 14:47:38.404000,408.0921692805592,10
2024-09-17 14:47:38.414000,408.1413514732142,1001
2024-09-17 14:47:38.415000,408.1348248875532,100
2024-09-17 14:47:38.526000,408.1305131735873,105
2024-09-17 14:47:38.572000,408.13919595302593,102
2024-09-17 14:47:38.642000,408.1010255186536,13
2024-09-17 14:47:38.655000,408.1468791292047,5
2024-09-17 14:47:38.736000,408.0862560337068,96
2024-09-17 14:47:38.746000,408.1109526654694,1002
2024-09-17 14:47:38.752000,408.0968709061633,10
2024-09-17 14:47:38.831000,408.1072157274165,103
2024-09-17 14:47:38.903000,408.1255215710201,14
2024-09-17 14:47:39.024000,408.0971321972606,101
2024-09-17 14:47:39.029000,408.1041711488828,999
2024-09-17 14:47:39.266000,408.1133305007669,12
2024-09-17 14:47:39.334000,408.11809561079934,1000
2024-09-17 14:47:39.369000,408.1068642573061,102
2024-09-17 14:47:39.371000,408.1327964916348,95
2024-09-17 14:47:39.477000,408.1179011585475,13
2024-09-17 14:47:39.484000,408.1159201079131,98
2024-09-17 14:47:39.497000,408.1147833371057,10
2024-09-17 14:47:39.585000,408.13650393186936,102
2024-09-17 14:47:39.625000,408.1407763691528,1002
2024-09-17 14:47:39.760000,408.11288575427926,9
2024-09-17 14:47:39.830000,408.105928389137,11
2024-09-17 14:47:39.849000,408.1236168720615,1003
2024-09-17 14:47:39.856000,408.1278597543009,10
2024-09-17 14:47:39.902000,408.12019215716754,12
2024-09-17 14:47:39.915000,408.11423924661307,7
2024-09-17 14:47:39.934000,408.1286451774101,6
2024-09-17 14:47:39.984000,408.1102492034863,101
2024-09-17 14:47:39.985000,408.1240589055337,6
2024-09-17 14:47:40.052000,408.2080924457297,1001
2024-09-17 14:47:40.094000,408.1977765248658,99
2024-09-17 14:47:40.140000,408.1877236465098,13
2024-09-17 14:47:40.236000,408.1707816669677,97
2024-09-17 14:47:40.280000,408.1559953838115,98
2024-09-17 14:47:40.335000,408.1659448665323,1004
2024-09-17 14:47:40.353000,408.1871973253148,1001
2024-09-17 14:47:40.363000,408.1656972651432,996
2024-09-17 14:47:40.367000,408.1666920448206,1002
2024-09-17 14:47:40.609000,408.1582827570103,15
2024-09-17 14:47:40.667000,408.1603771644671,1001
2024-09-17 14:47:40.667000,408.1569671390668,1000
2024-09-17 14:47:40.823000,408.1629387595569,999
2024-09-17 14:47:40.842000,408.1865792287501,8
2024-09-17 14:47:40.851000,408.17558618850165,9
2024-09-17 14:47:40.885000,408.1873169516467,8
2024-09-17 14:47:40.897000,408.1799955145146,13
2024-09-17 14:47:40.906000,408.1640860300819,5
2024-09-17 14:47:40.913000,408.17448937973165,995
2024-09-17 14:47:40.918000,408.1638871415354,998
2024-09-17 14:47:40.965000,408.1623948176932,1001
2024-09-17 14:47:41.164000,408.1949502220955,99
2024-09-17 14:47:41.266000,408.2048901329088,95
2024-09-17 14:47:41.273000,408.2079228847533,6
2024-09-17 14:47:41.385000,408.1873296668489,7
2024-09-17 14:47:41.505000,408.209939366036,995
2024-09-17 14:47:41.511000,408.18226312088746,10
2024-09-17 14:47:41.754000,408.20174499010847,998
2024-09-17 14:47:41.772000,415.6458432651849,100
2024-09-17 14:47:41.841000,408.1931723650474,11
2024-09-17 14:47:42.030000,408.2620227290348,100
2024-09-17 14:47:42.043000,408.2780466278558,5
2024-09-17 14:47:42.077000,408.2774685333365,13
2024-09-17 14:47:42.100000,408.2430108000672,13
2024-09-17 14:47:42.114000,408.25409262329634,6
2024-09-17 14:47:42.116000,408.2532241231045,105
2024-09-17 14:47:42.133000,408.2617918441458,97
2024-09-17 14:47:42.140000,408.2531255272816,997
2024-09-17 14:47:42.205000,408.22014667861765,997
2024-09-17 14:47:42.236000,408.2968462521896,103
2024-09-17 14:47:42.268000,408.27499430161663,1003
2024-09-17 14:47:42.294000,408.2379234451131,100
2024-09-17 14:47:42.406000,408.26206948931247,999
2024-09-17 14:47:42.408000,408.2275611961761,97
2024-09-17 14:47:42.445000,408.2959205320584,9
2024-09-17 14:47:42.487000,408.2374287862757,95
2024-09-17 14:47:42.488000,408.2804858174387,998
2024-09-17 14:47:42.527000,408.2916882860495,5
2024-09-17 14:47:42.563000,408.2469947568786,6
2024-09-17 14:47:42.620000,408.24897194597145,1004
2024-09-17 14:47:42.658000,408.28526035893606,10
2024-09-17 14:47:42.743000,408.28683828936033,14
2024-09-17 14:47:42.798000,408.23112825295794,7
2024-09-17 14:47:42.852000,408.24990973219377,999
2024-09-17 14:47:42.859000,408.2630718320475,998
2024-09-17 14:47:42.888000,408.2705576692448,100
2024-09-17 14:47:42.923000,408.2634996162178,99
2024-09-17 14:47:42.968000,408.2523200492127,995
2024-09-17 14:47:43.016000,408.2648487225155,96
2024-09-17 14:47:43.085000,408.2626451910987,96
2024-09-17 14:47:43.296000,408.2687773368943,1003
2024-09-17 14:47:43.447000,408.2654717739772,995
2024-09-17 14:47:43.556000,408.2591385530203,104
2024-09-17 14:47:43.582000,408.2621276105355,998
2024-09-17 14:47:43.623000,408.25330395975215,99
2024-09-17 14:47:43.761000,408.2426468283599,10
2024-09-17 14:47:44.485000,408.273104528266,1005
2024-09-17 14:47:44.765000,408.2633727380264,1002
2024-09-17 14:47:45.078000,408.2531696143628,95
2024-09-17 14:47:45.416000,408.2085300470684,12
2024-09-17 14:47:45.510000,408.2244036003898,101
2024-09-17 14:47:45.644000,408.23800593891735,104
2024-09-17 14:47:46.054000,408.17805840317874,8
2024-09-17 14:47:46.246000,408.1868008224376,102
2024-09-17 14:47:46.301000,408.1641717190211,5
2024-09-17 14:47:46.692000,408.1962081950677,15
2024-09-17 14:47:46.906000,408.1909685570711,97
2024-09-17 14:47:46.932000,408.1968412054465,999
2024-09-17 14:47:47.038000,408.19448795495487,100
2024-09-17 14:47:47.047000,408.1973710364265,7
2024-09-17 14:47:47.111000,408.2414587927459,997
2024-09-17 14:47:47.119000,408.1623004758035,997
2024-09-17 14:47:47.126000,408.22082139436,99
2024-09-17 14:47:47.153000,408.19695078680667,1003
2024-09-17 14:47:47.192000,408.1605917315223,13
2024-09-17 14:47:47.270000,408.156967376186,1002
2024-09-17 14:47:47.287000,408.2030747283436,7
2024-09-17 14:47:47.336000,408.2664175079044,11
2024-09-17 14:47:47.397000,408.2524989720036,1000
2024-09-17 14:47:47.411000,408.2551566977709,1000
2024-09-17 14:47:47.508000,408.1967475897133,1003
2024-09-17 14:47:47.536000,408.2650940109674,101
2024-09-17 14:47:47.621000,408.1799452110683,11
2024-09-17 14:47:47.621000,408.2620963676156,12
2024-09-17 14:47:47.632000,408.1596103362314,7
2024-09-17 14:47:47.749000,408.2643742660263,104
2024-09-17 14:47:47.762000,408.1971183289681,1003
2024-09-17 14:47:47.815000,408.2007105261122,999
2024-09-17 14:47:47.860000,408.2372530342635,1002
2024-09-17 14:47:47.914000,408.2535771754253,99
2024-09-17 14:47:47.925000,408.19907495282337,13
2024-09-17 14:47:48.014000,408.1979884406821,14
2024-09-17 14:47:48.017000,408.1938384449562,996
2024-09-17 14:47:48.043000,408.1856486073803,6
2024-09-17 14:47:48.077000,408.2158559179445,13
2024-09-17 14:47:48.115000,408.1715385339369,12
2024-09-17 14:47:48.152000,408.1801637108782,96
2024-09-17 14:47:48.265000,408.17268277084673,12
2024-09-17 14:47:48.287000,408.23024135130464,1003
2024-09-17 14:47:48.364000,408.227396168176,5
2024-09-17 14:47:48.418000,408.2485311225517,9
2024-09-17 14:47:48.436000,408.2352882216261,1000
2024-09-17 14:47:48.452000,408.2275087996673,1001
2024-09-17 14:47:48.483000,408.1947776104185,1001
2024-09-17 14:47:48.503000,408.2231171555923,95
2024-09-17 14:47:48.522000,408.2328191498902,1003
2024-09-17 14:47:48.549000,408.1670345253447,9
2024-09-17 14:47:48.556000,408.17156049299615,1002
2024-09-17 14:47:48.572000,408.2714890873383,13
2024-09-17 14:47:48.600000,408.171822531694,6
2024-09-17 14:47:48.667000,408.2414403314049,101
2024-09-17 14:47:48.754000,408.1745948412921,1002
2024-09-17 14:47:48.869000,408.18746570095993,6
2024-09-17 14:47:48.883000,408.23748977742696,995
2024-09-17 14:47:48.909000,408.1974978339959,1000
2024-09-17 14:47:48.933000,408.2399529258797,95
2024-09-17 14:47:48.933000,408.20427247867104,98
2024-09-17 14:47:48.945000,408.2129624287898,100
2024-09-17 14:47:48.981000,408.23665649748506,99
2024-09-17 14:47:49.062000,408.1706517472399,9
2024-09-17 14:47:49.164000,408.16446152162666,7
2024-09-17 14:47:49.246000,408.1661379504958,9
2024-09-17 14:47:49.365000,408.1710249300887,1004
2024-09-17 14:47:49.914000,408.1785321102861,5
2024-09-17 14:47:49.995000,408.1724230936387,15
2024-09-17 14:47:50.080000,408.127758365396,102
2024-09-17 14:47:50.132000,408.1819778876105,105
2024-09-17 14:47:50.223000,408.1073375151461,5
2024-09-17 14:47:50.310000,408.1534444544451,12
2024-09-17 14:47:50.475000,408.1682268016938,5
2024-09-17 14:47:50.570000,408.1331604428912,995
2024-09-17 14:47:50.683000,408.1779227045376,13
2024-09-17 14:47:50.702000,408.1201102505876,6
2024-09-17 14:47:50.783000,408.1100728882084,96
2024-09-17 14:47:50.828000,408.1750111472558,97
2024-09-17 14:47:51.209000,408.053343704786,103
2024-09-17 14:47:51.471000,408.074303481016,1000
2024-09-17 14:47:51.586000,408.034316633915,15
2024-09-17 14:47:51.741000,408.07886215867103,99
2024-09-17 14:47:51.765000,408.0329317419013,8
2024-09-17 14:47:51.791000,408.0696250852114,96
2024-09-17 14:47:51.849000,408.096219017673,105
2024-09-17 14:47:51.871000,408.0827044787465,95
2024-09-17 14:47:51.903000,408.0946135955216,105
2024-09-17 14:47:52.256000,408.0581248862178,10
2024-09-17 14:47:52.451000,408.0561399609301,1001
2024-09-17 14:47:52.494000,408.0546018024354,102
2024-09-17 14:47:52.522000,408.0821850422553,105
2024-09-17 14:47:52.582000,408.0502066068651,101
2024-09-17 14:47:52.628000,408.0652638039652,103
2024-09-17 14:47:52.805000,408.0428887404345,14
2024-09-17 14:47:52.870000,416.0902404771872,101
2024-09-17 14:47:52.872000,408.0598114274188,99
2024-09-17 14:47:52.896000,408.07859881344746,12
2024-09-17 14:47:53.056000,408.1226141231052,7
2024-09-17 14:47:53.148000,408.12031346647103,1002
2024-09-17 14:47:53.176000,408.1223533261458,1004
2024-09-17 14:47:53.212000,408.1171245509151,103
2024-09-17 14:47:53.253000,408.1092549010944,13
2024-09-17 14:47:53.357000,408.1018059118186,999
2024-09-17 14:47:53.418000,408.103874959055,95
2024-09-17 14:47:53.436000,408.1058106353057,6
2024-09-17 14:47:53.483000,408.1216760871917,13
2024-09-17 14:47:53.490000,408.1219404112637,13
2024-09-17 14:47:53.537000,408.1116070952384,102
2024-09-17 14:47:53.540000,408.13911940780775,998
2024-09-17 14:47:53.549000,408.0851737255301,1000
2024-09-17 14:47:53.562000,408.0844663975507,105
2024-09-17 14:47:53.604000,408.1421336317297,10
2024-09-17 14:47:53.626000,408.081574711532,8
2024-09-17 14:47:53.661000,408.1603947975073,101
2024-09-17 14:47:53.719000,408.0899912106778,98
2024-09-17 14:47:53.756000,408.1397359335714,103
2024-09-17 14:47:53.783000,408.1090796855603,1000
2024-09-17 14:47:53.932000,408.12821365409576,997
2024-09-17 14:47:53.954000,408.13238105388496,998
2024-09-17 14:47:53.988000,408.0841984780434,97
2024-09-17 14:47:54.064000,408.1572057623253,95
2024-09-17 14:47:54.131000,408.1467142328951,1005
2024-09-17 14:47:54.152000,408.15133103713646,10
2024-09-17 14:47:54.291000,408.1478053109347,999
2024-09-17 14:47:54.340000,408.1882073956362,101
2024-09-17 14:47:54.342000,408.1786215357238,995
2024-09-17 14:47:54.355000,408.12073708563565,104
2024-09-17 14:47:54.363000,408.1201485106026,10
2024-09-17 14:47:54.438000,408.17755991606833,15
2024-09-17 14:47:54.488000,408.1293466111669,104
2024-09-17 14:47:54.503000,408.14888110797926,101
2024-09-17 14:47:54.585000,408.16537697113296,9
2024-09-17 14:47:54.618000,408.119363939379,103
2024-09-17 14:47:54.645000,408.2013011849375,11
2024-09-17 14:47:54.660000,408.1514396071795,14
2024-09-17 14:47:54.670000,408.1768948200117,98
2024-09-17 14:47:54.797000,408.1461093026791,1002
2024-09-17 14:47:54.857000,408.1149418887266,6
2024-09-17 14:47:54.949000,408.10777185129183,12
2024-09-17 14:47:54.951000,408.14137944055113,103
2024-09-17 14:47:54.964000,408.1479891820637,99
2024-09-17 14:47:54.992000,408.1261668726215,98
2024-09-17 14:47:55.153000,408.17714465149055,98
2024-09-17 14:47:55.318000,408.17705063268494,99
2024-09-17 14:47:55.347000,408.1794953412909,103
2024-09-17 14:47:55.496000,408.1772543017922,1003
2024-09-17 14:47:55.596000,408.17489042617177,98
2024-09-17 14:47:55.655000,408.19759206025583,101
2024-09-17 14:47:55.660000,408.1565804962759,14
2024-09-17 14:47:55.704000,408.15485297719965,1001
2024-09-17 14:47:55.709000,408.1450561376848,1001
2024-09-17 14:47:55.775000,408.1652087080147,96
2024-09-17 14:47:55.778000,408.1616083535382,101
2024-09-17 14:47:55.790000,408.167528167913,6
2024-09-17 14:47:55.889000,408.1664094869956,1005
2024-09-17 14:47:55.950000,408.1630641529925,1005
2024-09-17 14:47:55.979000,408.1694288126842,97
2024-09-17 14:47:56.234000,408.14825313583873,6
2024-09-17 14:47:56.268000,408.1689479129536,11
2024-09-17 14:47:56.312000,408.1590677325018,11
2024-09-17 14:47:56.317000,408.2042794024478,98
2024-09-17 14:47:56.337000,408.1294021931084,15
2024-09-17 14:47:56.345000,408.1324163925524,103
2024-09-17 14:47:56.436000,408.1562420839629,1000
2024-09-17 14:47:56.520000,408.1385498922088,11
2024-09-17 14:47:56.545000,408.1710756223067,101
2024-09-17 14:47:56.647000,408.1991449885828,1002
2024-09-17 14:47:56.995000,408.1717354190743,998
2024-09-17 14:47:57.076000,408.15789103592425,9
2024-09-17 14:47:57.153000,408.1539590999376,998
2024-09-17 14:47:57.154000,408.14649059180266,6
2024-09-17 14:47:57.155000,408.1850330531382,101
2024-09-17 14:47:57.176000,408.1785984532298,997
2024-09-17 14:47:57.211000,408.14352218107246,8
2024-09-17 14:47:57.266000,408.13584332041086,102
2024-09-17 14:47:57.316000,408.1300588764773,7
2024-09-17 14:47:57.347000,408.1276227481872,98
2024-09-17 14:47:57.411000,408.1911336955996,1002
2024-09-17 14:47:57.485000,408.169501246122,95
2024-09-17 14:47:57.634000,408.1874737091836,5
2024-09-17 14:47:57.663000,408.1799547114104,1000
2024-09-17 14:47:57.678000,408.1749397581702,996
2024-09-17 14:47:57.769000,408.1743471096812,1002
2024-09-17 14:47:57.782000,408.1359987678719,998
2024-09-17 14:47:57.814000,408.1655982369479,13
2024-09-17 14:47:57.814000,408.1774712755624,11
2024-09-17 14:47:57.838000,408.13334519010255,1002
2024-09-17 14:47:57.949000,408.1432082194555,1002
2024-09-17 14:47:57.965000,408.1252441866437,15
2024-09-17 14:47:57.980000,408.1441973066625,1004
2024-09-17 14:47:57.997000,408.1709045609189,998
2024-09-17 14:47:58.170000,408.1362202340669,9
2024-09-17 14:47:58.203000,408.1104590864354,96
2024-09-17 14:47:58.203000,408.1356242468317,7
2024-09-17 14:47:58.248000,408.12809237828014,104
2024-09-17 14:47:58.257000,408.1263264671575,9
2024-09-17 14:47:58.383000,408.11155475312097,8
2024-09-17 14:47:58.496000,408.1070304250538,12
2024-09-17 14:47:58.553000,408.1097049206324,8
2024-09-17 14:47:58.644000,408.1385437636326,9
2024-09-17 14:47:58.680000,408.13659377951217,12
2024-09-17 14:47:58.710000,408.1186174000436,95
2024-09-17 14:47:58.740000,408.1322847522085,1004
2024-09-17 14:47:58.759000,408.1032369214816,997
2024-09-17 14:47:58.803000,408.0971821122057,996
2024-09-17 14:47:58.906000,408.1206078993517,8
2024-09-17 14:47:59.046000,408.1630871090472,997
2024-09-17 14:47:59.056000,408.114142801234,99
2024-09-17 14:47:59.057000,408.19764344653777,100
2024-09-17 14:47:59.058000,408.125601125298,998
2024-09-17 14:47:59.080000,408.1320751135111,96
2024-09-17 14:47:59.125000,408.1592258047575,997
2024-09-17 14:47:59.128000,408.1325833861538,1004
2024-09-17 14:47:59.242000,408.1234123361008,99
2024-09-17 14:47:59.244000,408.1228052159412,12
2024-09-17 14:47:59.298000,408.1154098334133,995
2024-09-17 14:47:59.381000,408.1774537569918,8
2024-09-17 14:47:59.456000,408.1654817301081,13
2024-09-17 14:47:59.461000,408.15607385679465,8
2024-09-17 14:47:59.491000,408.1373027079106,98
2024-09-17 14:47:59.505000,408.1836134652938,1000
2024-09-17 14:47:59.557000,408.1567571109077,997
2024-09-17 14:47:59.644000,408.18443645596767,12
2024-09-17 14:47:59.660000,408.125427974932,104
2024-09-17 14:47:59.715000,408.188612945196,12
2024-09-17 14:47:59.754000,408.1106371125021,6
2024-09-17 14:47:59.771000,408.15059945773584,995
2024-09-17 14:47:59.843000,408.20315734178286,5
2024-09-17 14:47:59.843000,408.1141253898403,1005
2024-09-17 14:47:59.878000,408.1345164598827,15
2024-09-17 14:47:59.896000,408.1555064669207,1004
2024-09-17 14:47:59.987000,408.1668727642408,105
