Timestamp,Price,Size
2024-09-18 11:52:00.103000,416.1011529229074,997
2024-09-18 11:52:00.129000,416.06501358149166,1005
2024-09-18 11:52:00.148000,416.075427406852,997
2024-09-18 11:52:00.903000,416.0869636762109,102
2024-09-18 11:52:01.035000,416.1060094552646,105
2024-09-18 11:52:01.162000,416.0819559229221,14
2024-09-18 11:52:01.343000,416.0721560747015,98
2024-09-18 11:52:01.368000,416.0812739419527,996
2024-09-18 11:52:01.442000,416.1038907202359,15
2024-09-18 11:52:01.471000,416.0894406558199,98
2024-09-18 11:52:01.541000,416.0924715067003,98
2024-09-18 11:52:01.741000,416.0991309700384,14
2024-09-18 11:52:01.877000,416.0872118484455,5
2024-09-18 11:52:02.062000,416.1032283528583,1002
2024-09-18 11:52:02.163000,416.1088892509063,5
2024-09-18 11:52:02.167000,416.11778765739166,98
2024-09-18 11:52:02.322000,416.1302007584815,8
2024-09-18 11:52:02.364000,416.09472401818834,95
2024-09-18 11:52:02.523000,416.0978945121218,97
2024-09-18 11:52:02.626000,416.0920647123425,999
2024-09-18 11:52:02.705000,416.1005626975237,100
2024-09-18 11:52:02.714000,416.1251286458958,5
2024-09-18 11:52:03.038000,416.1558271583343,96
2024-09-18 11:52:03.038000,416.1397776679844,97
2024-09-18 11:52:03.077000,416.14774973465984,995
2024-09-18 11:52:03.229000,416.1562859964809,13
2024-09-18 11:52:03.246000,416.1361213130545,104
2024-09-18 11:52:03.261000,416.141110449796,999
2024-09-18 11:52:03.303000,416.1432191834269,1001
2024-09-18 11:52:03.344000,416.1405098559366,996
2024-09-18 11:52:03.348000,416.1304443261821,1003
2024-09-18 11:52:03.396000,416.1446930977895,7
2024-09-18 11:52:03.415000,416.1233825282169,96
2024-09-18 11:52:03.436000,416.164776548382,15
2024-09-18 11:52:03.436000,416.14647148633713,14
2024-09-18 11:52:03.447000,416.128952611018,1003
2024-09-18 11:52:03.518000,416.146821841663,104
2024-09-18 11:52:03.540000,416.1280213612508,96
2024-09-18 11:52:03.551000,416.1423309422676,5
2024-09-18 11:52:03.624000,416.16320608261685,96
2024-09-18 11:52:03.668000,416.1294412150413,99
2024-09-18 11:52:03.702000,416.1223834974882,95
2024-09-18 11:52:03.835000,416.1325331103921,1001
2024-09-18 11:52:03.872000,416.1294396698466,1000
2024-09-18 11:52:03.932000,416.1313217010818,103
2024-09-18 11:52:03.939000,416.1312966683142,14
2024-09-18 11:52:03.946000,416.1196922578206,996
2024-09-18 11:52:03.996000,416.1297497378279,104
2024-09-18 11:52:04.057000,416.1407179832767,14
2024-09-18 11:52:04.066000,416.1342305383424,8
2024-09-18 11:52:04.131000,416.1461612623849,1000
2024-09-18 11:52:04.137000,416.12938881314153,15
2024-09-18 11:52:04.194000,416.13093497867726,1000
2024-09-18 11:52:04.221000,416.1336915273884,5
2024-09-18 11:52:04.296000,416.1375089644894,996
2024-09-18 11:52:04.316000,416.1472402118788,995
2024-09-18 11:52:04.322000,416.1365971114324,11
2024-09-18 11:52:04.326000,416.1221939672315,1003
2024-09-18 11:52:04.367000,416.14687137062987,1005
2024-09-18 11:52:04.604000,416.1302977486253,999
2024-09-18 11:52:04.608000,416.14688982953606,1005
2024-09-18 11:52:04.613000,416.1507842242281,11
2024-09-18 11:52:04.627000,416.1371264785911,999
2024-09-18 11:52:04.656000,416.15337759225855,11
2024-09-18 11:52:04.663000,416.1331533117958,97
2024-09-18 11:52:04.690000,416.12776821272416,1000
2024-09-18 11:52:04.884000,416.1226553198025,1001
2024-09-18 11:52:04.893000,416.1227454381796,998
2024-09-18 11:52:04.919000,416.15547971528514,997
2024-09-18 11:52:04.928000,416.12801450281455,1005
2024-09-18 11:52:04.965000,416.1599497935961,14
2024-09-18 11:52:04.982000,416.15878640582974,104
2024-09-18 11:52:04.999000,416.1599312604836,105
2024-09-18 11:52:05.031000,416.1332782200287,5
2024-09-18 11:52:05.068000,416.124761131348,1001
2024-09-18 11:52:05.151000,416.0965456115564,1003
2024-09-18 11:52:05.161000,416.11352311832354,98
2024-09-18 11:52:05.260000,416.1370529255022,10
2024-09-18 11:52:05.463000,416.0771537295947,8
2024-09-18 11:52:05.481000,416.11105326383534,1001
2024-09-18 11:52:05.550000,416.08770589839935,9
2024-09-18 11:52:05.560000,416.0765740684016,103
2024-09-18 11:52:05.568000,416.1056566002029,1000
2024-09-18 11:52:05.637000,416.1297803874194,6
2024-09-18 11:52:05.664000,416.0974174026932,13
2024-09-18 11:52:05.766000,416.11811735043966,105
2024-09-18 11:52:05.768000,416.1508696256225,1003
2024-09-18 11:52:05.858000,416.0726445166274,10
2024-09-18 11:52:05.864000,416.14295041397503,1005
2024-09-18 11:52:05.867000,416.1627086021347,99
2024-09-18 11:52:05.951000,416.0768265574704,101
2024-09-18 11:52:06.022000,416.087277265594,997
2024-09-18 11:52:06.031000,416.0901074246042,104
2024-09-18 11:52:06.034000,416.0949173878295,7
2024-09-18 11:52:06.098000,416.1051285674217,100
2024-09-18 11:52:06.125000,416.076190740821,997
2024-09-18 11:52:06.154000,416.1139236093981,101
2024-09-18 11:52:06.172000,416.1027749264862,100
2024-09-18 11:52:06.176000,416.1034568284392,100
2024-09-18 11:52:06.200000,416.08660868175264,1003
2024-09-18 11:52:06.210000,416.0782540121936,14
2024-09-18 11:52:06.239000,416.07596719748415,97
2024-09-18 11:52:06.249000,416.10232587224783,104
2024-09-18 11:52:06.323000,416.0914736255073,101
2024-09-18 11:52:06.337000,416.0802896141622,98
2024-09-18 11:52:06.414000,416.08618333461067,13
2024-09-18 11:52:06.448000,416.0833245665993,103
2024-09-18 11:52:06.452000,416.1032823989918,100
2024-09-18 11:52:06.699000,416.09018885757325,8
2024-09-18 11:52:06.762000,416.111222906941,96
2024-09-18 11:52:06.858000,416.0702413073392,996
2024-09-18 11:52:06.959000,416.11779642948943,6
2024-09-18 11:52:06.964000,416.1111826432333,99
2024-09-18 11:52:07.065000,416.1109483115348,99
2024-09-18 11:52:07.129000,416.08473358183886,12
2024-09-18 11:52:07.140000,416.10458238929147,97
2024-09-18 11:52:07.154000,416.1171237905868,11
2024-09-18 11:52:07.241000,416.0667780140444,102
2024-09-18 11:52:07.269000,416.0703752965222,999
2024-09-18 11:52:07.275000,416.10569840786127,6
2024-09-18 11:52:07.334000,416.0847557075909,103
2024-09-18 11:52:07.431000,416.1004390423026,998
2024-09-18 11:52:07.446000,416.1237026374359,104
2024-09-18 11:52:07.533000,416.0958326117748,5
2024-09-18 11:52:07.635000,416.1184370839868,7
2024-09-18 11:52:07.650000,416.1232121868886,999
2024-09-18 11:52:07.689000,416.1021539555263,995
2024-09-18 11:52:07.756000,416.1060600919137,105
2024-09-18 11:52:07.820000,416.08052532923233,998
2024-09-18 11:52:07.889000,416.10789020960414,7
2024-09-18 11:52:07.923000,416.092099002916,102
2024-09-18 11:52:07.945000,416.1248339865751,13
2024-09-18 11:52:07.964000,416.0828474690619,9
2024-09-18 11:52:08.052000,416.1531466940448,103
2024-09-18 11:52:08.412000,416.1358306297194,97
2024-09-18 11:52:08.584000,416.1110662757516,96
2024-09-18 11:52:08.672000,416.1173201852977,6
2024-09-18 11:52:08.702000,416.1007971254913,999
2024-09-18 11:52:08.819000,416.1035307555864,997
2024-09-18 11:52:09.051000,416.2445749051547,1004
2024-09-18 11:52:09.067000,416.1592119789266,996
2024-09-18 11:52:09.177000,416.1635752048605,6
2024-09-18 11:52:09.179000,416.2032473032484,95
2024-09-18 11:52:09.237000,416.24453658403775,99
2024-09-18 11:52:09.271000,416.1866901567327,7
2024-09-18 11:52:09.337000,416.2116937884806,97
2024-09-18 11:52:09.391000,416.185963207927,1000
2024-09-18 11:52:09.395000,416.2195091529255,12
2024-09-18 11:52:09.527000,416.237943040633,103
2024-09-18 11:52:09.565000,416.2410240042123,996
2024-09-18 11:52:09.603000,416.1945007352533,7
2024-09-18 11:52:09.640000,416.1636997934308,10
2024-09-18 11:52:09.647000,416.21810379758256,999
2024-09-18 11:52:09.654000,416.2322381757645,102
2024-09-18 11:52:09.735000,416.170488863861,7
2024-09-18 11:52:09.767000,416.20537100516594,998
2024-09-18 11:52:09.808000,416.2466955566765,999
2024-09-18 11:52:09.814000,416.1999916087085,1003
2024-09-18 11:52:09.846000,416.1790542177523,6
2024-09-18 11:52:09.943000,416.2542090874056,102
2024-09-18 11:52:10.160000,416.2700231940486,103
2024-09-18 11:52:10.168000,416.2845211708,12
2024-09-18 11:52:10.225000,416.27318405122463,102
2024-09-18 11:52:10.427000,416.3058313980175,7
2024-09-18 11:52:10.591000,416.2891228348252,7
2024-09-18 11:52:10.647000,416.29738953906417,13
2024-09-18 11:52:10.860000,416.2917710234827,13
2024-09-18 11:52:10.938000,416.27243499458615,99
2024-09-18 11:52:10.955000,416.2907230689371,103
2024-09-18 11:52:10.976000,416.3063233308885,995
2024-09-18 11:52:11.218000,416.3146736655542,995
2024-09-18 11:52:12.023000,416.3278411153726,1001
2024-09-18 11:52:12.036000,416.343676433918,104
2024-09-18 11:52:12.050000,416.3148056948519,96
2024-09-18 11:52:12.319000,416.30462559947097,1004
2024-09-18 11:52:12.330000,416.3449148933148,7
2024-09-18 11:52:12.391000,416.33440081838353,105
2024-09-18 11:52:12.410000,416.317574218812,8
2024-09-18 11:52:12.416000,416.3136360005352,14
2024-09-18 11:52:12.426000,416.3409078676503,10
2024-09-18 11:52:12.551000,416.3279675187373,105
2024-09-18 11:52:12.558000,416.3128089349661,13
2024-09-18 11:52:12.613000,416.3133956231902,101
2024-09-18 11:52:12.994000,416.3028667867468,5
2024-09-18 11:52:13.120000,416.3414140015561,96
2024-09-18 11:52:13.120000,416.3314438162652,998
2024-09-18 11:52:13.316000,416.3348890414362,997
2024-09-18 11:52:13.350000,416.35038226690847,99
2024-09-18 11:52:13.351000,416.34749529783386,98
2024-09-18 11:52:13.424000,416.34248431457127,12
2024-09-18 11:52:13.467000,416.3439698490883,1005
2024-09-18 11:52:13.514000,416.34318708475377,96
2024-09-18 11:52:13.575000,416.3461943620549,102
2024-09-18 11:52:13.587000,416.3387114874441,995
2024-09-18 11:52:13.618000,416.34124681253405,97
2024-09-18 11:52:13.674000,416.35450939558586,13
2024-09-18 11:52:13.712000,416.3188295417903,12
2024-09-18 11:52:13.784000,416.3508241875344,97
2024-09-18 11:52:13.830000,416.3383051614712,995
2024-09-18 11:52:13.830000,416.3693961822664,7
2024-09-18 11:52:13.834000,416.35089868011465,15
2024-09-18 11:52:13.889000,416.3145354967716,6
2024-09-18 11:52:13.927000,416.353871413829,1000
2024-09-18 11:52:13.948000,416.343814104244,5
2024-09-18 11:52:13.955000,416.3183069429292,100
2024-09-18 11:52:13.971000,416.3324063447054,996
2024-09-18 11:52:14.050000,416.352746048653,12
2024-09-18 11:52:14.181000,416.340212539799,998
2024-09-18 11:52:14.199000,416.3585890064227,12
2024-09-18 11:52:14.233000,416.3733423905227,102
2024-09-18 11:52:14.237000,416.3804548769362,101
2024-09-18 11:52:14.263000,416.333885690661,11
2024-09-18 11:52:14.343000,416.3810646803003,10
2024-09-18 11:52:14.344000,416.369715344796,1000
2024-09-18 11:52:14.406000,416.3431263319592,995
2024-09-18 11:52:14.766000,416.3820659768003,100
2024-09-18 11:52:14.809000,416.33371315276815,997
2024-09-18 11:52:14.864000,416.33911627815706,999
2024-09-18 11:52:14.867000,416.341464795592,996
2024-09-18 11:52:14.961000,416.3521645350773,103
2024-09-18 11:52:14.975000,416.3515041396909,103
2024-09-18 11:52:15.014000,416.41495452737047,9
2024-09-18 11:52:15.058000,416.3971066962369,999
2024-09-18 11:52:15.071000,416.44625508483887,995
2024-09-18 11:52:15.145000,416.4422561862475,99
2024-09-18 11:52:15.168000,416.41026031610767,1002
2024-09-18 11:52:15.208000,416.489271823805,105
2024-09-18 11:52:15.231000,416.4830211737755,99
2024-09-18 11:52:15.319000,416.5158442587069,11
2024-09-18 11:52:15.429000,416.41065524740907,1000
2024-09-18 11:52:15.437000,416.4559791215193,101
2024-09-18 11:52:15.547000,416.4193275514058,101
2024-09-18 11:52:15.554000,416.4197105261064,996
2024-09-18 11:52:15.570000,416.4274998242605,100
2024-09-18 11:52:15.586000,416.4018285854564,1005
2024-09-18 11:52:15.606000,416.5349681157109,1003
2024-09-18 11:52:15.637000,416.3895572998477,995
2024-09-18 11:52:15.689000,416.4212948588653,11
2024-09-18 11:52:15.732000,416.45502555670447,998
2024-09-18 11:52:15.736000,416.4747803005267,10
2024-09-18 11:52:15.791000,416.3865129586079,7
2024-09-18 11:52:15.836000,416.4260005216513,103
2024-09-18 11:52:15.907000,416.40935684286416,97
2024-09-18 11:52:15.995000,416.5302671218941,1001
2024-09-18 11:52:16.109000,416.5843239822771,10
2024-09-18 11:52:16.474000,416.5506539681297,1001
2024-09-18 11:52:16.544000,416.5791176566154,998
2024-09-18 11:52:16.544000,416.57953178441,104
2024-09-18 11:52:16.614000,416.5357418360245,96
2024-09-18 11:52:16.871000,416.56920284674425,5
2024-09-18 11:52:17.010000,416.5731375020824,1002
2024-09-18 11:52:17.105000,416.5818153957931,12
2024-09-18 11:52:17.984000,416.5730199859096,8
2024-09-18 11:52:18,416.6048005329391,99
2024-09-18 11:52:18.043000,416.6250796787883,97
2024-09-18 11:52:18.075000,416.6013647271867,105
2024-09-18 11:52:18.107000,416.59244834767134,1001
2024-09-18 11:52:18.116000,416.61271986583176,1001
2024-09-18 11:52:18.179000,416.5941388596125,5
2024-09-18 11:52:18.209000,416.5953436954963,103
2024-09-18 11:52:18.332000,416.59127065118616,8
2024-09-18 11:52:18.404000,416.5856174272504,15
2024-09-18 11:52:18.456000,416.5954213511067,999
2024-09-18 11:52:18.629000,416.56673020543263,97
2024-09-18 11:52:18.664000,416.5868467178882,1001
2024-09-18 11:52:18.687000,416.6169378500961,100
2024-09-18 11:52:18.731000,416.5869489525411,12
2024-09-18 11:52:18.766000,416.5862790818008,13
2024-09-18 11:52:18.770000,416.5916897733438,14
2024-09-18 11:52:18.814000,416.6014113443773,1003
2024-09-18 11:52:18.853000,416.6015182484815,104
2024-09-18 11:52:18.954000,416.6004919723334,6
2024-09-18 11:52:19.093000,416.59884522091056,1002
2024-09-18 11:52:19.103000,416.6204401228765,6
2024-09-18 11:52:19.124000,416.6095414188335,6
2024-09-18 11:52:19.214000,416.60371743102894,7
2024-09-18 11:52:19.242000,416.6129313862464,100
2024-09-18 11:52:19.248000,416.59818032966535,104
2024-09-18 11:52:19.253000,416.5856011937424,995
2024-09-18 11:52:19.310000,416.623831754304,1005
2024-09-18 11:52:19.323000,416.5985164310477,102
2024-09-18 11:52:19.337000,416.5836260818139,8
2024-09-18 11:52:19.492000,416.596134663834,12
2024-09-18 11:52:19.531000,416.6086538034173,999
2024-09-18 11:52:19.558000,416.60563567764217,1005
2024-09-18 11:52:19.623000,416.6256038377745,98
2024-09-18 11:52:19.626000,416.6037886898576,101
2024-09-18 11:52:19.632000,416.6226358271852,1002
2024-09-18 11:52:19.675000,416.6110109025044,99
2024-09-18 11:52:19.713000,416.6181784689252,95
2024-09-18 11:52:19.743000,416.624326380716,95
2024-09-18 11:52:19.745000,416.5992349508362,1004
2024-09-18 11:52:19.852000,416.6271447325132,1001
2024-09-18 11:52:19.854000,416.5976543854576,102
2024-09-18 11:52:19.860000,416.5910701893883,104
2024-09-18 11:52:19.904000,416.6222336027161,100
2024-09-18 11:52:19.953000,416.6052029892216,15
2024-09-18 11:52:19.958000,416.604392201292,96
2024-09-18 11:52:19.978000,416.6069603038905,1002
2024-09-18 11:52:20.410000,416.62337807210855,998
2024-09-18 11:52:20.480000,416.6277535492119,997
2024-09-18 11:52:20.955000,416.6221865882303,98
2024-09-18 11:52:21.068000,416.6041991054806,995
2024-09-18 11:52:21.121000,416.6055484217653,6
2024-09-18 11:52:21.188000,416.61224168743394,97
2024-09-18 11:52:21.623000,416.6147289886793,8
2024-09-18 11:52:21.655000,416.6098578870852,102
2024-09-18 11:52:21.684000,416.6116196648021,14
2024-09-18 11:52:21.770000,416.6173404045891,995
2024-09-18 11:52:21.874000,416.6147734155976,97
2024-09-18 11:52:21.877000,416.61468916282047,1000
2024-09-18 11:52:21.887000,416.6185290152497,10
2024-09-18 11:52:21.907000,416.6075477254265,1001
2024-09-18 11:52:21.923000,416.595848561131,995
2024-09-18 11:52:21.964000,416.6071715417242,11
2024-09-18 11:52:22.062000,416.6075591842444,7
2024-09-18 11:52:22.178000,416.5917932032765,12
2024-09-18 11:52:22.252000,416.6156007388867,7
2024-09-18 11:52:22.297000,416.6112384660704,995
2024-09-18 11:52:22.301000,416.61734139766907,5
2024-09-18 11:52:22.368000,416.6203465924145,96
2024-09-18 11:52:22.909000,416.6072706712727,997
2024-09-18 11:52:22.971000,416.6074848026779,1002
2024-09-18 11:52:23.337000,416.58968111273145,100
2024-09-18 11:52:23.493000,416.5841552412032,1004
2024-09-18 11:52:23.550000,416.5934036627541,13
2024-09-18 11:52:24.646000,416.60094186645534,1002
2024-09-18 11:52:25.268000,416.6052840226269,100
2024-09-18 11:52:25.630000,416.6250654781156,15
2024-09-18 11:52:25.813000,416.6169722517008,998
2024-09-18 11:52:25.966000,416.6175703860941,11
2024-09-18 11:52:26.039000,416.6745945346435,998
2024-09-18 11:52:26.042000,416.6526735947172,1000
2024-09-18 11:52:26.196000,416.6508026049573,96
2024-09-18 11:52:26.207000,416.62637237767854,103
2024-09-18 11:52:26.221000,416.70185851727103,13
2024-09-18 11:52:26.248000,416.6386409096292,102
2024-09-18 11:52:26.370000,416.6459008346219,100
2024-09-18 11:52:26.378000,416.6430167393133,11
2024-09-18 11:52:26.384000,416.6490065974592,100
2024-09-18 11:52:26.438000,416.6650906387775,11
2024-09-18 11:52:26.438000,416.61610083901735,998
2024-09-18 11:52:26.455000,416.689212150751,998
2024-09-18 11:52:26.457000,416.663262642457,998
2024-09-18 11:52:26.474000,416.65277988033546,101
2024-09-18 11:52:26.484000,416.66057981701687,1004
2024-09-18 11:52:26.496000,416.6531305937105,1003
2024-09-18 11:52:26.631000,416.63995040876085,5
2024-09-18 11:52:26.645000,416.6527075885175,14
2024-09-18 11:52:26.663000,416.658586487781,1000
2024-09-18 11:52:26.688000,416.6460794101565,1005
2024-09-18 11:52:26.709000,416.6416970606112,12
2024-09-18 11:52:26.730000,416.65299532487006,995
2024-09-18 11:52:26.734000,416.6242229391208,98
2024-09-18 11:52:26.744000,416.6690269685258,105
2024-09-18 11:52:26.760000,416.63432557137406,995
2024-09-18 11:52:26.770000,416.647726800343,99
2024-09-18 11:52:26.779000,416.6468795172433,995
2024-09-18 11:52:26.918000,416.6512831284347,95
2024-09-18 11:52:26.932000,416.6584265731869,15
2024-09-18 11:52:26.983000,416.626608641606,96
2024-09-18 11:52:27.010000,416.7014620720532,998
2024-09-18 11:52:27.026000,416.7687366161144,7
2024-09-18 11:52:27.095000,416.6417084121232,95
2024-09-18 11:52:27.224000,416.7648299463448,7
2024-09-18 11:52:27.279000,416.68348705326326,999
2024-09-18 11:52:27.289000,416.6320101217634,96
2024-09-18 11:52:27.332000,416.7424973657728,11
2024-09-18 11:52:27.368000,416.640644227669,104
2024-09-18 11:52:27.385000,416.71702767910574,999
2024-09-18 11:52:27.429000,416.7658558390267,1002
2024-09-18 11:52:27.484000,416.7125360903632,1002
2024-09-18 11:52:27.603000,416.7573267707512,95
2024-09-18 11:52:27.665000,416.7744073664724,1003
2024-09-18 11:52:27.718000,416.69848189224007,6
2024-09-18 11:52:27.725000,416.641551665311,96
2024-09-18 11:52:27.731000,416.6398668603149,998
2024-09-18 11:52:27.778000,416.64826372277366,14
2024-09-18 11:52:27.795000,416.6996059192722,1003
2024-09-18 11:52:27.803000,416.635471396808,8
2024-09-18 11:52:27.854000,416.6426597718125,10
2024-09-18 11:52:27.855000,416.7576342524351,98
2024-09-18 11:52:27.902000,416.7600043265434,102
2024-09-18 11:52:27.911000,416.6745790255163,14
2024-09-18 11:52:27.926000,416.7656020585941,99
2024-09-18 11:52:27.966000,416.7739583014519,5
2024-09-18 11:52:28.559000,416.7756084173839,101
2024-09-18 11:52:29.040000,416.7761941373955,5
2024-09-18 11:52:29.051000,416.7554125587636,14
2024-09-18 11:52:29.130000,416.7479860476816,996
2024-09-18 11:52:29.228000,416.751471347976,99
2024-09-18 11:52:29.374000,416.7686280163505,1001
2024-09-18 11:52:29.633000,416.7606857774462,14
2024-09-18 11:52:29.666000,416.7552005288571,13
2024-09-18 11:52:29.671000,416.7394412638873,11
2024-09-18 11:52:29.869000,416.7549452965391,5
2024-09-18 11:52:30.120000,416.7477813689874,98
2024-09-18 11:52:30.257000,416.80974084549325,95
2024-09-18 11:52:30.471000,416.801634431744,102
2024-09-18 11:52:30.553000,416.7767092791566,101
2024-09-18 11:52:30.758000,416.7884576134131,11
2024-09-18 11:52:30.892000,416.79588800876434,13
2024-09-18 11:52:30.959000,416.7681046978921,5
2024-09-18 11:52:31.003000,416.7358985829718,10
2024-09-18 11:52:31.019000,416.801567179542,995
2024-09-18 11:52:31.094000,416.7677799993163,1002
2024-09-18 11:52:31.112000,416.81162577268793,1005
2024-09-18 11:52:31.168000,416.8421726665013,9
2024-09-18 11:52:31.216000,416.8564113556505,7
2024-09-18 11:52:31.240000,416.8364393966237,103
2024-09-18 11:52:31.265000,416.74110213584106,14
2024-09-18 11:52:31.400000,416.7379618885249,98
2024-09-18 11:52:31.417000,416.8117788733926,10
2024-09-18 11:52:31.435000,416.7542013873368,95
2024-09-18 11:52:31.518000,416.73575362406274,5
2024-09-18 11:52:31.545000,416.8435368095446,101
2024-09-18 11:52:31.580000,416.8064951945567,99
2024-09-18 11:52:31.580000,416.837746929929,96
2024-09-18 11:52:31.678000,416.8231542931188,1003
2024-09-18 11:52:31.691000,416.8348162795254,5
2024-09-18 11:52:31.754000,416.7887968646237,998
2024-09-18 11:52:31.754000,416.7747720334167,1002
2024-09-18 11:52:31.860000,416.7841033014789,101
2024-09-18 11:52:31.880000,416.8149837558015,14
2024-09-18 11:52:31.917000,416.7842122331269,8
2024-09-18 11:52:31.966000,416.7463014448134,1003
2024-09-18 11:52:31.976000,416.8390748286989,1005
2024-09-18 11:52:31.996000,416.82347531313087,9
2024-09-18 11:52:32.125000,416.75406709504296,996
2024-09-18 11:52:32.255000,416.7497111023716,104
2024-09-18 11:52:32.410000,416.7596727382043,12
2024-09-18 11:52:32.568000,416.74935248975953,997
2024-09-18 11:52:32.721000,416.7309161184037,100
2024-09-18 11:52:32.765000,416.7687282014115,9
2024-09-18 11:52:32.791000,416.7575072168445,12
2024-09-18 11:52:32.835000,416.72091226980376,1001
2024-09-18 11:52:32.858000,416.7412129304311,1005
2024-09-18 11:52:33.042000,416.7653463839403,1001
2024-09-18 11:52:33.065000,416.7696917355383,13
2024-09-18 11:52:33.109000,416.7414107917262,105
2024-09-18 11:52:33.136000,416.7738454394128,101
2024-09-18 11:52:33.152000,416.7593159891605,1002
2024-09-18 11:52:33.177000,416.7522643091072,1000
2024-09-18 11:52:33.251000,416.7579310664718,1000
2024-09-18 11:52:33.251000,416.75606941859,8
2024-09-18 11:52:33.287000,416.7575664908176,97
2024-09-18 11:52:33.312000,416.73981220408245,7
2024-09-18 11:52:33.346000,416.7281178839895,6
2024-09-18 11:52:33.404000,416.7727029114872,1000
2024-09-18 11:52:33.470000,416.7514679463127,103
2024-09-18 11:52:33.477000,416.75558783441824,14
2024-09-18 11:52:33.493000,416.7410047825612,998
2024-09-18 11:52:33.526000,416.7657073804175,105
2024-09-18 11:52:33.527000,416.7565996756583,10
2024-09-18 11:52:33.550000,416.7408989822512,5
2024-09-18 11:52:33.610000,416.742654351232,95
2024-09-18 11:52:33.615000,416.77073706726856,1000
2024-09-18 11:52:33.669000,416.77345074529,14
2024-09-18 11:52:33.669000,416.7613355138541,1005
2024-09-18 11:52:33.828000,416.7354929046587,101
2024-09-18 11:52:33.910000,416.7215061118649,13
2024-09-18 11:52:33.912000,416.7428170380566,6
2024-09-18 11:52:33.926000,416.7826844754152,103
2024-09-18 11:52:33.941000,416.74677094248966,101
2024-09-18 11:52:33.960000,416.73669446838113,96
2024-09-18 11:52:34.584000,416.75724133385546,8
2024-09-18 11:52:35.005000,416.72895411301823,97
2024-09-18 11:52:35.092000,416.72993116672137,100
2024-09-18 11:52:35.099000,416.7347647782749,9
2024-09-18 11:52:35.189000,416.7318906551537,996
2024-09-18 11:52:35.218000,416.77426037064254,97
2024-09-18 11:52:35.349000,416.72618093798354,9
2024-09-18 11:52:35.417000,416.7401150115576,1001
2024-09-18 11:52:35.472000,416.7413466442232,105
2024-09-18 11:52:35.491000,416.7598380199046,1004
2024-09-18 11:52:35.872000,416.7462441849689,97
2024-09-18 11:52:35.924000,416.753971083912,97
2024-09-18 11:52:35.978000,416.7505566900687,96
2024-09-18 11:52:36.059000,416.7416669172621,95
2024-09-18 11:52:36.081000,416.7811041109503,5
2024-09-18 11:52:36.190000,416.7404740867499,995
2024-09-18 11:52:36.234000,416.72506101693824,8
2024-09-18 11:52:36.245000,416.7478035607161,105
2024-09-18 11:52:36.246000,416.7678390794021,105
2024-09-18 11:52:36.261000,416.74038192487455,104
2024-09-18 11:52:36.270000,416.7641901570218,995
2024-09-18 11:52:36.327000,416.69223927752034,13
2024-09-18 11:52:36.338000,416.6847293422419,102
2024-09-18 11:52:36.338000,416.749592240601,102
2024-09-18 11:52:36.364000,416.7494152346656,6
2024-09-18 11:52:36.380000,416.7075255670988,100
2024-09-18 11:52:36.396000,416.7227900685688,102
2024-09-18 11:52:36.479000,416.72440995635793,102
2024-09-18 11:52:36.486000,416.73770475942325,6
2024-09-18 11:52:36.508000,416.7274624759957,15
2024-09-18 11:52:36.595000,416.7639697484461,15
2024-09-18 11:52:36.613000,416.73906036706194,101
2024-09-18 11:52:36.620000,416.74707618595806,1000
2024-09-18 11:52:36.671000,416.7355997512414,8
2024-09-18 11:52:36.693000,416.7380056431897,14
2024-09-18 11:52:36.761000,416.7239643722526,102
2024-09-18 11:52:36.801000,416.7239689902532,104
2024-09-18 11:52:36.996000,416.7302855016247,101
2024-09-18 11:52:37.170000,416.7578165675332,11
2024-09-18 11:52:37.524000,416.7550092843983,5
2024-09-18 11:52:37.692000,416.754718773031,14
2024-09-18 11:52:38.022000,416.7298741513283,102
2024-09-18 11:52:38.022000,416.78686014782505,105
2024-09-18 11:52:38.077000,416.6956214270156,102
2024-09-18 11:52:38.091000,416.7539746011191,14
2024-09-18 11:52:38.098000,416.7132386800359,13
2024-09-18 11:52:38.352000,416.80511059243247,105
2024-09-18 11:52:38.441000,416.7837901653464,6
2024-09-18 11:52:38.442000,416.7755619725569,105
2024-09-18 11:52:38.452000,416.7197809512456,7
2024-09-18 11:52:38.456000,416.7913699521368,13
2024-09-18 11:52:38.477000,416.77417996537207,6
2024-09-18 11:52:38.548000,416.6950505910866,1003
2024-09-18 11:52:38.627000,416.7058845504204,1002
2024-09-18 11:52:38.653000,416.6964197522686,1004
2024-09-18 11:52:38.707000,416.7980699839766,99
2024-09-18 11:52:38.726000,416.7113155378563,104
2024-09-18 11:52:38.777000,416.8016816661739,104
2024-09-18 11:52:38.808000,416.799039932081,1005
2024-09-18 11:52:38.846000,416.7557814742126,102
2024-09-18 11:52:38.897000,416.7086463252122,1000
2024-09-18 11:52:39.125000,416.7114537006787,14
2024-09-18 11:52:39.144000,416.7238049552519,998
2024-09-18 11:52:39.160000,416.71547141514446,102
2024-09-18 11:52:39.213000,416.72913030074113,14
2024-09-18 11:52:39.233000,416.7311420167159,997
2024-09-18 11:52:39.405000,416.7016187183832,102
2024-09-18 11:52:39.466000,416.71139267154143,5
2024-09-18 11:52:39.563000,416.71037886901456,6
2024-09-18 11:52:39.580000,416.7042589652117,1002
2024-09-18 11:52:39.843000,416.7040683295176,98
2024-09-18 11:52:39.858000,416.7032079796769,9
2024-09-18 11:52:40.002000,416.7512520912111,1003
2024-09-18 11:52:40.010000,416.7051152018954,14
2024-09-18 11:52:40.067000,416.75368780042135,1003
2024-09-18 11:52:40.083000,416.7305687217708,8
2024-09-18 11:52:40.317000,416.718883016138,104
2024-09-18 11:52:40.325000,416.7230811836072,995
2024-09-18 11:52:40.386000,416.7157014000602,7
2024-09-18 11:52:40.459000,416.73455437838913,999
2024-09-18 11:52:40.461000,416.7183462022721,100
2024-09-18 11:52:40.537000,416.722796771802,8
2024-09-18 11:52:40.557000,416.7347117597232,996
2024-09-18 11:52:40.646000,416.7269717851181,7
2024-09-18 11:52:40.680000,416.71359017111655,6
2024-09-18 11:52:40.680000,416.7281169473532,1004
2024-09-18 11:52:40.722000,416.7259665029574,8
2024-09-18 11:52:40.761000,416.7303736602354,13
2024-09-18 11:52:40.767000,416.7197570880572,15
2024-09-18 11:52:40.786000,416.730038219152,102
2024-09-18 11:52:41.018000,416.7313832430792,102
2024-09-18 11:52:41.115000,416.7174939256312,97
2024-09-18 11:52:41.184000,416.7731874192786,998
2024-09-18 11:52:41.194000,416.70664616421584,97
2024-09-18 11:52:41.209000,416.7571518917385,104
2024-09-18 11:52:41.289000,416.7469104325521,998
2024-09-18 11:52:41.332000,416.7771959682553,998
2024-09-18 11:52:41.384000,416.7101547570067,96
2024-09-18 11:52:41.434000,416.7259526441685,13
2024-09-18 11:52:41.487000,416.7009938073343,1005
2024-09-18 11:52:41.511000,416.7593630508381,1002
2024-09-18 11:52:41.512000,416.714757243365,12
2024-09-18 11:52:41.541000,416.7286240286511,6
2024-09-18 11:52:41.567000,416.71472379189663,1000
2024-09-18 11:52:41.580000,416.7313776025584,1003
2024-09-18 11:52:41.588000,416.759357690214,998
2024-09-18 11:52:41.703000,416.7807425249173,997
2024-09-18 11:52:41.733000,416.7276893466279,95
2024-09-18 11:52:41.745000,416.7379296825896,10
2024-09-18 11:52:41.761000,416.7076229527347,104
2024-09-18 11:52:41.786000,416.77255329314346,104
2024-09-18 11:52:41.857000,416.7546237019246,1005
2024-09-18 11:52:41.870000,416.7212532857708,997
2024-09-18 11:52:41.914000,416.7423090799031,1001
2024-09-18 11:52:41.959000,416.70949887424473,1000
2024-09-18 11:52:41.970000,416.7231305735504,8
2024-09-18 11:52:41.973000,416.7187509288143,95
2024-09-18 11:52:42.036000,416.78007761543546,12
2024-09-18 11:52:42.058000,416.7698411992528,8
2024-09-18 11:52:42.107000,416.75653406211,102
2024-09-18 11:52:42.247000,416.7975336143216,999
2024-09-18 11:52:42.308000,416.7795929839597,14
2024-09-18 11:52:42.314000,416.7711164842014,100
2024-09-18 11:52:42.356000,416.7455908039907,13
2024-09-18 11:52:42.539000,416.7607362296202,100
2024-09-18 11:52:42.627000,416.7587850282141,997
2024-09-18 11:52:42.895000,416.75879461020014,8
2024-09-18 11:52:42.999000,416.7753216813135,1001
2024-09-18 11:52:43.028000,416.7564950148645,997
2024-09-18 11:52:43.093000,416.7126419798838,7
2024-09-18 11:52:43.169000,416.7223556366398,97
2024-09-18 11:52:43.233000,416.7571526158096,10
2024-09-18 11:52:43.327000,416.750230192046,6
2024-09-18 11:52:43.368000,416.757096998321,13
2024-09-18 11:52:43.410000,416.73885013860274,96
2024-09-18 11:52:43.414000,416.7277603009276,995
2024-09-18 11:52:43.459000,416.7735064846111,998
2024-09-18 11:52:43.480000,416.72220068813016,100
2024-09-18 11:52:43.486000,416.76298916761647,97
2024-09-18 11:52:43.558000,416.7714670305789,12
2024-09-18 11:52:43.570000,416.7756060668845,100
2024-09-18 11:52:43.650000,416.7637238477509,1004
2024-09-18 11:52:43.950000,416.7151361007989,1004
2024-09-18 11:52:44.146000,416.7183330595686,100
2024-09-18 11:52:44.329000,416.7028526087764,14
2024-09-18 11:52:44.467000,416.6846371512794,999
2024-09-18 11:52:44.650000,416.7031581960917,1005
2024-09-18 11:52:45.002000,416.7268897383748,1002
2024-09-18 11:52:45.066000,416.6823074855719,97
2024-09-18 11:52:45.096000,416.69180379464063,101
2024-09-18 11:52:45.142000,416.7066716766461,1002
2024-09-18 11:52:45.150000,416.6877462756791,103
2024-09-18 11:52:45.173000,416.6889995355075,14
2024-09-18 11:52:45.190000,416.6933590741574,10
2024-09-18 11:52:45.195000,416.7162286455604,13
2024-09-18 11:52:45.215000,416.7027204801348,13
2024-09-18 11:52:45.257000,416.7213531874279,7
2024-09-18 11:52:45.274000,416.695557187574,12
2024-09-18 11:52:45.282000,416.69239680242725,102
2024-09-18 11:52:45.314000,416.69643635318056,996
2024-09-18 11:52:45.326000,416.69555688471,96
2024-09-18 11:52:45.395000,416.7008138490612,98
2024-09-18 11:52:45.414000,416.7215380747671,96
2024-09-18 11:52:45.434000,416.6845206528452,9
2024-09-18 11:52:45.475000,416.6880841848158,1000
2024-09-18 11:52:45.695000,416.7040798250029,1003
2024-09-18 11:52:45.701000,416.6766313320255,11
2024-09-18 11:52:45.739000,416.6875579530742,1004
2024-09-18 11:52:45.772000,416.6791270637024,1003
2024-09-18 11:52:45.862000,416.72190941112353,95
2024-09-18 11:52:45.956000,416.68714702742096,996
2024-09-18 11:52:46.027000,416.69235073569246,11
2024-09-18 11:52:46.045000,416.6210681270084,102
2024-09-18 11:52:46.114000,416.6654486646672,7
2024-09-18 11:52:46.131000,416.68421276002624,9
2024-09-18 11:52:46.224000,416.69581633214966,99
2024-09-18 11:52:46.243000,416.6412651585927,102
2024-09-18 11:52:46.261000,416.60446287067504,100
2024-09-18 11:52:46.370000,416.5703295154972,104
2024-09-18 11:52:46.451000,416.58395583396816,100
2024-09-18 11:52:46.456000,416.6165749668672,999
2024-09-18 11:52:46.462000,416.6067740842354,95
2024-09-18 11:52:46.639000,416.6214675925931,5
2024-09-18 11:52:46.666000,416.7260096069251,1005
2024-09-18 11:52:46.846000,416.5932218647731,97
2024-09-18 11:52:47.098000,416.5787407597173,998
2024-09-18 11:52:47.105000,416.645514087363,1003
2024-09-18 11:52:47.127000,416.6431540483716,997
2024-09-18 11:52:47.154000,416.640694929696,999
2024-09-18 11:52:47.157000,416.6173253611004,10
2024-09-18 11:52:47.189000,416.554043570204,10
2024-09-18 11:52:47.210000,416.5761410010276,995
2024-09-18 11:52:47.231000,416.617608330982,102
2024-09-18 11:52:47.292000,416.5888497126128,103
2024-09-18 11:52:47.304000,416.6271895909941,1001
2024-09-18 11:52:47.342000,416.5777275686262,1001
2024-09-18 11:52:47.375000,416.59873239265295,14
2024-09-18 11:52:47.395000,416.6230532734756,13
2024-09-18 11:52:47.405000,416.5716378535818,995
2024-09-18 11:52:47.478000,416.6386053590188,6
2024-09-18 11:52:47.525000,416.6322259885576,1001
2024-09-18 11:52:47.539000,416.62108939176056,1002
2024-09-18 11:52:47.584000,416.58600147902655,104
2024-09-18 11:52:47.614000,416.5789913152861,997
2024-09-18 11:52:47.624000,416.5967836121271,10
2024-09-18 11:52:47.735000,416.5934736654828,10
2024-09-18 11:52:47.743000,416.5945842190909,105
2024-09-18 11:52:47.786000,416.5928389419543,101
2024-09-18 11:52:47.793000,416.60144116789326,7
2024-09-18 11:52:47.935000,416.6137214864457,12
2024-09-18 11:52:48.036000,416.6024192965778,14
2024-09-18 11:52:48.061000,416.5779447315118,1002
2024-09-18 11:52:48.072000,416.6206342171524,15
2024-09-18 11:52:48.094000,416.6153994532048,1000
2024-09-18 11:52:48.100000,416.5901857727888,15
2024-09-18 11:52:48.124000,416.5819938556832,105
2024-09-18 11:52:48.173000,416.60590591298575,103
2024-09-18 11:52:48.221000,416.60286181093886,1005
2024-09-18 11:52:48.222000,416.6013553945169,999
2024-09-18 11:52:48.296000,416.6161039713421,99
2024-09-18 11:52:48.302000,416.62444553911325,1005
2024-09-18 11:52:48.324000,416.6104850218424,103
2024-09-18 11:52:48.340000,416.5940064136129,10
2024-09-18 11:52:48.403000,416.6207596632935,97
2024-09-18 11:52:48.534000,416.6156075404263,6
2024-09-18 11:52:48.584000,416.57270696996966,6
2024-09-18 11:52:48.635000,416.56734885411686,999
2024-09-18 11:52:48.688000,416.6137182337924,1000
2024-09-18 11:52:48.705000,416.5972565688904,995
2024-09-18 11:52:48.733000,416.62029503427055,1005
2024-09-18 11:52:48.768000,416.5941122519966,98
2024-09-18 11:52:48.785000,416.624814710241,999
2024-09-18 11:52:48.839000,416.5582946042408,15
2024-09-18 11:52:48.849000,416.6130699842954,995
2024-09-18 11:52:48.905000,416.6087198716687,11
2024-09-18 11:52:48.917000,416.61810417986027,101
2024-09-18 11:52:48.925000,416.62091888379496,95
2024-09-18 11:52:48.983000,416.6060068056188,9
2024-09-18 11:52:49.438000,416.5976417950762,1000
2024-09-18 11:52:49.547000,416.60225872652165,105
2024-09-18 11:52:49.693000,416.5961071765626,998
2024-09-18 11:52:50.031000,416.58991673565095,6
2024-09-18 11:52:50.040000,416.6285624627498,1001
2024-09-18 11:52:50.105000,416.6363512437182,995
2024-09-18 11:52:50.110000,416.5969873085434,104
2024-09-18 11:52:50.113000,416.6447749535024,5
2024-09-18 11:52:50.150000,416.6315633662438,15
2024-09-18 11:52:50.212000,416.5873607760982,1001
2024-09-18 11:52:50.222000,416.6037830204867,998
2024-09-18 11:52:50.248000,416.6132019388024,95
2024-09-18 11:52:50.293000,416.648305137738,14
2024-09-18 11:52:50.325000,416.6388154010488,5
2024-09-18 11:52:50.357000,416.61108265457176,1005
2024-09-18 11:52:50.494000,416.66164429553146,995
2024-09-18 11:52:50.542000,416.666233412008,14
2024-09-18 11:52:50.589000,416.5924782379001,997
2024-09-18 11:52:50.632000,416.628144208363,97
2024-09-18 11:52:50.673000,416.6648114390821,102
2024-09-18 11:52:50.710000,416.6422860220849,104
2024-09-18 11:52:50.739000,416.6175516410674,100
2024-09-18 11:52:50.777000,416.6567789840286,5
2024-09-18 11:52:50.799000,416.6247680819927,99
2024-09-18 11:52:50.822000,416.6229911452936,997
2024-09-18 11:52:50.890000,416.6660541792142,99
2024-09-18 11:52:50.931000,416.65316312006365,999
2024-09-18 11:52:50.959000,416.653998103962,103
2024-09-18 11:52:50.979000,416.6331951921454,997
2024-09-18 11:52:50.986000,416.663689981752,998
2024-09-18 11:52:50.991000,416.6375971512956,95
2024-09-18 11:52:51.244000,416.5955205357273,7
2024-09-18 11:52:51.785000,416.6030207650634,97
2024-09-18 11:52:53.065000,416.5606045388725,1000
2024-09-18 11:52:53.109000,416.61786424968057,96
2024-09-18 11:52:53.156000,416.6078349464999,98
2024-09-18 11:52:53.161000,416.5609753968535,1005
2024-09-18 11:52:53.193000,416.5922482997816,104
2024-09-18 11:52:53.219000,416.57670630835815,100
2024-09-18 11:52:53.236000,416.5829543196375,15
2024-09-18 11:52:53.241000,416.60178353810585,995
2024-09-18 11:52:53.245000,416.5780304082832,11
2024-09-18 11:52:53.335000,416.5533713354214,13
2024-09-18 11:52:53.436000,416.5982243984126,998
2024-09-18 11:52:53.438000,416.5603588509477,1002
2024-09-18 11:52:53.450000,416.6002110328396,13
2024-09-18 11:52:53.457000,416.5766722565492,9
2024-09-18 11:52:53.568000,416.5682394129547,998
2024-09-18 11:52:53.589000,416.56770541875005,995
2024-09-18 11:52:53.604000,416.57626968426285,1003
2024-09-18 11:52:53.608000,416.5798710140773,996
2024-09-18 11:52:53.628000,416.5788147383247,1004
2024-09-18 11:52:53.649000,416.60120084830703,12
2024-09-18 11:52:53.733000,416.58817739237134,1004
2024-09-18 11:52:53.785000,416.58828336428746,11
2024-09-18 11:52:53.812000,416.58814132131937,997
2024-09-18 11:52:53.830000,416.5943908158487,98
2024-09-18 11:52:53.836000,416.5870676408143,1005
2024-09-18 11:52:53.855000,416.5933347662139,995
2024-09-18 11:52:53.868000,416.5949699595341,102
2024-09-18 11:52:53.965000,416.5709544363067,98
2024-09-18 11:52:53.998000,416.5614215229417,96
2024-09-18 11:52:54.023000,416.59300190077,996
2024-09-18 11:52:54.037000,416.59530299283904,995
2024-09-18 11:52:54.796000,416.5910683758576,5
2024-09-18 11:52:55.109000,416.6098440948381,999
2024-09-18 11:52:55.330000,416.6077080156965,11
2024-09-18 11:52:55.662000,416.6262807652991,14
2024-09-18 11:52:55.709000,416.6123316318893,95
2024-09-18 11:52:55.722000,416.6060876085067,1003
2024-09-18 11:52:55.736000,416.6076833529971,101
2024-09-18 11:52:55.771000,416.58775953361527,1002
2024-09-18 11:52:55.795000,416.6208209754531,105
2024-09-18 11:52:57.004000,416.6122006995491,101
2024-09-18 11:52:57.171000,416.6203389379367,995
2024-09-18 11:52:57.295000,416.60928418146665,95
2024-09-18 11:52:57.332000,416.6425130409469,5
2024-09-18 11:52:57.359000,416.6246599062318,5
2024-09-18 11:52:57.467000,416.625300587043,101
2024-09-18 11:52:57.468000,416.6377597096064,96
2024-09-18 11:52:57.479000,416.5997486435582,997
2024-09-18 11:52:57.613000,416.6046561177317,12
2024-09-18 11:52:57.633000,416.6009968912861,9
2024-09-18 11:52:57.650000,416.62036487237714,98
2024-09-18 11:52:57.787000,416.6364508478254,100
2024-09-18 11:52:57.818000,416.61137576961534,997
2024-09-18 11:52:57.848000,416.6399289636294,11
2024-09-18 11:52:57.961000,416.6616626109577,98
2024-09-18 11:52:58.006000,416.7166543808097,95
2024-09-18 11:52:58.023000,416.6895864560744,1005
2024-09-18 11:52:58.132000,416.7217605388717,101
2024-09-18 11:52:58.143000,416.6873377740904,101
2024-09-18 11:52:58.285000,416.7009248000125,96
2024-09-18 11:52:58.288000,416.6871587025019,999
2024-09-18 11:52:58.296000,416.7313345963355,11
2024-09-18 11:52:58.331000,416.7056410681709,96
2024-09-18 11:52:58.357000,416.69535549162447,11
2024-09-18 11:52:58.380000,416.71102942081495,1004
2024-09-18 11:52:58.503000,416.7038526877549,8
2024-09-18 11:52:58.537000,416.71917073936174,96
2024-09-18 11:52:58.579000,416.698656864294,997
2024-09-18 11:52:58.620000,416.7277952373435,95
2024-09-18 11:52:58.655000,416.68083316560745,1003
2024-09-18 11:52:58.696000,416.6962570493797,105
2024-09-18 11:52:58.737000,416.6936842029787,1000
2024-09-18 11:52:58.781000,416.69437544551016,11
2024-09-18 11:52:58.791000,416.6866435368463,1000
2024-09-18 11:52:58.800000,416.7054469949744,1002
2024-09-18 11:52:58.887000,416.69969785827936,98
2024-09-18 11:52:58.984000,416.7238748477429,9
2024-09-18 11:52:59.271000,416.69494655509953,997
2024-09-18 11:52:59.363000,416.6956832269728,1002
