Timestamp,Price,Size
2024-09-16 11:01:00.059000,418.0729305588349,1004
2024-09-16 11:01:00.688000,418.08672625780815,100
2024-09-16 11:01:00.762000,418.0767628390883,7
2024-09-16 11:01:01.535000,418.087977513653,995
2024-09-16 11:01:01.934000,418.0754995274783,95
2024-09-16 11:01:01.975000,418.081441683318,10
2024-09-16 11:01:02.090000,418.1003936532748,1003
2024-09-16 11:01:02.104000,418.09896014241866,1000
2024-09-16 11:01:02.149000,418.1112914095932,997
2024-09-16 11:01:02.259000,418.0872329509156,10
2024-09-16 11:01:02.294000,418.0844242545441,14
2024-09-16 11:01:02.308000,418.05705880400455,996
2024-09-16 11:01:02.321000,418.0874736843863,98
2024-09-16 11:01:02.335000,418.0740609305779,99
2024-09-16 11:01:02.395000,418.0844309919097,101
2024-09-16 11:01:02.495000,418.1083787312165,5
2024-09-16 11:01:02.506000,418.1189015556829,14
2024-09-16 11:01:02.530000,418.07320517150913,12
2024-09-16 11:01:02.570000,418.08426468504825,6
2024-09-16 11:01:02.595000,418.08888231595455,1000
2024-09-16 11:01:02.639000,418.1058241154996,1002
2024-09-16 11:01:02.654000,418.0847182019067,103
2024-09-16 11:01:02.694000,418.0636559345596,102
2024-09-16 11:01:02.785000,418.0825149529885,97
2024-09-16 11:01:02.845000,418.0792705039831,1003
2024-09-16 11:01:02.850000,418.07031790112507,998
2024-09-16 11:01:02.917000,418.0958924145591,13
2024-09-16 11:01:02.919000,418.0761944003365,98
2024-09-16 11:01:02.950000,418.0873507787732,103
2024-09-16 11:01:02.995000,418.1105683282767,1002
2024-09-16 11:01:03.024000,418.18571065506046,105
2024-09-16 11:01:03.032000,418.1543632999828,99
2024-09-16 11:01:03.038000,418.1751704340362,14
2024-09-16 11:01:03.048000,418.1929971605635,12
2024-09-16 11:01:03.071000,418.1636342160085,8
2024-09-16 11:01:03.107000,418.1688211807171,8
2024-09-16 11:01:03.280000,418.17010845595087,103
2024-09-16 11:01:03.288000,418.1413058337068,13
2024-09-16 11:01:03.315000,418.1484352384279,12
2024-09-16 11:01:03.319000,418.1143088416373,9
2024-09-16 11:01:03.381000,418.1426252046501,99
2024-09-16 11:01:03.415000,418.1733710751464,100
2024-09-16 11:01:03.422000,418.1365356443583,996
2024-09-16 11:01:03.483000,418.1997234721527,996
2024-09-16 11:01:03.526000,418.1686476969304,1001
2024-09-16 11:01:03.644000,418.1415740132321,9
2024-09-16 11:01:03.679000,418.1465714811721,100
2024-09-16 11:01:03.704000,418.1966902549988,14
2024-09-16 11:01:03.715000,418.1739788479076,13
2024-09-16 11:01:03.782000,418.1855452833413,1002
2024-09-16 11:01:03.805000,418.18689801659406,1002
2024-09-16 11:01:03.810000,418.1770298650881,998
2024-09-16 11:01:03.902000,418.18159643998194,1003
2024-09-16 11:01:03.997000,418.2058011277142,1005
2024-09-16 11:01:04.071000,418.1561280370971,99
2024-09-16 11:01:04.092000,418.1980448740248,1004
2024-09-16 11:01:04.304000,418.1761108746547,8
2024-09-16 11:01:04.434000,418.1798747240404,1004
2024-09-16 11:01:04.718000,418.1940762271434,995
2024-09-16 11:01:04.723000,418.1972098015384,999
2024-09-16 11:01:04.797000,418.2026678928388,100
2024-09-16 11:01:04.833000,418.18496306609705,1002
2024-09-16 11:01:04.941000,418.1839891835915,998
2024-09-16 11:01:05.005000,418.2193735641142,997
2024-09-16 11:01:05.056000,418.2560500720202,9
2024-09-16 11:01:05.112000,418.1987604492302,997
2024-09-16 11:01:05.147000,418.262650767112,9
2024-09-16 11:01:05.148000,418.2506786153203,997
2024-09-16 11:01:05.162000,418.24466074329047,1004
2024-09-16 11:01:05.226000,418.2507913548798,105
2024-09-16 11:01:05.260000,418.2363366737608,1005
2024-09-16 11:01:05.299000,418.1959889686766,999
2024-09-16 11:01:05.303000,418.2475962690033,13
2024-09-16 11:01:05.307000,418.2555633450009,1002
2024-09-16 11:01:05.323000,418.2466583909944,99
2024-09-16 11:01:05.351000,418.2618171256747,1005
2024-09-16 11:01:05.425000,418.1900914683125,95
2024-09-16 11:01:05.443000,418.2120659023629,10
2024-09-16 11:01:05.477000,418.204236503185,103
2024-09-16 11:01:05.528000,418.2402557559948,95
2024-09-16 11:01:05.553000,418.2388550086129,1004
2024-09-16 11:01:05.556000,418.2324504818151,13
2024-09-16 11:01:05.595000,418.2184033164744,96
2024-09-16 11:01:05.602000,418.2330452975892,1003
2024-09-16 11:01:05.730000,418.231734744942,101
2024-09-16 11:01:05.738000,418.2479933396663,1000
2024-09-16 11:01:05.827000,418.2312491866237,98
2024-09-16 11:01:05.828000,418.264820614134,13
2024-09-16 11:01:05.877000,418.25914531968687,101
2024-09-16 11:01:05.886000,418.2596905389681,15
2024-09-16 11:01:05.918000,418.2275656951164,997
2024-09-16 11:01:05.994000,418.26661230375527,1001
2024-09-16 11:01:06.153000,418.2600117931004,15
2024-09-16 11:01:06.231000,418.2415469230578,15
2024-09-16 11:01:06.281000,418.2543188965317,6
2024-09-16 11:01:06.442000,418.26071651361855,995
2024-09-16 11:01:06.512000,418.254955878754,11
2024-09-16 11:01:06.518000,418.2260443460965,98
2024-09-16 11:01:06.547000,418.2508812633829,8
2024-09-16 11:01:06.602000,418.2613833798699,8
2024-09-16 11:01:06.644000,418.2526123651391,99
2024-09-16 11:01:06.792000,418.27091959629183,5
2024-09-16 11:01:07.007000,418.2435501512893,5
2024-09-16 11:01:07.235000,418.2059515168978,9
2024-09-16 11:01:07.296000,418.1890727671978,998
2024-09-16 11:01:07.298000,418.2425489652799,96
2024-09-16 11:01:07.327000,418.1970445853628,14
2024-09-16 11:01:07.370000,418.2293734011133,1002
2024-09-16 11:01:07.405000,418.2301014514409,105
2024-09-16 11:01:07.494000,418.19565346785066,14
2024-09-16 11:01:07.513000,418.2211082767277,12
2024-09-16 11:01:07.544000,418.244673283996,11
2024-09-16 11:01:07.555000,418.2226292454784,1002
2024-09-16 11:01:07.659000,418.2460410446896,10
2024-09-16 11:01:07.665000,418.2499747512895,99
2024-09-16 11:01:07.706000,418.1923836999764,995
2024-09-16 11:01:07.707000,418.1940847998423,95
2024-09-16 11:01:07.758000,418.1834670486291,102
2024-09-16 11:01:07.775000,418.2506989132885,100
2024-09-16 11:01:07.882000,418.20501910047744,103
2024-09-16 11:01:07.886000,418.19310792710365,103
2024-09-16 11:01:07.920000,418.1953131722148,997
2024-09-16 11:01:08.007000,418.1472799828719,7
2024-09-16 11:01:08.019000,418.1837879127844,15
2024-09-16 11:01:08.049000,418.1423399065502,103
2024-09-16 11:01:08.053000,418.1591616789824,998
2024-09-16 11:01:08.117000,418.16248360130936,10
2024-09-16 11:01:08.281000,418.16658011571405,1000
2024-09-16 11:01:08.292000,418.1653876773844,99
2024-09-16 11:01:08.319000,418.1601560475303,13
2024-09-16 11:01:08.337000,418.16261504402974,997
2024-09-16 11:01:08.351000,418.17422454430846,1002
2024-09-16 11:01:08.557000,418.1722196831805,13
2024-09-16 11:01:08.590000,418.15311699659736,11
2024-09-16 11:01:08.595000,418.1716357477635,7
2024-09-16 11:01:08.664000,418.1565461223192,100
2024-09-16 11:01:08.678000,418.14808353970426,6
2024-09-16 11:01:08.680000,418.1706027285698,15
2024-09-16 11:01:08.775000,418.15234923770896,102
2024-09-16 11:01:08.818000,418.1866768532079,103
2024-09-16 11:01:08.845000,418.15169453992,1003
2024-09-16 11:01:08.869000,418.15619264342473,104
2024-09-16 11:01:08.902000,418.15763529139207,104
2024-09-16 11:01:08.958000,418.1437339170522,996
2024-09-16 11:01:08.967000,418.1767641871447,1003
2024-09-16 11:01:09.009000,418.0882822865277,8
2024-09-16 11:01:09.430000,418.1161787331716,104
2024-09-16 11:01:09.559000,418.08170381801824,1000
2024-09-16 11:01:09.671000,418.12643973957216,104
2024-09-16 11:01:09.715000,418.07695387068094,95
2024-09-16 11:01:09.777000,418.0775609096258,998
2024-09-16 11:01:09.780000,418.0816070621767,1001
2024-09-16 11:01:09.794000,418.0800816121693,997
2024-09-16 11:01:09.891000,418.0901611383315,6
2024-09-16 11:01:10.017000,418.1362728615592,100
2024-09-16 11:01:10.044000,418.1156264834181,996
2024-09-16 11:01:10.074000,418.09986689595945,100
2024-09-16 11:01:10.136000,418.1249984928377,11
2024-09-16 11:01:10.139000,418.11460535202855,996
2024-09-16 11:01:10.141000,418.1064511309376,10
2024-09-16 11:01:10.150000,418.12422951293735,998
2024-09-16 11:01:10.173000,418.0963771243972,96
2024-09-16 11:01:10.192000,418.0801686113471,98
2024-09-16 11:01:10.196000,418.1000785674876,999
2024-09-16 11:01:10.204000,418.119591846438,1002
2024-09-16 11:01:10.275000,418.1201206108189,6
2024-09-16 11:01:10.294000,418.1133909780005,104
2024-09-16 11:01:10.345000,418.1111410866075,1002
2024-09-16 11:01:10.399000,418.11849315283433,1001
2024-09-16 11:01:10.407000,418.12421887343305,997
2024-09-16 11:01:10.447000,418.11743708491207,998
2024-09-16 11:01:10.472000,418.1283737353684,12
2024-09-16 11:01:10.661000,418.12814132393584,1001
2024-09-16 11:01:10.763000,418.13880595163823,105
2024-09-16 11:01:10.768000,418.0933018900451,9
2024-09-16 11:01:10.824000,418.0995585389859,8
2024-09-16 11:01:10.954000,418.0888256362124,96
2024-09-16 11:01:10.989000,418.0824663468353,1002
2024-09-16 11:01:10.995000,418.1406401634784,105
2024-09-16 11:01:11.055000,418.0564588698599,1003
2024-09-16 11:01:11.209000,418.0602362216422,99
2024-09-16 11:01:11.238000,418.0517592957354,997
2024-09-16 11:01:11.260000,418.07828527413466,11
2024-09-16 11:01:11.316000,418.0373126946709,11
2024-09-16 11:01:11.454000,418.0536380723744,998
2024-09-16 11:01:11.794000,418.0715254299457,97
2024-09-16 11:01:12.786000,418.0392884779906,15
2024-09-16 11:01:13.017000,418.0072721739867,9
2024-09-16 11:01:13.168000,418.0114732057019,1004
2024-09-16 11:01:13.180000,418.0036268564892,996
2024-09-16 11:01:13.195000,418.012277257669,998
2024-09-16 11:01:13.228000,417.9802354296117,10
2024-09-16 11:01:13.368000,418.0474602438035,9
2024-09-16 11:01:13.387000,418.0394665261701,12
2024-09-16 11:01:13.400000,418.014668689904,996
2024-09-16 11:01:13.402000,418.0534839738654,998
2024-09-16 11:01:13.421000,418.0491826831671,11
2024-09-16 11:01:13.424000,418.0405736146777,105
2024-09-16 11:01:13.508000,418.0356558808771,1000
2024-09-16 11:01:13.527000,418.027954053901,11
2024-09-16 11:01:13.539000,418.0063193150746,1001
2024-09-16 11:01:13.569000,417.9931261823969,96
2024-09-16 11:01:13.708000,418.00892641139865,14
2024-09-16 11:01:13.733000,418.0461552089977,9
2024-09-16 11:01:13.772000,418.028283904282,9
2024-09-16 11:01:13.808000,418.022794294771,997
2024-09-16 11:01:13.878000,418.0092462257492,997
2024-09-16 11:01:13.934000,418.04035733345455,15
2024-09-16 11:01:14.384000,418.01802665942375,8
2024-09-16 11:01:14.410000,417.9979630326077,996
2024-09-16 11:01:14.666000,417.99748503748657,1000
2024-09-16 11:01:14.886000,418.0308696498081,1003
2024-09-16 11:01:14.894000,418.0170709415805,7
2024-09-16 11:01:14.922000,418.0118440278608,1002
2024-09-16 11:01:14.940000,418.0116052906958,998
2024-09-16 11:01:15.034000,418.0193154675604,1004
2024-09-16 11:01:15.125000,417.9925528568685,101
2024-09-16 11:01:15.154000,417.99279941616345,102
2024-09-16 11:01:15.337000,418.007176080957,100
2024-09-16 11:01:15.404000,418.0307482083163,996
2024-09-16 11:01:15.440000,418.0080130375487,997
2024-09-16 11:01:15.545000,418.0068656621278,100
2024-09-16 11:01:15.559000,418.0115894867192,100
2024-09-16 11:01:15.631000,418.028301118906,12
2024-09-16 11:01:15.676000,418.0037542267134,1001
2024-09-16 11:01:15.704000,417.9836572324673,104
2024-09-16 11:01:15.727000,418.0263776116459,104
2024-09-16 11:01:15.807000,418.01309193745794,998
2024-09-16 11:01:15.836000,417.99396040469406,7
2024-09-16 11:01:15.945000,418.0011667358346,9
2024-09-16 11:01:16.006000,417.9937390999354,1003
2024-09-16 11:01:16.008000,418.0676664483215,7
2024-09-16 11:01:16.125000,418.0696130627222,14
2024-09-16 11:01:16.172000,417.99681901571535,1005
2024-09-16 11:01:16.190000,418.0350216089064,105
2024-09-16 11:01:16.273000,418.0135678494297,96
2024-09-16 11:01:16.310000,418.06977243352645,102
2024-09-16 11:01:16.320000,418.0314265401376,13
2024-09-16 11:01:16.399000,418.0546188651453,1000
2024-09-16 11:01:16.403000,418.0613884795167,998
2024-09-16 11:01:16.408000,418.0745371022632,100
2024-09-16 11:01:16.424000,418.00688186624967,5
2024-09-16 11:01:16.465000,417.9965988776588,1001
2024-09-16 11:01:16.467000,418.0724297305052,7
2024-09-16 11:01:16.472000,418.0227230132624,1000
2024-09-16 11:01:16.475000,418.0775375001158,14
2024-09-16 11:01:16.521000,418.0363668442008,1002
2024-09-16 11:01:16.543000,418.0283050261355,101
2024-09-16 11:01:16.603000,418.0672505879664,12
2024-09-16 11:01:16.618000,418.01091744912816,104
2024-09-16 11:01:16.621000,418.02431598198257,8
2024-09-16 11:01:16.702000,417.98644397129794,98
2024-09-16 11:01:16.765000,418.0417532467037,104
2024-09-16 11:01:16.822000,418.0755720145128,12
2024-09-16 11:01:16.991000,418.0571449317328,10
2024-09-16 11:01:17.006000,418.1059962692774,98
2024-09-16 11:01:17.036000,418.1587246957668,104
2024-09-16 11:01:17.086000,418.1634230276887,998
2024-09-16 11:01:17.099000,418.10536647143016,998
2024-09-16 11:01:17.101000,418.1228284276865,97
2024-09-16 11:01:17.180000,418.15400358116926,997
2024-09-16 11:01:17.195000,418.09545042011433,95
2024-09-16 11:01:17.533000,418.1189652964346,1003
2024-09-16 11:01:17.676000,418.1598579579742,1005
2024-09-16 11:01:17.678000,418.1355744898304,6
2024-09-16 11:01:17.732000,418.1648689515893,101
2024-09-16 11:01:17.793000,418.0835961803959,11
2024-09-16 11:01:17.857000,418.0736000256976,998
2024-09-16 11:01:17.858000,418.0788716286757,7
2024-09-16 11:01:17.888000,418.12428118612166,13
2024-09-16 11:01:17.904000,418.15023912610656,996
2024-09-16 11:01:17.925000,418.14496648794943,9
2024-09-16 11:01:17.947000,418.1142616390299,7
2024-09-16 11:01:17.985000,418.0961514490516,96
2024-09-16 11:01:18.196000,418.16615286647,103
2024-09-16 11:01:18.608000,418.16429982675817,102
2024-09-16 11:01:18.682000,418.1490336903016,101
2024-09-16 11:01:18.894000,418.1468498312141,104
2024-09-16 11:01:19.033000,418.1349930963414,1001
2024-09-16 11:01:19.037000,418.1548454453044,1002
2024-09-16 11:01:19.057000,418.1272124782452,103
2024-09-16 11:01:19.098000,418.17075103980346,13
2024-09-16 11:01:19.113000,418.1457007426729,8
2024-09-16 11:01:19.118000,418.149911484534,8
2024-09-16 11:01:19.277000,418.1182974064105,1005
2024-09-16 11:01:19.304000,418.15044806152895,96
2024-09-16 11:01:19.359000,418.1706355279181,1000
2024-09-16 11:01:19.366000,418.1519030797793,105
2024-09-16 11:01:19.369000,418.1390970106828,1004
2024-09-16 11:01:19.409000,418.1399605569122,996
2024-09-16 11:01:19.437000,418.1422546204383,6
2024-09-16 11:01:19.486000,418.10551665064565,98
2024-09-16 11:01:19.504000,418.1001835581277,7
2024-09-16 11:01:19.573000,418.1530551952476,8
2024-09-16 11:01:19.632000,418.0800528237623,10
2024-09-16 11:01:19.648000,418.15799675474193,1001
2024-09-16 11:01:19.685000,418.12141299413247,104
2024-09-16 11:01:19.700000,418.13225351168313,10
2024-09-16 11:01:19.726000,418.1772896563501,101
2024-09-16 11:01:19.730000,418.1244547694606,998
2024-09-16 11:01:19.844000,418.1745373384106,6
2024-09-16 11:01:19.848000,418.1215744082169,99
2024-09-16 11:01:19.909000,418.1135250463407,95
2024-09-16 11:01:19.997000,418.1340299894584,13
2024-09-16 11:01:20.022000,418.0820070651674,101
2024-09-16 11:01:20.089000,418.0857018768184,7
2024-09-16 11:01:20.090000,418.0941161637078,1003
2024-09-16 11:01:20.150000,418.0811576074317,995
2024-09-16 11:01:20.231000,418.114812393801,9
2024-09-16 11:01:20.269000,418.09094187547214,97
2024-09-16 11:01:20.288000,418.0791713514298,15
2024-09-16 11:01:20.309000,418.124625941736,997
2024-09-16 11:01:20.362000,418.07417488277264,95
2024-09-16 11:01:20.364000,418.0973443415908,96
2024-09-16 11:01:20.432000,418.07467467184347,1000
2024-09-16 11:01:20.443000,418.1263793653101,995
2024-09-16 11:01:20.537000,418.0654222497248,997
2024-09-16 11:01:20.538000,418.083457948772,1004
2024-09-16 11:01:20.559000,418.0908465751701,96
2024-09-16 11:01:20.667000,418.0887985980589,12
2024-09-16 11:01:20.680000,418.1044181371587,5
2024-09-16 11:01:20.715000,418.11188283205416,998
2024-09-16 11:01:20.720000,418.1061456581252,1000
2024-09-16 11:01:20.770000,418.07412452129046,999
2024-09-16 11:01:20.809000,418.0885936593992,15
2024-09-16 11:01:20.894000,418.1030074094023,1000
2024-09-16 11:01:20.908000,418.0984955671236,102
2024-09-16 11:01:20.974000,418.1001933883069,1002
2024-09-16 11:01:21.005000,418.0540328787576,1002
2024-09-16 11:01:21.015000,418.0523653506402,99
2024-09-16 11:01:21.036000,418.0549134399008,11
2024-09-16 11:01:21.058000,418.0323929052841,103
2024-09-16 11:01:21.197000,418.0962552560638,11
2024-09-16 11:01:21.212000,418.06304219147,1001
2024-09-16 11:01:21.213000,418.11479429578696,15
2024-09-16 11:01:21.231000,418.089389081749,1000
2024-09-16 11:01:21.245000,418.0274256509119,101
2024-09-16 11:01:21.294000,418.0859223379695,98
2024-09-16 11:01:21.319000,418.042905944367,8
2024-09-16 11:01:21.356000,418.0976866791965,7
2024-09-16 11:01:21.358000,418.09719049081247,999
2024-09-16 11:01:21.378000,418.0326104979434,6
2024-09-16 11:01:21.385000,418.1207306495909,97
2024-09-16 11:01:21.506000,418.10839391916335,7
2024-09-16 11:01:21.516000,418.1177926372539,997
2024-09-16 11:01:21.535000,418.0737029956813,1002
2024-09-16 11:01:21.650000,418.0792002579494,12
2024-09-16 11:01:21.656000,418.0578479836536,103
2024-09-16 11:01:21.671000,418.05564662250447,8
2024-09-16 11:01:21.711000,418.1115419943326,995
2024-09-16 11:01:21.714000,418.09606051849744,14
2024-09-16 11:01:21.721000,418.0381509729508,15
2024-09-16 11:01:21.734000,418.07538516347336,14
2024-09-16 11:01:21.810000,418.0737208709676,996
2024-09-16 11:01:21.967000,418.07203125053815,999
2024-09-16 11:01:21.982000,418.0197292893731,9
2024-09-16 11:01:22.292000,418.0445657975095,104
2024-09-16 11:01:22.454000,418.02992570099497,1003
2024-09-16 11:01:23.167000,418.01339662692527,8
2024-09-16 11:01:23.178000,418.03807633759567,9
2024-09-16 11:01:23.216000,418.0252954992095,1005
2024-09-16 11:01:23.229000,418.0405829515213,997
2024-09-16 11:01:23.233000,418.0358358129969,8
2024-09-16 11:01:23.378000,418.0372264029115,103
2024-09-16 11:01:23.422000,417.9991552849504,1000
2024-09-16 11:01:23.590000,418.0061097040715,103
2024-09-16 11:01:23.699000,418.0239753556612,1001
2024-09-16 11:01:23.877000,418.0189965912095,997
2024-09-16 11:01:23.924000,418.0368835248981,97
2024-09-16 11:01:24.106000,418.01895076641136,101
2024-09-16 11:01:24.170000,418.08697943418497,997
2024-09-16 11:01:24.186000,418.0987922223953,95
2024-09-16 11:01:24.190000,418.059287499652,7
2024-09-16 11:01:24.308000,418.046586681508,5
2024-09-16 11:01:24.366000,418.0956957600872,95
2024-09-16 11:01:24.450000,418.0029289769996,105
2024-09-16 11:01:24.504000,418.0660571066038,97
2024-09-16 11:01:24.562000,418.0820692793222,98
2024-09-16 11:01:24.575000,417.999676717651,103
2024-09-16 11:01:24.874000,417.9970457132782,104
2024-09-16 11:01:24.893000,418.0177428552086,996
2024-09-16 11:01:25.018000,418.09928389647376,5
2024-09-16 11:01:25.109000,418.0743110373873,13
2024-09-16 11:01:25.162000,418.0881471171826,5
2024-09-16 11:01:25.196000,418.08597437066095,101
2024-09-16 11:01:25.201000,418.0866682424278,15
2024-09-16 11:01:25.222000,418.0616542602094,99
2024-09-16 11:01:25.333000,418.0749930649889,1000
2024-09-16 11:01:25.398000,418.0851133217191,1002
2024-09-16 11:01:25.505000,418.058633402605,996
2024-09-16 11:01:25.658000,418.08023161101937,100
2024-09-16 11:01:25.732000,418.0883615731861,100
2024-09-16 11:01:25.831000,418.0602402827912,1003
2024-09-16 11:01:26.190000,418.0473193754951,5
2024-09-16 11:01:26.219000,418.0611678594747,1000
2024-09-16 11:01:26.331000,418.04599571491934,97
2024-09-16 11:01:26.438000,418.0202563987852,1002
2024-09-16 11:01:26.564000,418.0230314261031,1000
2024-09-16 11:01:26.639000,418.0397924289492,995
2024-09-16 11:01:26.747000,418.0227139968524,105
2024-09-16 11:01:26.873000,418.035847925054,98
2024-09-16 11:01:26.933000,418.0266245831538,995
2024-09-16 11:01:27.018000,418.0228432686562,1004
2024-09-16 11:01:27.099000,418.03561208612206,96
2024-09-16 11:01:27.701000,418.0404733705878,15
2024-09-16 11:01:28.158000,418.0125832171841,995
2024-09-16 11:01:28.264000,418.0099405336674,103
2024-09-16 11:01:28.513000,417.9915864378133,98
2024-09-16 11:01:28.605000,418.00928423644007,1005
2024-09-16 11:01:28.608000,418.0240136367584,999
2024-09-16 11:01:28.647000,418.0093596726467,98
2024-09-16 11:01:28.741000,418.02190995594447,14
2024-09-16 11:01:29.041000,418.0366743223007,12
2024-09-16 11:01:29.129000,418.0272445709291,1004
2024-09-16 11:01:29.140000,418.0529630161731,1002
2024-09-16 11:01:29.153000,418.03264595418767,15
2024-09-16 11:01:29.199000,418.0157101791893,998
2024-09-16 11:01:29.209000,418.05045835224223,5
2024-09-16 11:01:29.213000,418.04513661080665,1001
2024-09-16 11:01:29.300000,418.0160939986809,999
2024-09-16 11:01:29.300000,418.0376618402305,14
2024-09-16 11:01:29.358000,418.0181560467024,98
2024-09-16 11:01:29.410000,418.0563422210472,105
2024-09-16 11:01:29.493000,418.03514941712496,995
2024-09-16 11:01:29.501000,418.0186749053812,14
2024-09-16 11:01:29.609000,418.05663122720574,1005
2024-09-16 11:01:29.635000,418.04554739349766,95
2024-09-16 11:01:29.692000,418.0506509270585,12
2024-09-16 11:01:29.695000,418.0602040725457,95
2024-09-16 11:01:29.755000,418.02737088942246,999
2024-09-16 11:01:29.805000,418.0305930631821,14
2024-09-16 11:01:29.938000,418.0044615813536,1005
2024-09-16 11:01:29.990000,418.04056942903554,102
2024-09-16 11:01:30,418.0109447427982,96
2024-09-16 11:01:30.050000,418.0164970434416,11
2024-09-16 11:01:30.057000,418.0221821650929,1004
2024-09-16 11:01:30.071000,417.9910627892253,103
2024-09-16 11:01:30.183000,418.0057140714428,99
2024-09-16 11:01:30.262000,417.9954209820214,1001
2024-09-16 11:01:30.295000,417.99948525993136,1002
2024-09-16 11:01:30.338000,418.01705332665375,996
2024-09-16 11:01:30.434000,418.0042134247112,8
2024-09-16 11:01:30.475000,417.9899683045612,995
2024-09-16 11:01:30.511000,418.0310724007065,14
2024-09-16 11:01:30.516000,417.9932758297418,10
2024-09-16 11:01:30.518000,418.00905843193226,1001
2024-09-16 11:01:30.575000,418.0296771427268,103
2024-09-16 11:01:30.582000,417.9981665587923,96
2024-09-16 11:01:30.653000,418.0224360935297,102
2024-09-16 11:01:30.670000,417.9821790288101,998
2024-09-16 11:01:30.686000,418.023990310927,1005
2024-09-16 11:01:30.705000,418.0047361428197,101
2024-09-16 11:01:30.726000,417.98569503972345,97
2024-09-16 11:01:30.757000,417.9898728956426,105
2024-09-16 11:01:30.802000,418.0024404874649,5
2024-09-16 11:01:30.952000,417.9972234244211,102
2024-09-16 11:01:31.024000,417.9705850432482,12
2024-09-16 11:01:31.160000,418.0053516315199,99
2024-09-16 11:01:31.185000,418.0118073596469,105
2024-09-16 11:01:31.189000,417.9492770667964,1003
2024-09-16 11:01:31.256000,417.94005212137824,101
2024-09-16 11:01:31.262000,418.0230404734045,6
2024-09-16 11:01:31.280000,417.9575677198213,998
2024-09-16 11:01:31.291000,417.9152670668975,101
2024-09-16 11:01:31.333000,417.9150430726333,15
2024-09-16 11:01:31.334000,417.9356479428836,96
2024-09-16 11:01:31.387000,417.9575241099395,5
2024-09-16 11:01:31.413000,418.0009018906245,6
2024-09-16 11:01:31.496000,417.9711889109655,996
2024-09-16 11:01:31.504000,417.9879020996055,99
2024-09-16 11:01:31.542000,418.0103222299862,103
2024-09-16 11:01:31.549000,418.0029335512454,98
2024-09-16 11:01:31.567000,417.96468708737154,7
2024-09-16 11:01:31.568000,417.9850870810472,103
2024-09-16 11:01:31.717000,417.9747554401353,1003
2024-09-16 11:01:31.779000,418.0138777799074,10
2024-09-16 11:01:31.785000,418.0076141916837,97
2024-09-16 11:01:31.920000,417.9677361064444,13
2024-09-16 11:01:32.001000,417.8892998283425,9
2024-09-16 11:01:32.029000,417.8846787983402,15
2024-09-16 11:01:32.119000,417.9187169336551,104
2024-09-16 11:01:32.145000,417.8761050789759,1004
2024-09-16 11:01:32.147000,417.9220671527237,101
2024-09-16 11:01:32.200000,417.92405638114593,105
2024-09-16 11:01:32.259000,417.9027917100801,95
2024-09-16 11:01:32.292000,417.91728180398,1005
2024-09-16 11:01:32.294000,417.9092577460267,96
2024-09-16 11:01:32.497000,417.8928089078899,997
2024-09-16 11:01:32.504000,417.9111436267793,1000
2024-09-16 11:01:32.521000,417.9106433531348,7
2024-09-16 11:01:32.563000,417.8914527119423,11
2024-09-16 11:01:32.623000,417.9140217929606,97
2024-09-16 11:01:32.677000,417.8996168571445,10
2024-09-16 11:01:32.701000,417.91729977434335,97
2024-09-16 11:01:32.735000,417.9020926369308,98
2024-09-16 11:01:32.767000,417.9277784070742,1000
2024-09-16 11:01:32.783000,417.9116736217652,105
2024-09-16 11:01:32.822000,417.9026008105915,103
2024-09-16 11:01:32.870000,417.88714993097335,95
2024-09-16 11:01:32.877000,417.906235524454,8
2024-09-16 11:01:32.889000,417.8772686859082,999
2024-09-16 11:01:32.906000,417.9345787515588,14
2024-09-16 11:01:32.948000,417.93984900719073,105
2024-09-16 11:01:33.894000,417.8933186491821,105
2024-09-16 11:01:34.047000,417.9076939747332,10
2024-09-16 11:01:34.075000,417.85903156678336,99
2024-09-16 11:01:34.089000,417.89378588658167,1004
2024-09-16 11:01:34.123000,417.86436338571,96
2024-09-16 11:01:34.170000,417.8889693318972,1000
2024-09-16 11:01:34.243000,417.8730055916091,998
2024-09-16 11:01:34.247000,417.85355004273686,105
2024-09-16 11:01:34.325000,417.8863551934862,12
2024-09-16 11:01:34.366000,417.8492240601181,1002
2024-09-16 11:01:34.411000,417.837674916606,14
2024-09-16 11:01:34.536000,417.8273857111135,10
2024-09-16 11:01:34.541000,417.8716702210798,95
2024-09-16 11:01:34.571000,417.8702655821534,98
2024-09-16 11:01:34.607000,417.8267422730289,101
2024-09-16 11:01:34.718000,417.848593659871,996
2024-09-16 11:01:34.720000,417.8622659060047,1002
2024-09-16 11:01:34.747000,417.8418620311081,5
2024-09-16 11:01:34.973000,417.84040358848137,103
2024-09-16 11:01:36.061000,417.8462940904411,98
2024-09-16 11:01:36.065000,417.8490543927056,13
2024-09-16 11:01:36.133000,417.8337040290724,7
2024-09-16 11:01:36.166000,417.867440994485,96
2024-09-16 11:01:36.190000,417.90362370661535,15
2024-09-16 11:01:36.212000,417.8275314475581,996
2024-09-16 11:01:36.222000,417.8872533764165,13
2024-09-16 11:01:36.307000,417.8808172679891,5
2024-09-16 11:01:36.380000,417.8712599147018,102
2024-09-16 11:01:36.385000,417.8859161283176,97
2024-09-16 11:01:36.471000,417.8347540073548,1001
2024-09-16 11:01:36.473000,417.8356425451102,5
2024-09-16 11:01:36.551000,417.8873125895661,10
2024-09-16 11:01:36.595000,417.8234991993947,98
2024-09-16 11:01:36.625000,417.849482813868,996
2024-09-16 11:01:36.709000,417.8472626533645,97
2024-09-16 11:01:36.740000,417.8592711056842,1000
2024-09-16 11:01:36.819000,417.8481950828717,96
2024-09-16 11:01:36.875000,417.872406406583,5
2024-09-16 11:01:36.901000,417.8475043562036,995
2024-09-16 11:01:36.969000,417.8549382223093,7
2024-09-16 11:01:36.969000,417.8127758336541,1002
2024-09-16 11:01:37.029000,417.7684305234711,95
2024-09-16 11:01:37.056000,417.8636543444845,102
2024-09-16 11:01:37.080000,417.79324335226806,95
2024-09-16 11:01:37.142000,417.8089266192284,95
2024-09-16 11:01:37.151000,417.80336287311263,105
2024-09-16 11:01:37.153000,417.8202363891911,13
2024-09-16 11:01:37.203000,417.7855782757753,6
2024-09-16 11:01:37.205000,417.8120523919167,1003
2024-09-16 11:01:37.378000,417.8112408978963,105
2024-09-16 11:01:37.453000,417.8123627007488,997
2024-09-16 11:01:37.505000,417.817722226152,98
2024-09-16 11:01:37.524000,417.7791394335622,15
2024-09-16 11:01:37.539000,417.799855098786,104
2024-09-16 11:01:37.567000,417.83479567047925,1004
2024-09-16 11:01:37.576000,417.80220793321166,1005
2024-09-16 11:01:37.613000,417.7895164822591,998
2024-09-16 11:01:37.617000,417.8260087581832,999
2024-09-16 11:01:37.737000,417.8286502940806,1001
2024-09-16 11:01:37.747000,417.8028809568857,5
2024-09-16 11:01:37.765000,417.842183853982,10
2024-09-16 11:01:37.786000,417.82654909811447,103
2024-09-16 11:01:37.827000,417.7694887675023,100
2024-09-16 11:01:37.847000,417.8199741248697,5
2024-09-16 11:01:37.902000,417.8397004692691,96
2024-09-16 11:01:37.905000,417.84833425745103,1002
2024-09-16 11:01:37.943000,417.8477620855292,8
2024-09-16 11:01:37.961000,417.8124698794928,103
2024-09-16 11:01:38.046000,417.8530604280279,1005
2024-09-16 11:01:38.165000,417.86168928702944,998
2024-09-16 11:01:38.233000,417.8577854418045,14
2024-09-16 11:01:38.619000,417.8725955450671,995
2024-09-16 11:01:38.739000,417.8595089827482,1003
2024-09-16 11:01:39.056000,417.8929470424474,103
2024-09-16 11:01:39.108000,417.9055114246332,104
2024-09-16 11:01:39.135000,417.9155700470128,999
2024-09-16 11:01:39.184000,417.86251560843584,104
2024-09-16 11:01:39.328000,417.9144567680518,96
2024-09-16 11:01:39.372000,417.85377976758986,103
2024-09-16 11:01:39.470000,417.89428342760914,998
2024-09-16 11:01:39.497000,417.9162805447067,1004
2024-09-16 11:01:39.598000,417.8973438461196,96
2024-09-16 11:01:39.719000,417.8842445362406,14
2024-09-16 11:01:39.731000,417.87507801171415,6
2024-09-16 11:01:39.747000,417.887030374813,100
2024-09-16 11:01:39.801000,417.8647089099137,15
2024-09-16 11:01:39.884000,417.8895557062912,8
2024-09-16 11:01:39.891000,417.8464671334892,15
2024-09-16 11:01:39.956000,417.8422385989827,1001
2024-09-16 11:01:40.584000,417.9331468324144,15
2024-09-16 11:01:40.921000,417.9492625712051,12
2024-09-16 11:01:41.056000,417.96099235384855,1005
2024-09-16 11:01:41.116000,417.9314413498244,6
2024-09-16 11:01:41.125000,417.9637901887165,996
2024-09-16 11:01:41.136000,417.946303476661,105
2024-09-16 11:01:41.211000,417.9502957666206,13
2024-09-16 11:01:41.216000,417.9890513332911,1003
2024-09-16 11:01:41.229000,417.890505888629,99
2024-09-16 11:01:41.237000,417.8918743314201,102
2024-09-16 11:01:41.357000,417.8907157219649,6
2024-09-16 11:01:41.401000,417.951586972088,102
2024-09-16 11:01:41.461000,417.9925283127056,100
2024-09-16 11:01:41.486000,417.944763416475,9
2024-09-16 11:01:41.494000,417.8990431283367,998
2024-09-16 11:01:41.526000,417.8704476979789,8
2024-09-16 11:01:41.534000,417.9190594257937,5
2024-09-16 11:01:41.556000,417.9168760122486,996
2024-09-16 11:01:41.633000,417.9404520522626,8
2024-09-16 11:01:41.863000,417.9419373451564,996
2024-09-16 11:01:41.900000,417.95965837093377,99
2024-09-16 11:01:42.097000,417.8634597785794,103
2024-09-16 11:01:42.104000,417.88166476575975,995
2024-09-16 11:01:42.303000,417.82824388818295,14
2024-09-16 11:01:42.313000,417.8560364633955,9
2024-09-16 11:01:42.316000,417.8980933351089,104
2024-09-16 11:01:42.335000,417.829650472194,10
2024-09-16 11:01:42.375000,417.87395490747787,1001
2024-09-16 11:01:42.459000,417.8971384282999,98
2024-09-16 11:01:42.611000,417.854639487352,8
2024-09-16 11:01:42.621000,417.89965366300606,996
2024-09-16 11:01:42.662000,417.8594095807546,100
2024-09-16 11:01:42.665000,417.8481430381197,101
2024-09-16 11:01:42.735000,417.8839175981728,1003
2024-09-16 11:01:42.743000,417.8918384956111,11
2024-09-16 11:01:42.849000,417.8905156204927,95
2024-09-16 11:01:42.891000,417.8878124207888,996
2024-09-16 11:01:42.912000,417.8823314263009,14
2024-09-16 11:01:42.944000,417.81885443947954,99
2024-09-16 11:01:42.954000,417.8708112962582,105
2024-09-16 11:01:43.011000,417.8324387736305,12
2024-09-16 11:01:43.043000,417.8687363834569,13
2024-09-16 11:01:43.055000,417.875504019939,99
2024-09-16 11:01:43.087000,417.8235984503601,1002
2024-09-16 11:01:43.159000,417.8423581940965,14
2024-09-16 11:01:43.317000,417.8609167842164,98
2024-09-16 11:01:43.405000,417.8379771190712,96
2024-09-16 11:01:43.452000,417.8826521347381,996
2024-09-16 11:01:43.490000,417.8703962493324,6
2024-09-16 11:01:43.504000,417.8510092832856,103
2024-09-16 11:01:43.524000,417.8729449906842,13
2024-09-16 11:01:43.570000,417.830137515158,13
2024-09-16 11:01:43.732000,417.8257137323338,995
2024-09-16 11:01:43.787000,417.8680012486886,98
2024-09-16 11:01:43.807000,417.85512210900345,98
2024-09-16 11:01:43.819000,417.831622425696,12
2024-09-16 11:01:43.849000,417.8627983236054,996
2024-09-16 11:01:43.869000,417.8585713982501,1001
2024-09-16 11:01:43.917000,417.8253258341693,15
2024-09-16 11:01:43.994000,417.8759292271721,100
2024-09-16 11:01:44.037000,417.7509254264866,97
2024-09-16 11:01:44.201000,417.8074705530922,1004
2024-09-16 11:01:44.362000,417.8050838082621,998
2024-09-16 11:01:44.363000,417.8235152620953,99
2024-09-16 11:01:44.363000,417.7608863930845,10
2024-09-16 11:01:44.370000,417.7168230842869,995
2024-09-16 11:01:44.389000,417.7926657176448,1002
2024-09-16 11:01:44.444000,417.7924560679844,103
2024-09-16 11:01:44.452000,417.778592673593,103
2024-09-16 11:01:44.452000,417.76521242641576,1004
2024-09-16 11:01:44.459000,417.83756432577457,998
2024-09-16 11:01:44.495000,417.83759026785486,11
2024-09-16 11:01:44.511000,417.8052808307503,6
2024-09-16 11:01:44.527000,417.7677253281655,1000
2024-09-16 11:01:44.531000,417.7321118440311,103
2024-09-16 11:01:44.541000,417.8226809538166,95
2024-09-16 11:01:44.565000,417.7811900416871,95
2024-09-16 11:01:44.654000,417.7970441381352,999
2024-09-16 11:01:44.704000,417.75250918529247,1001
2024-09-16 11:01:44.704000,417.8140318463682,8
2024-09-16 11:01:44.722000,417.7941162037649,1001
2024-09-16 11:01:44.747000,417.78640207027536,7
2024-09-16 11:01:44.756000,417.7706892280799,5
2024-09-16 11:01:44.772000,417.7966979216407,104
2024-09-16 11:01:44.847000,417.8075927363221,5
2024-09-16 11:01:44.907000,417.7442615422561,100
2024-09-16 11:01:44.951000,417.81621523856353,105
2024-09-16 11:01:44.990000,417.8219061104773,1003
2024-09-16 11:01:44.996000,417.7438099215492,97
2024-09-16 11:01:45.583000,417.7189291716981,11
2024-09-16 11:01:45.775000,417.719507112372,8
2024-09-16 11:01:46.477000,417.695451081346,12
2024-09-16 11:01:46.838000,417.71906563162895,7
2024-09-16 11:01:47.043000,417.7021191798325,95
2024-09-16 11:01:47.064000,417.6592424860821,105
2024-09-16 11:01:47.112000,417.6429328599237,1003
2024-09-16 11:01:47.443000,417.6357972001968,100
2024-09-16 11:01:47.466000,417.66853708414754,105
2024-09-16 11:01:47.468000,417.7233596442917,100
2024-09-16 11:01:47.511000,417.6811288360916,104
2024-09-16 11:01:47.562000,417.6695754970984,95
2024-09-16 11:01:47.603000,417.6914184734141,1005
2024-09-16 11:01:47.664000,417.6556446541343,100
2024-09-16 11:01:47.718000,417.6631195853519,102
2024-09-16 11:01:47.866000,417.66954951054527,98
2024-09-16 11:01:47.882000,417.64251030575264,1004
2024-09-16 11:01:47.950000,417.6463047043977,996
2024-09-16 11:01:48.063000,417.71488587078494,996
2024-09-16 11:01:48.601000,417.733020321272,1001
2024-09-16 11:01:48.790000,417.7136270212313,6
2024-09-16 11:01:48.796000,417.7311736027129,103
2024-09-16 11:01:48.864000,417.72086986341975,996
2024-09-16 11:01:48.886000,417.7413131233991,103
2024-09-16 11:01:49.074000,417.73005887473175,100
2024-09-16 11:01:49.113000,417.7512334450111,96
2024-09-16 11:01:49.173000,417.6841364024269,10
2024-09-16 11:01:49.222000,417.71475370145055,995
2024-09-16 11:01:49.232000,417.6895961646666,1002
2024-09-16 11:01:49.275000,417.7391477673004,1001
2024-09-16 11:01:49.282000,417.7235625532779,14
2024-09-16 11:01:49.373000,417.7442733874886,1005
2024-09-16 11:01:49.422000,417.7537705586168,95
2024-09-16 11:01:49.445000,417.7391294264184,8
2024-09-16 11:01:49.496000,417.7190840745996,95
2024-09-16 11:01:49.513000,417.7285941927646,1002
2024-09-16 11:01:49.545000,417.7442135900318,102
2024-09-16 11:01:49.549000,417.749314147846,104
2024-09-16 11:01:49.557000,417.7374066462109,11
2024-09-16 11:01:49.566000,417.73045376632814,7
2024-09-16 11:01:49.585000,417.7595303157472,12
2024-09-16 11:01:49.586000,417.72123303323787,98
2024-09-16 11:01:49.620000,417.7047004360704,11
2024-09-16 11:01:49.650000,417.70607198044513,15
2024-09-16 11:01:49.716000,417.7391035645773,999
2024-09-16 11:01:49.716000,417.726796549089,9
2024-09-16 11:01:49.864000,417.7355294680743,5
2024-09-16 11:01:49.899000,417.7395614340823,102
2024-09-16 11:01:49.902000,417.73150087989984,996
2024-09-16 11:01:50.021000,417.7677605086089,9
2024-09-16 11:01:50.031000,417.796991914169,13
2024-09-16 11:01:50.058000,417.77264783187,104
2024-09-16 11:01:50.073000,417.7579174514031,1005
2024-09-16 11:01:50.104000,417.6936947473644,1004
2024-09-16 11:01:50.182000,417.7143754989588,999
2024-09-16 11:01:50.183000,417.7183546513599,14
2024-09-16 11:01:50.193000,417.7452150619132,97
2024-09-16 11:01:50.206000,417.7204058838057,15
2024-09-16 11:01:50.253000,417.7676710457854,96
2024-09-16 11:01:50.280000,417.7106094043375,103
2024-09-16 11:01:50.355000,417.7853863330423,101
2024-09-16 11:01:50.385000,417.7897123336061,1003
2024-09-16 11:01:50.483000,417.7868164314685,1002
2024-09-16 11:01:50.489000,417.7913849758834,995
2024-09-16 11:01:50.543000,417.7757524527393,7
2024-09-16 11:01:50.582000,417.7857468859983,15
2024-09-16 11:01:50.588000,417.7760511461569,95
2024-09-16 11:01:50.799000,417.7818850850722,105
2024-09-16 11:01:50.826000,417.7781408189095,12
2024-09-16 11:01:50.867000,417.7821915872744,1004
2024-09-16 11:01:50.868000,417.78150993107016,15
2024-09-16 11:01:50.888000,417.7816761894428,8
2024-09-16 11:01:50.908000,417.7954236649703,99
2024-09-16 11:01:50.965000,417.8004960884657,105
2024-09-16 11:01:51.119000,417.793895988453,1002
2024-09-16 11:01:51.169000,417.7836727177025,105
2024-09-16 11:01:51.294000,417.8106909709642,11
2024-09-16 11:01:51.412000,417.7923026418768,998
2024-09-16 11:01:51.458000,417.7691954080439,998
2024-09-16 11:01:51.474000,417.8492345175823,1003
2024-09-16 11:01:51.483000,417.8290138905279,96
2024-09-16 11:01:51.538000,417.8258306925281,96
2024-09-16 11:01:51.563000,417.790174549101,104
2024-09-16 11:01:51.587000,417.7967262588625,96
2024-09-16 11:01:51.669000,417.85710866408033,996
2024-09-16 11:01:51.820000,417.7998324587281,1002
2024-09-16 11:01:51.881000,417.7891140355765,95
2024-09-16 11:01:52.007000,417.86941510771913,1000
2024-09-16 11:01:52.059000,417.8689159901926,104
2024-09-16 11:01:52.080000,417.8406003320727,100
2024-09-16 11:01:52.094000,417.8571749282833,12
2024-09-16 11:01:52.253000,417.8563292011201,9
2024-09-16 11:01:52.256000,417.8762688304912,995
2024-09-16 11:01:52.331000,417.8108352640864,6
2024-09-16 11:01:52.387000,417.8400188700649,7
2024-09-16 11:01:52.440000,417.8326066441174,104
2024-09-16 11:01:52.630000,417.8635205979943,6
2024-09-16 11:01:52.729000,417.88775776495226,11
2024-09-16 11:01:52.731000,417.84996635871954,12
2024-09-16 11:01:52.866000,417.8857289078268,15
2024-09-16 11:01:52.880000,417.8132640782533,11
2024-09-16 11:01:52.932000,417.8275754907712,13
2024-09-16 11:01:52.956000,417.860547333183,104
2024-09-16 11:01:53.058000,417.7828677182721,11
2024-09-16 11:01:53.188000,417.77909568029634,15
2024-09-16 11:01:53.204000,417.79477871685,95
2024-09-16 11:01:53.217000,417.8219982791845,995
2024-09-16 11:01:53.225000,417.8237004424663,1005
2024-09-16 11:01:53.296000,417.8226648273303,7
2024-09-16 11:01:53.322000,417.7912219363771,1002
2024-09-16 11:01:53.395000,417.825691044362,105
2024-09-16 11:01:53.417000,417.8030559706348,103
2024-09-16 11:01:53.431000,417.8309491187648,8
2024-09-16 11:01:53.597000,417.8342286758841,15
2024-09-16 11:01:53.611000,417.7774038492462,999
2024-09-16 11:01:53.657000,417.82285275042,102
2024-09-16 11:01:53.885000,417.8104492221774,12
2024-09-16 11:01:53.930000,417.8398375932508,1005
2024-09-16 11:01:53.943000,417.7980899068992,997
2024-09-16 11:01:53.972000,417.8457915437708,97
2024-09-16 11:01:54.055000,417.8217343283171,97
2024-09-16 11:01:54.247000,417.8356061980865,13
2024-09-16 11:01:54.293000,417.7844276582076,97
2024-09-16 11:01:54.314000,417.8139549713082,1004
2024-09-16 11:01:54.482000,417.8044040555992,5
2024-09-16 11:01:54.495000,417.79256184778455,9
2024-09-16 11:01:54.612000,417.8319701478105,995
2024-09-16 11:01:54.625000,417.8510765703976,96
2024-09-16 11:01:54.662000,417.8489146162944,105
2024-09-16 11:01:54.745000,417.8195894651113,999
2024-09-16 11:01:54.772000,417.80455916501137,103
2024-09-16 11:01:54.887000,417.8265402468068,96
2024-09-16 11:01:55.005000,417.8984568804808,1001
2024-09-16 11:01:55.356000,417.8926215807935,7
2024-09-16 11:01:55.414000,417.85696694080735,14
2024-09-16 11:01:55.482000,417.887035805033,95
2024-09-16 11:01:55.492000,417.88481986107473,100
2024-09-16 11:01:55.548000,417.920515486755,102
2024-09-16 11:01:55.565000,417.8901648630178,104
2024-09-16 11:01:55.619000,417.8689981468162,11
2024-09-16 11:01:55.649000,417.8809755634622,101
2024-09-16 11:01:55.677000,417.90180832128107,99
2024-09-16 11:01:55.734000,417.8816069256694,1004
2024-09-16 11:01:55.737000,417.8801279574328,9
2024-09-16 11:01:55.838000,417.8778226685346,95
2024-09-16 11:01:55.855000,417.8905423609333,97
2024-09-16 11:01:55.872000,417.863855110632,5
2024-09-16 11:01:55.920000,417.8891957811152,100
2024-09-16 11:01:55.942000,417.875566490223,97
2024-09-16 11:01:55.945000,417.89730806771615,103
2024-09-16 11:01:55.987000,417.86027236969926,96
2024-09-16 11:01:56.068000,417.9194792875322,102
2024-09-16 11:01:56.086000,417.97391208626885,1000
2024-09-16 11:01:56.086000,417.978355818143,1001
2024-09-16 11:01:56.103000,417.930194283372,997
2024-09-16 11:01:56.148000,417.9527387462604,8
2024-09-16 11:01:56.171000,417.9523803291497,996
2024-09-16 11:01:56.188000,417.89770640324457,1002
2024-09-16 11:01:56.286000,417.9504737170757,8
2024-09-16 11:01:56.287000,417.9491567765436,1004
2024-09-16 11:01:56.337000,417.9054400339291,998
2024-09-16 11:01:56.374000,418.006567088442,1003
2024-09-16 11:01:56.375000,417.9077441667232,101
2024-09-16 11:01:56.520000,417.9729911606252,1003
2024-09-16 11:01:56.576000,417.93212113365786,5
2024-09-16 11:01:56.607000,417.9182792686584,15
2024-09-16 11:01:56.641000,417.9548228398956,5
2024-09-16 11:01:56.677000,417.96782118821744,1002
2024-09-16 11:01:56.728000,417.92591231217335,1005
2024-09-16 11:01:56.769000,417.93708573876273,95
2024-09-16 11:01:56.846000,417.9485030319865,102
2024-09-16 11:01:56.865000,417.9209953630657,104
2024-09-16 11:01:56.930000,417.93255160371336,12
2024-09-16 11:01:56.977000,417.9470285311208,8
2024-09-16 11:01:56.984000,417.948618381038,99
2024-09-16 11:01:56.988000,417.897780038228,98
2024-09-16 11:01:57.037000,418.05327880461874,999
2024-09-16 11:01:57.044000,418.0408605643704,15
2024-09-16 11:01:57.207000,418.06930060730303,5
2024-09-16 11:01:57.227000,418.05963014984087,9
2024-09-16 11:01:57.238000,418.0583115249621,12
2024-09-16 11:01:57.270000,418.0330668306699,1000
2024-09-16 11:01:57.290000,418.064326974269,997
2024-09-16 11:01:57.300000,418.0733236601861,1003
2024-09-16 11:01:57.307000,418.05976726569816,13
2024-09-16 11:01:57.360000,418.0544742182408,13
2024-09-16 11:01:57.441000,418.08140834519975,15
2024-09-16 11:01:57.450000,418.053007188036,998
2024-09-16 11:01:57.537000,418.0591118359365,15
2024-09-16 11:01:57.665000,418.0338216510735,1002
2024-09-16 11:01:57.783000,418.0339791270857,1005
2024-09-16 11:01:57.852000,418.0819607457151,97
2024-09-16 11:01:57.919000,418.050249421611,1002
2024-09-16 11:01:57.938000,418.06488291389934,10
2024-09-16 11:01:58.022000,418.09520928313714,11
2024-09-16 11:01:58.079000,418.0688992800408,1002
2024-09-16 11:01:58.140000,418.0387338451279,7
2024-09-16 11:01:58.182000,418.04696987139255,103
2024-09-16 11:01:58.262000,418.0431929838751,99
2024-09-16 11:01:58.317000,418.0880927951056,1000
2024-09-16 11:01:58.347000,418.07190498467634,1001
2024-09-16 11:01:58.367000,418.03523022917886,105
2024-09-16 11:01:58.389000,418.059604786124,103
2024-09-16 11:01:58.576000,418.0530591786816,1004
2024-09-16 11:01:58.583000,418.04848884264806,999
2024-09-16 11:01:58.741000,418.0605027815942,98
2024-09-16 11:01:58.790000,418.03420466807125,12
2024-09-16 11:01:58.863000,418.1039494497385,995
2024-09-16 11:01:58.884000,418.0932804255384,1000
2024-09-16 11:01:58.914000,418.0263515423015,99
2024-09-16 11:01:58.982000,418.0523195516779,9
2024-09-16 11:01:58.987000,418.0697454520657,99
2024-09-16 11:01:59.006000,418.086840875172,101
2024-09-16 11:01:59.063000,418.0668796620549,1005
2024-09-16 11:01:59.126000,418.1226021088816,7
2024-09-16 11:01:59.199000,418.1194429755597,105
2024-09-16 11:01:59.210000,418.1390357104096,103
2024-09-16 11:01:59.212000,418.137030976491,103
2024-09-16 11:01:59.243000,418.0976989309755,1002
2024-09-16 11:01:59.332000,418.1464081955153,996
2024-09-16 11:01:59.494000,418.1198698268223,1000
2024-09-16 11:01:59.526000,418.1214218684916,13
2024-09-16 11:01:59.544000,418.1239007648672,997
2024-09-16 11:01:59.568000,418.10512876524206,11
2024-09-16 11:01:59.577000,418.0451093582879,99
2024-09-16 11:01:59.582000,418.0989173647973,100
2024-09-16 11:01:59.648000,418.1145174613765,102
2024-09-16 11:01:59.710000,418.099405416923,95
2024-09-16 11:01:59.730000,418.1337285093628,97
2024-09-16 11:01:59.773000,418.0955662700969,997
2024-09-16 11:01:59.808000,418.1385445395152,101
2024-09-16 11:01:59.847000,418.0872315746062,1000
2024-09-16 11:01:59.857000,418.12969344033337,11
2024-09-16 11:01:59.899000,418.1171243002144,999
2024-09-16 11:01:59.923000,418.12444838549766,97
2024-09-16 11:01:59.945000,418.08695129132593,1005
2024-09-16 11:01:59.956000,418.1162286357271,1003
2024-09-16 11:01:59.965000,418.09860562540615,15
