Timestamp,Price,Size
2024-09-16 10:02:00.953000,419.0241840252786,999
2024-09-16 10:02:01.303000,419.1016642058301,997
2024-09-16 10:02:01.316000,419.0794877761653,13
2024-09-16 10:02:01.327000,419.0998871578192,10
2024-09-16 10:02:01.513000,419.02795276935217,98
2024-09-16 10:02:01.570000,419.11294473545024,14
2024-09-16 10:02:01.611000,419.1129239298153,6
2024-09-16 10:02:01.685000,419.102460796189,1005
2024-09-16 10:02:01.707000,419.05908075139257,1004
2024-09-16 10:02:01.944000,419.109341033714,995
2024-09-16 10:02:01.948000,419.0464387864884,12
2024-09-16 10:02:01.954000,419.05941004971805,97
2024-09-16 10:02:02.151000,419.0476814345451,102
2024-09-16 10:02:02.154000,419.031754127453,1004
2024-09-16 10:02:02.202000,419.0469649139799,14
2024-09-16 10:02:02.221000,419.0321002001074,1001
2024-09-16 10:02:02.305000,419.0909137054023,12
2024-09-16 10:02:02.321000,419.043679122027,7
2024-09-16 10:02:02.341000,419.033287657573,101
2024-09-16 10:02:02.401000,419.0934662541917,996
2024-09-16 10:02:02.415000,419.035044208764,11
2024-09-16 10:02:02.577000,419.0359557169613,7
2024-09-16 10:02:02.714000,418.9877013665353,997
2024-09-16 10:02:02.748000,419.0671400102964,98
2024-09-16 10:02:02.789000,419.02692492787816,98
2024-09-16 10:02:02.853000,419.0748848041959,8
2024-09-16 10:02:02.858000,419.0140510915014,6
2024-09-16 10:02:02.889000,419.0066500444876,996
2024-09-16 10:02:02.904000,419.1011940338501,98
2024-09-16 10:02:02.908000,418.9973922063844,99
2024-09-16 10:02:03.142000,418.9981209541414,97
2024-09-16 10:02:03.367000,418.9942266810591,99
2024-09-16 10:02:03.432000,418.9917536277462,103
2024-09-16 10:02:03.730000,418.9893711498928,8
2024-09-16 10:02:04.003000,418.98841620604975,15
2024-09-16 10:02:04.086000,418.9831284659284,6
2024-09-16 10:02:04.170000,418.99839449187937,1003
2024-09-16 10:02:04.261000,418.99743867431056,99
2024-09-16 10:02:04.294000,419.0038749664613,96
2024-09-16 10:02:04.440000,419.01781644287945,96
2024-09-16 10:02:04.526000,419.014122342732,99
2024-09-16 10:02:04.656000,418.9818195199453,1005
2024-09-16 10:02:04.712000,419.01012759058375,95
2024-09-16 10:02:04.891000,419.0083485256667,101
2024-09-16 10:02:04.926000,418.99613299278735,99
2024-09-16 10:02:05.009000,418.92546328148,12
2024-09-16 10:02:05.029000,418.9960365123951,1004
2024-09-16 10:02:05.124000,418.9179342249088,1004
2024-09-16 10:02:05.244000,418.9757696199332,1003
2024-09-16 10:02:05.274000,418.9234010308255,14
2024-09-16 10:02:05.301000,418.9721995547256,1003
2024-09-16 10:02:05.341000,418.997922691006,8
2024-09-16 10:02:05.371000,418.9328182933969,100
2024-09-16 10:02:05.384000,418.9836001450816,97
2024-09-16 10:02:05.395000,418.9800793877495,1000
2024-09-16 10:02:05.419000,418.9700530279537,995
2024-09-16 10:02:05.512000,418.9322645667281,14
2024-09-16 10:02:05.567000,418.9818853539874,11
2024-09-16 10:02:05.578000,418.9301461011086,103
2024-09-16 10:02:05.606000,418.94550918218897,996
2024-09-16 10:02:05.708000,418.9804459075028,1003
2024-09-16 10:02:05.736000,418.9804108405255,5
2024-09-16 10:02:05.748000,418.9399052253976,99
2024-09-16 10:02:05.825000,418.9824059460663,7
2024-09-16 10:02:05.832000,418.9967540346484,999
2024-09-16 10:02:05.849000,418.92485406760784,14
2024-09-16 10:02:05.880000,418.95696605867465,998
2024-09-16 10:02:05.954000,419.011783375107,995
2024-09-16 10:02:05.969000,418.978446433351,1003
2024-09-16 10:02:05.985000,419.01644904825577,95
2024-09-16 10:02:06.081000,418.7986062913718,15
2024-09-16 10:02:06.115000,418.76800713942623,98
2024-09-16 10:02:06.182000,418.85991962457547,9
2024-09-16 10:02:06.182000,418.9118207690789,96
2024-09-16 10:02:06.213000,418.887216579221,1001
2024-09-16 10:02:06.216000,418.7731216018102,999
2024-09-16 10:02:06.312000,418.8007877773261,1004
2024-09-16 10:02:06.457000,418.865957876585,996
2024-09-16 10:02:06.464000,418.7973827845484,996
2024-09-16 10:02:06.492000,418.80517526516064,13
2024-09-16 10:02:06.580000,418.8394226805057,104
2024-09-16 10:02:06.621000,418.78435867758463,97
2024-09-16 10:02:06.682000,418.8105580681232,95
2024-09-16 10:02:06.688000,418.924284471399,998
2024-09-16 10:02:06.695000,418.7887136732168,8
2024-09-16 10:02:06.718000,418.866010913834,14
2024-09-16 10:02:06.808000,418.8686259782078,100
2024-09-16 10:02:06.815000,418.8026364240191,15
2024-09-16 10:02:06.817000,418.8065389782048,995
2024-09-16 10:02:06.835000,418.8722184442682,995
2024-09-16 10:02:06.881000,418.8263172425852,995
2024-09-16 10:02:06.903000,418.7908444269536,1000
2024-09-16 10:02:06.964000,418.78943782611856,13
2024-09-16 10:02:06.969000,418.88717257506215,98
2024-09-16 10:02:06.986000,418.7795122458253,6
2024-09-16 10:02:07.086000,418.7551070078984,15
2024-09-16 10:02:07.092000,418.76228117545423,8
2024-09-16 10:02:07.135000,418.8260948469128,5
2024-09-16 10:02:07.224000,418.7701399800465,9
2024-09-16 10:02:07.254000,418.7900090371157,101
2024-09-16 10:02:07.273000,418.793922246444,1002
2024-09-16 10:02:07.278000,418.77944693442527,12
2024-09-16 10:02:07.314000,418.7903740444997,1003
2024-09-16 10:02:07.326000,418.8129413131107,104
2024-09-16 10:02:07.409000,418.7922323306656,100
2024-09-16 10:02:07.552000,418.7619052916292,998
2024-09-16 10:02:07.620000,418.7877867943722,995
2024-09-16 10:02:07.625000,418.83370328836025,101
2024-09-16 10:02:07.710000,418.8219742213586,8
2024-09-16 10:02:07.891000,418.8197377298334,103
2024-09-16 10:02:08.031000,418.8363865615343,103
2024-09-16 10:02:08.062000,418.8938590257258,102
2024-09-16 10:02:08.135000,418.8662178406339,12
2024-09-16 10:02:08.187000,418.8368091660617,11
2024-09-16 10:02:08.208000,418.90140221725056,11
2024-09-16 10:02:08.239000,418.9212848621796,1003
2024-09-16 10:02:08.272000,418.8839040734336,996
2024-09-16 10:02:08.277000,418.8177991438572,95
2024-09-16 10:02:08.361000,418.87442830412425,96
2024-09-16 10:02:08.408000,418.8460464675325,11
2024-09-16 10:02:08.416000,418.85280773395465,96
2024-09-16 10:02:08.441000,418.8444946695643,100
2024-09-16 10:02:08.513000,418.8901991126104,99
2024-09-16 10:02:08.540000,418.899287598574,14
2024-09-16 10:02:08.577000,418.8308846870744,1000
2024-09-16 10:02:08.684000,418.8905281130432,103
2024-09-16 10:02:08.685000,418.82102760415626,96
2024-09-16 10:02:08.752000,418.914498449104,96
2024-09-16 10:02:08.752000,418.8544284581561,1005
2024-09-16 10:02:08.767000,418.8952888458384,11
2024-09-16 10:02:08.797000,418.8539033701384,1002
2024-09-16 10:02:08.816000,418.89150077768096,14
2024-09-16 10:02:08.980000,418.8646989146243,1002
2024-09-16 10:02:08.992000,418.8793020738525,101
2024-09-16 10:02:08.995000,418.8133031663753,104
2024-09-16 10:02:08.998000,418.91116422774405,5
2024-09-16 10:02:09.009000,418.9056374893128,96
2024-09-16 10:02:09.025000,418.932734736929,996
2024-09-16 10:02:09.050000,418.92006860802655,15
2024-09-16 10:02:09.171000,418.93012329985777,95
2024-09-16 10:02:09.233000,418.9099283096207,1000
2024-09-16 10:02:09.334000,418.9323930175871,8
2024-09-16 10:02:09.345000,418.90648542562246,995
2024-09-16 10:02:09.392000,418.91122403080817,97
2024-09-16 10:02:09.467000,418.9240897141112,13
2024-09-16 10:02:09.542000,418.9071184103456,96
2024-09-16 10:02:09.579000,418.90709095525904,97
2024-09-16 10:02:09.632000,418.9299645081581,98
2024-09-16 10:02:09.709000,418.9256261205324,1001
2024-09-16 10:02:09.973000,418.9462672154616,5
2024-09-16 10:02:09.990000,418.9195187550628,6
2024-09-16 10:02:10.029000,418.9680481841988,6
2024-09-16 10:02:10.228000,418.9912566956971,14
2024-09-16 10:02:10.591000,419.0114424044279,1002
2024-09-16 10:02:10.602000,418.95233162512,8
2024-09-16 10:02:10.619000,418.9650599219756,9
2024-09-16 10:02:10.654000,418.991439100624,1000
2024-09-16 10:02:10.710000,418.9958291113363,998
2024-09-16 10:02:10.747000,418.9570075283071,12
2024-09-16 10:02:10.916000,418.9513939537958,1003
2024-09-16 10:02:11.083000,418.9788484034529,98
2024-09-16 10:02:11.122000,419.0252322884535,9
2024-09-16 10:02:11.129000,418.9882693275836,14
2024-09-16 10:02:11.196000,418.9989307607176,95
2024-09-16 10:02:11.202000,419.0008172798552,105
2024-09-16 10:02:11.234000,418.9902566636867,997
2024-09-16 10:02:11.339000,418.984621734972,1003
2024-09-16 10:02:11.442000,418.9836142101104,6
2024-09-16 10:02:11.499000,418.9921372478012,98
2024-09-16 10:02:11.615000,419.000793269946,6
2024-09-16 10:02:11.647000,418.9875469692424,997
2024-09-16 10:02:11.647000,418.9814039314026,997
2024-09-16 10:02:11.656000,418.9895901213709,7
2024-09-16 10:02:11.659000,418.9954898691003,100
2024-09-16 10:02:11.669000,418.9920625822291,999
2024-09-16 10:02:11.742000,418.9699202274624,10
2024-09-16 10:02:11.820000,419.0075174783196,102
2024-09-16 10:02:11.837000,418.9670750811115,1005
2024-09-16 10:02:11.869000,418.97986009949045,8
2024-09-16 10:02:11.875000,418.9808721296727,9
2024-09-16 10:02:11.889000,418.9976688557123,98
2024-09-16 10:02:11.981000,418.97068249684185,7
2024-09-16 10:02:12.029000,418.95872557577735,1000
2024-09-16 10:02:12.035000,418.9493264389002,97
2024-09-16 10:02:12.063000,418.9332503549023,5
2024-09-16 10:02:12.080000,418.9480464193287,15
2024-09-16 10:02:12.098000,418.9648114108725,1002
2024-09-16 10:02:12.196000,418.95433539889865,997
2024-09-16 10:02:12.378000,418.90304770310615,997
2024-09-16 10:02:12.384000,418.9436006309128,1005
2024-09-16 10:02:12.445000,418.9028510560755,1001
2024-09-16 10:02:12.463000,418.9464604376309,1000
2024-09-16 10:02:12.491000,418.9164346659419,14
2024-09-16 10:02:12.508000,418.8921044740304,100
2024-09-16 10:02:12.535000,418.92547051913874,99
2024-09-16 10:02:12.588000,418.9080621938692,105
2024-09-16 10:02:12.590000,418.9383572716503,101
2024-09-16 10:02:12.618000,418.9293381048128,95
2024-09-16 10:02:12.621000,418.8952816748024,997
2024-09-16 10:02:12.643000,418.91159873597417,105
2024-09-16 10:02:12.688000,418.93331529639687,98
2024-09-16 10:02:12.716000,418.9528995650496,100
2024-09-16 10:02:12.750000,418.91576811149497,1004
2024-09-16 10:02:12.751000,418.9123497498465,10
2024-09-16 10:02:13.106000,418.8527566293008,96
2024-09-16 10:02:13.164000,418.85078462104025,99
2024-09-16 10:02:13.174000,418.8838122297602,99
2024-09-16 10:02:13.233000,418.8538841070394,12
2024-09-16 10:02:13.266000,418.85464799632456,10
2024-09-16 10:02:13.453000,418.8598844904216,9
2024-09-16 10:02:13.594000,418.8868683750063,7
2024-09-16 10:02:13.634000,418.8958143411696,6
2024-09-16 10:02:13.648000,418.8893604094296,99
2024-09-16 10:02:13.790000,418.8793046357636,100
2024-09-16 10:02:13.793000,418.86319582623344,998
2024-09-16 10:02:13.814000,418.872167480743,996
2024-09-16 10:02:13.829000,418.9025119257776,11
2024-09-16 10:02:13.897000,418.8819880810185,996
2024-09-16 10:02:13.911000,418.8568053496044,995
2024-09-16 10:02:13.989000,418.8757945411861,102
2024-09-16 10:02:14.158000,418.87812666096914,6
2024-09-16 10:02:14.315000,418.86397394370334,1001
2024-09-16 10:02:14.327000,418.9035864524998,98
2024-09-16 10:02:14.331000,418.8901423326147,999
2024-09-16 10:02:14.334000,418.8861229622867,999
2024-09-16 10:02:14.343000,418.9000445518368,99
2024-09-16 10:02:14.389000,418.87543362408064,98
2024-09-16 10:02:14.419000,418.8520100920755,9
2024-09-16 10:02:14.445000,418.8568808869383,101
2024-09-16 10:02:14.550000,418.8805703621538,99
2024-09-16 10:02:14.588000,418.898824168859,1003
2024-09-16 10:02:14.621000,418.8826315097656,997
2024-09-16 10:02:14.803000,418.9126892152799,13
2024-09-16 10:02:14.984000,418.9132879543869,998
2024-09-16 10:02:15.059000,418.87793798010375,1001
2024-09-16 10:02:15.060000,418.9135924234835,13
2024-09-16 10:02:15.250000,418.9173291937456,1002
2024-09-16 10:02:15.396000,418.895984433108,95
2024-09-16 10:02:15.479000,418.9171539600853,13
2024-09-16 10:02:15.657000,418.91487896211055,995
2024-09-16 10:02:15.679000,418.8825711861178,998
2024-09-16 10:02:15.746000,418.9155317003721,13
2024-09-16 10:02:15.860000,418.924651618841,1000
2024-09-16 10:02:15.985000,418.8974428742813,1001
2024-09-16 10:02:16.039000,418.8769148197413,97
2024-09-16 10:02:16.061000,418.8539812089038,999
2024-09-16 10:02:16.078000,418.8526633461461,100
2024-09-16 10:02:16.158000,418.8527766910949,97
2024-09-16 10:02:16.209000,418.8459835693292,102
2024-09-16 10:02:16.254000,418.8561263624797,105
2024-09-16 10:02:16.262000,418.8502857928937,97
2024-09-16 10:02:16.286000,418.82528679791136,1005
2024-09-16 10:02:16.309000,418.8448599651232,1000
2024-09-16 10:02:16.338000,418.8725018382363,10
2024-09-16 10:02:16.339000,418.85062562053145,98
2024-09-16 10:02:16.351000,418.8442729274193,10
2024-09-16 10:02:16.377000,418.8444789590424,100
2024-09-16 10:02:16.401000,418.8859922014483,6
2024-09-16 10:02:16.579000,418.8458789148236,101
2024-09-16 10:02:16.589000,418.8764402107152,5
2024-09-16 10:02:16.590000,418.8488120653012,95
2024-09-16 10:02:16.676000,418.8515957489471,101
2024-09-16 10:02:16.689000,418.8851454006708,103
2024-09-16 10:02:16.747000,418.83262531286215,11
2024-09-16 10:02:16.859000,418.86319547674657,998
2024-09-16 10:02:16.863000,418.86713079875983,996
2024-09-16 10:02:16.879000,418.8514470888297,1004
2024-09-16 10:02:16.895000,418.86921862500986,11
2024-09-16 10:02:16.929000,418.8541632664868,99
2024-09-16 10:02:16.948000,418.8346797613555,15
2024-09-16 10:02:16.953000,418.8493078691109,98
2024-09-16 10:02:16.967000,418.8493234463433,1001
2024-09-16 10:02:17.024000,418.8651711925453,12
2024-09-16 10:02:17.079000,418.8935784663263,11
2024-09-16 10:02:17.159000,418.85960617209815,999
2024-09-16 10:02:17.192000,418.86944391180725,995
2024-09-16 10:02:17.193000,418.86356238002617,99
2024-09-16 10:02:17.294000,418.85784715437495,95
2024-09-16 10:02:17.515000,418.8501925867644,11
2024-09-16 10:02:17.647000,418.86772465634806,99
2024-09-16 10:02:17.706000,418.8543679058423,99
2024-09-16 10:02:17.775000,418.854260768557,101
2024-09-16 10:02:17.904000,418.8691035720877,1002
2024-09-16 10:02:17.923000,418.848320701064,96
2024-09-16 10:02:17.999000,418.8896316618421,11
2024-09-16 10:02:18.004000,418.7895597297051,95
2024-09-16 10:02:18.149000,418.7865821945499,5
2024-09-16 10:02:18.185000,418.8281948608589,104
2024-09-16 10:02:18.274000,418.8401870539655,95
2024-09-16 10:02:18.278000,418.8290241294728,998
2024-09-16 10:02:18.289000,418.8268700641341,5
2024-09-16 10:02:18.327000,418.8089719142126,995
2024-09-16 10:02:18.328000,418.8373941885535,1001
2024-09-16 10:02:18.365000,418.7954328228994,102
2024-09-16 10:02:18.375000,418.78508560540206,5
2024-09-16 10:02:18.422000,418.7752943703826,96
2024-09-16 10:02:18.474000,418.7838884867807,1003
2024-09-16 10:02:18.476000,418.7999520914302,11
2024-09-16 10:02:18.524000,418.8040529691869,1002
2024-09-16 10:02:18.534000,418.831500051493,99
2024-09-16 10:02:18.605000,418.8342445385838,96
2024-09-16 10:02:18.648000,418.8420722939098,103
2024-09-16 10:02:18.714000,418.8124729822173,1000
2024-09-16 10:02:18.786000,418.7965350326332,96
2024-09-16 10:02:18.838000,418.8220767684219,1003
2024-09-16 10:02:18.909000,418.7959009185571,103
2024-09-16 10:02:18.926000,418.8186760094667,102
2024-09-16 10:02:18.950000,418.8290780186578,1000
2024-09-16 10:02:19.116000,418.7738216869408,1004
2024-09-16 10:02:19.124000,418.7803620343008,96
2024-09-16 10:02:19.351000,418.6782971550774,6
2024-09-16 10:02:19.388000,418.6385186530233,102
2024-09-16 10:02:19.395000,418.7296277359892,9
2024-09-16 10:02:19.422000,418.78948404691,104
2024-09-16 10:02:19.435000,418.75403468210135,1002
2024-09-16 10:02:19.439000,418.755092160104,103
2024-09-16 10:02:19.445000,418.7643996943655,6
2024-09-16 10:02:19.591000,418.79888584619255,9
2024-09-16 10:02:19.651000,418.6810284412617,8
2024-09-16 10:02:19.772000,418.7631968493432,1002
2024-09-16 10:02:19.793000,418.7832147016354,7
2024-09-16 10:02:19.816000,418.685543511356,14
2024-09-16 10:02:19.847000,418.78287043522346,7
2024-09-16 10:02:19.999000,418.6928233424774,103
2024-09-16 10:02:20.235000,418.6448332849933,101
2024-09-16 10:02:20.434000,418.64931578753686,102
2024-09-16 10:02:20.501000,418.65688239594334,997
2024-09-16 10:02:20.603000,418.65876020445455,1005
2024-09-16 10:02:20.611000,418.6642740442553,101
2024-09-16 10:02:20.635000,418.6464116965259,1000
2024-09-16 10:02:20.758000,418.65870181303296,996
2024-09-16 10:02:21.016000,418.717680287945,1002
2024-09-16 10:02:21.044000,418.7359769346881,95
2024-09-16 10:02:21.045000,418.69885406772426,1004
2024-09-16 10:02:21.049000,418.7233701832668,104
2024-09-16 10:02:21.183000,418.66901095747335,95
2024-09-16 10:02:21.188000,418.7094129950781,8
2024-09-16 10:02:21.204000,418.711160599112,13
2024-09-16 10:02:21.274000,418.70144648483966,105
2024-09-16 10:02:21.358000,418.655105711144,1005
2024-09-16 10:02:21.398000,418.7133371912148,1005
2024-09-16 10:02:21.429000,418.7261767280421,13
2024-09-16 10:02:21.515000,418.6548126452803,10
2024-09-16 10:02:21.582000,418.7304306917496,99
2024-09-16 10:02:21.594000,418.7166061958753,7
2024-09-16 10:02:21.604000,418.64844297810976,12
2024-09-16 10:02:21.607000,418.7148544537712,100
2024-09-16 10:02:21.610000,418.7280327438664,10
2024-09-16 10:02:21.632000,418.73447761785775,15
2024-09-16 10:02:21.657000,418.69909184514887,11
2024-09-16 10:02:21.663000,418.655535625566,999
2024-09-16 10:02:21.727000,418.7396607868611,99
2024-09-16 10:02:21.738000,418.6383271776901,1000
2024-09-16 10:02:21.790000,418.6980954708615,998
2024-09-16 10:02:21.801000,418.737904006256,103
2024-09-16 10:02:21.862000,418.7049033454323,103
2024-09-16 10:02:21.870000,418.6307065597704,1005
2024-09-16 10:02:21.903000,418.7185597993659,11
2024-09-16 10:02:21.978000,418.65721731853216,6
2024-09-16 10:02:22.034000,418.7638159577721,8
2024-09-16 10:02:22.058000,418.7642767115687,6
2024-09-16 10:02:22.212000,418.757728381637,996
2024-09-16 10:02:22.374000,418.7244203438788,95
2024-09-16 10:02:22.375000,418.76519512795846,100
2024-09-16 10:02:22.523000,418.7404466372747,996
2024-09-16 10:02:22.539000,418.7544606427527,997
2024-09-16 10:02:22.605000,418.78045720125294,995
2024-09-16 10:02:22.650000,418.74730436538505,13
2024-09-16 10:02:22.651000,418.75905225969296,12
2024-09-16 10:02:22.681000,418.74630878209433,1000
2024-09-16 10:02:22.685000,418.757200280618,103
2024-09-16 10:02:22.732000,418.7536510185474,11
2024-09-16 10:02:22.796000,418.76649564579367,1003
2024-09-16 10:02:22.807000,418.7841166359867,12
2024-09-16 10:02:22.855000,418.73801420396,996
2024-09-16 10:02:22.866000,418.7752475404741,13
2024-09-16 10:02:22.876000,418.76625311992495,999
2024-09-16 10:02:22.938000,418.779701578364,1001
2024-09-16 10:02:22.968000,418.7498302051861,8
2024-09-16 10:02:23.051000,418.7247549098744,5
2024-09-16 10:02:23.127000,418.7629713330348,999
2024-09-16 10:02:23.164000,418.68165280153903,1003
2024-09-16 10:02:23.192000,418.72354448492433,100
2024-09-16 10:02:23.219000,418.7332820942384,999
2024-09-16 10:02:23.262000,418.6964613400019,95
2024-09-16 10:02:23.498000,418.7441580863693,98
2024-09-16 10:02:23.517000,418.70975672715656,998
2024-09-16 10:02:23.551000,418.7237707936143,1002
2024-09-16 10:02:23.655000,418.7191888861679,997
2024-09-16 10:02:23.767000,418.7213300473013,7
2024-09-16 10:02:23.794000,418.71444800956783,101
2024-09-16 10:02:23.796000,418.7267746324859,1001
2024-09-16 10:02:23.813000,418.7144657885349,95
2024-09-16 10:02:23.917000,418.6976107921601,995
2024-09-16 10:02:23.965000,418.7318804476684,5
2024-09-16 10:02:24.106000,418.689747701444,999
2024-09-16 10:02:24.141000,418.66103467666494,95
2024-09-16 10:02:24.141000,418.717988782764,5
2024-09-16 10:02:24.175000,418.71120809579656,997
2024-09-16 10:02:24.235000,418.7331065679323,101
2024-09-16 10:02:24.241000,418.716534784449,98
2024-09-16 10:02:24.312000,418.6592381918201,15
2024-09-16 10:02:24.334000,418.7199565387963,5
2024-09-16 10:02:24.384000,418.7142597751966,100
2024-09-16 10:02:24.424000,418.712554706797,7
2024-09-16 10:02:24.434000,418.7044613994594,98
2024-09-16 10:02:24.445000,418.6657685559306,11
2024-09-16 10:02:24.588000,418.73147184429394,1005
2024-09-16 10:02:24.596000,418.6567838082103,12
2024-09-16 10:02:24.688000,418.7093614124405,14
2024-09-16 10:02:24.707000,418.71042949992255,15
2024-09-16 10:02:24.724000,418.6822672999565,995
2024-09-16 10:02:24.747000,418.7248689239901,99
2024-09-16 10:02:24.766000,418.7265430651662,7
2024-09-16 10:02:24.886000,418.6591080147806,100
2024-09-16 10:02:24.897000,418.683438600743,98
2024-09-16 10:02:24.907000,418.7105375016152,104
2024-09-16 10:02:25.074000,418.6556479255637,15
2024-09-16 10:02:25.676000,418.618362721414,99
2024-09-16 10:02:25.833000,418.66437093336646,95
2024-09-16 10:02:25.939000,418.66711320384456,104
2024-09-16 10:02:26.128000,418.6654195569332,11
2024-09-16 10:02:26.188000,418.6331654562296,1003
2024-09-16 10:02:26.226000,418.5974615311648,995
2024-09-16 10:02:26.256000,418.6006271564269,6
2024-09-16 10:02:26.282000,418.59872095565777,6
2024-09-16 10:02:26.293000,418.64921117377054,103
2024-09-16 10:02:26.339000,418.61716272841664,98
2024-09-16 10:02:26.355000,418.6524353094984,9
2024-09-16 10:02:26.400000,418.6615129616397,13
2024-09-16 10:02:26.421000,418.657116780407,11
2024-09-16 10:02:26.428000,418.5973507927629,11
2024-09-16 10:02:26.430000,418.619801034177,96
2024-09-16 10:02:26.443000,418.6162778158992,7
2024-09-16 10:02:26.453000,418.59483383439215,12
2024-09-16 10:02:26.582000,418.5876876886172,10
2024-09-16 10:02:26.589000,418.62590899125,1001
2024-09-16 10:02:26.594000,418.6700286577607,101
2024-09-16 10:02:26.688000,418.6175628022432,98
2024-09-16 10:02:26.780000,418.6385661820231,5
2024-09-16 10:02:26.896000,418.6662461090168,98
2024-09-16 10:02:26.997000,418.65661118895537,7
2024-09-16 10:02:27.004000,418.6579450293892,15
2024-09-16 10:02:27.006000,418.6842967898291,98
2024-09-16 10:02:27.043000,418.6685200224472,101
2024-09-16 10:02:27.111000,418.65760984635256,1005
2024-09-16 10:02:27.362000,418.6759025437404,104
2024-09-16 10:02:27.460000,418.677505215595,96
2024-09-16 10:02:27.501000,418.6833271651431,105
2024-09-16 10:02:27.524000,418.6618097971539,97
2024-09-16 10:02:27.531000,418.6607921376454,1000
2024-09-16 10:02:27.669000,418.67614511813264,103
2024-09-16 10:02:27.806000,418.6619456652064,12
2024-09-16 10:02:27.882000,418.6630294880765,1004
2024-09-16 10:02:27.968000,418.6595531039375,9
2024-09-16 10:02:27.984000,418.6726018504898,95
2024-09-16 10:02:28.408000,418.6119889840815,105
2024-09-16 10:02:28.563000,418.6262847467724,101
2024-09-16 10:02:28.881000,418.62631577891113,1002
2024-09-16 10:02:28.907000,418.60578692218667,1003
2024-09-16 10:02:28.985000,418.58471490258256,1002
2024-09-16 10:02:29.176000,418.66093717244127,100
2024-09-16 10:02:29.384000,418.6334490549408,1002
2024-09-16 10:02:29.439000,418.5910263477834,95
2024-09-16 10:02:29.469000,418.6196743486851,105
2024-09-16 10:02:29.483000,418.66330524886905,1002
2024-09-16 10:02:29.583000,418.65009549158674,1001
2024-09-16 10:02:29.962000,418.64788356289256,996
2024-09-16 10:02:30.290000,418.7097164163925,1000
2024-09-16 10:02:30.297000,418.6835299977099,102
2024-09-16 10:02:30.348000,418.64717067536645,96
2024-09-16 10:02:30.369000,418.6673247331247,6
2024-09-16 10:02:30.376000,418.6586920824447,12
2024-09-16 10:02:30.391000,418.696844555234,105
2024-09-16 10:02:30.468000,418.6657920988871,8
2024-09-16 10:02:30.493000,418.6785451475913,11
2024-09-16 10:02:30.505000,418.64730680222993,1002
2024-09-16 10:02:30.533000,418.662242558445,997
2024-09-16 10:02:30.534000,418.71060655366045,997
2024-09-16 10:02:30.542000,418.6862112097345,995
2024-09-16 10:02:30.596000,418.6698342517477,1003
2024-09-16 10:02:30.620000,418.7216441744732,5
2024-09-16 10:02:30.744000,418.6663329511498,9
2024-09-16 10:02:30.746000,418.714986560347,10
2024-09-16 10:02:30.769000,418.64623539606407,1004
2024-09-16 10:02:30.790000,418.7143293162951,998
2024-09-16 10:02:30.896000,418.671772431002,999
2024-09-16 10:02:30.896000,418.68768251180313,103
2024-09-16 10:02:30.902000,418.7075180731812,96
2024-09-16 10:02:30.922000,418.6435135332628,996
2024-09-16 10:02:30.999000,418.6633654518873,14
2024-09-16 10:02:31.012000,418.7331716350269,95
2024-09-16 10:02:31.078000,418.71505704508326,15
2024-09-16 10:02:31.301000,418.7454106883823,102
2024-09-16 10:02:31.312000,418.7227088683428,101
2024-09-16 10:02:31.414000,418.7301865958765,6
2024-09-16 10:02:31.433000,418.7403573250355,11
2024-09-16 10:02:31.482000,418.739805835559,999
2024-09-16 10:02:31.583000,418.7189499469188,1004
2024-09-16 10:02:31.638000,418.7343710872024,101
2024-09-16 10:02:31.710000,418.7292384091032,10
2024-09-16 10:02:31.743000,418.7305905414328,7
2024-09-16 10:02:31.775000,418.7116796737926,15
2024-09-16 10:02:31.786000,418.720837261499,9
2024-09-16 10:02:31.851000,418.7349534234817,104
2024-09-16 10:02:31.933000,418.7388590644225,101
2024-09-16 10:02:31.998000,418.7292421368817,10
2024-09-16 10:02:32.178000,418.7546303045565,6
2024-09-16 10:02:32.180000,418.7802906791141,103
2024-09-16 10:02:32.193000,418.7816922329748,95
2024-09-16 10:02:32.258000,418.780028310809,1000
2024-09-16 10:02:32.270000,418.7640458384847,12
2024-09-16 10:02:32.349000,418.7534982271845,15
2024-09-16 10:02:32.383000,418.7738610333882,5
2024-09-16 10:02:32.502000,418.7449960624027,1001
2024-09-16 10:02:32.520000,418.7461262441958,96
2024-09-16 10:02:32.525000,418.7439362547642,99
2024-09-16 10:02:32.532000,418.7651970708903,999
2024-09-16 10:02:32.549000,418.7885664755788,15
2024-09-16 10:02:32.595000,418.7666625591777,97
2024-09-16 10:02:32.611000,418.7312835242971,10
2024-09-16 10:02:32.652000,418.7599885329963,98
2024-09-16 10:02:32.668000,418.7842557503241,100
2024-09-16 10:02:32.703000,418.7586821372468,99
2024-09-16 10:02:32.715000,418.78837413544073,102
2024-09-16 10:02:32.736000,418.766106487224,6
2024-09-16 10:02:32.776000,418.7863990347871,1003
2024-09-16 10:02:32.895000,418.7725343720725,1003
2024-09-16 10:02:32.948000,418.7781228991012,997
2024-09-16 10:02:32.966000,418.7883596950932,105
2024-09-16 10:02:33.021000,418.8047525294034,8
2024-09-16 10:02:33.294000,418.8013286441207,15
2024-09-16 10:02:33.300000,418.8264080921512,104
2024-09-16 10:02:33.523000,418.8305305134822,10
2024-09-16 10:02:33.545000,418.82275323099634,998
2024-09-16 10:02:33.762000,418.82732831496577,997
2024-09-16 10:02:33.776000,418.81490359174353,15
2024-09-16 10:02:33.854000,418.8047285374717,6
2024-09-16 10:02:33.929000,418.8182809484371,96
2024-09-16 10:02:33.972000,418.80820589618446,1003
2024-09-16 10:02:34.258000,418.7942705994441,104
2024-09-16 10:02:34.332000,418.78062161477067,8
2024-09-16 10:02:34.375000,418.7633650291056,12
2024-09-16 10:02:34.509000,418.7426349851367,999
2024-09-16 10:02:34.523000,418.7744332671099,998
2024-09-16 10:02:34.554000,418.7755727280828,5
2024-09-16 10:02:34.667000,418.8212818731357,1000
2024-09-16 10:02:34.706000,418.75810368403927,1003
2024-09-16 10:02:34.785000,418.7564869158568,997
2024-09-16 10:02:34.806000,418.7991079066509,5
2024-09-16 10:02:34.817000,418.8159011920071,8
2024-09-16 10:02:34.866000,418.8220973677489,103
2024-09-16 10:02:35.028000,418.7357129350745,997
2024-09-16 10:02:35.052000,418.77850999752354,104
2024-09-16 10:02:35.144000,418.78501000325497,9
2024-09-16 10:02:35.230000,418.7395070169962,95
2024-09-16 10:02:35.267000,418.74989092719466,99
2024-09-16 10:02:35.271000,418.7943594089269,100
2024-09-16 10:02:35.349000,418.7227970663636,15
2024-09-16 10:02:35.356000,418.7513738755502,14
2024-09-16 10:02:35.487000,418.7561925878247,999
2024-09-16 10:02:35.495000,418.724480356746,15
2024-09-16 10:02:35.499000,418.7446056016401,15
2024-09-16 10:02:35.501000,418.7513310801497,996
2024-09-16 10:02:35.507000,418.7316501471745,99
2024-09-16 10:02:35.540000,418.73384007750974,97
2024-09-16 10:02:35.673000,418.7419191508915,998
2024-09-16 10:02:35.686000,418.7239214734991,1001
2024-09-16 10:02:35.690000,418.7877852587915,96
2024-09-16 10:02:35.777000,418.7510337206971,11
2024-09-16 10:02:35.862000,418.746518554166,1002
2024-09-16 10:02:35.868000,418.7529076683562,998
2024-09-16 10:02:35.906000,418.7413602953092,9
2024-09-16 10:02:35.966000,418.7474178509756,104
2024-09-16 10:02:36.051000,418.6871365260609,104
2024-09-16 10:02:36.067000,418.7461203241046,15
2024-09-16 10:02:36.120000,418.73049599241455,100
2024-09-16 10:02:36.143000,418.7161450020995,995
2024-09-16 10:02:36.176000,418.7237639635555,97
2024-09-16 10:02:36.235000,418.7177974056593,11
2024-09-16 10:02:36.268000,418.66033532799,95
2024-09-16 10:02:36.336000,418.6951004993321,9
2024-09-16 10:02:36.346000,418.7251610059443,1001
2024-09-16 10:02:36.380000,418.7033359516316,1004
2024-09-16 10:02:36.442000,418.70941683508505,96
2024-09-16 10:02:36.459000,418.7213725099796,998
2024-09-16 10:02:36.490000,418.7175648342152,15
2024-09-16 10:02:36.536000,418.688889020789,7
2024-09-16 10:02:36.631000,418.7452660635287,1003
2024-09-16 10:02:36.714000,418.6685840955153,95
2024-09-16 10:02:36.743000,418.7070201696697,997
2024-09-16 10:02:36.750000,418.7383016733179,5
2024-09-16 10:02:36.909000,418.6695934424071,102
2024-09-16 10:02:36.930000,418.6783878004016,98
2024-09-16 10:02:36.937000,418.7605048049664,105
2024-09-16 10:02:36.943000,418.7991866162873,8
2024-09-16 10:02:36.985000,418.6741440340606,8
2024-09-16 10:02:36.992000,418.7407405913264,6
2024-09-16 10:02:37.071000,418.7983841423214,999
2024-09-16 10:02:37.117000,418.80119214593935,9
2024-09-16 10:02:37.284000,418.7993110421045,5
2024-09-16 10:02:37.428000,418.8169505187569,998
2024-09-16 10:02:37.730000,418.7746533423353,11
2024-09-16 10:02:37.752000,418.7977313615509,995
2024-09-16 10:02:37.758000,418.7947349563081,105
2024-09-16 10:02:38.222000,418.82699615847525,14
2024-09-16 10:02:38.233000,418.8348623384317,96
2024-09-16 10:02:38.279000,418.8480495041624,1001
2024-09-16 10:02:38.514000,418.819133943754,96
2024-09-16 10:02:38.514000,418.8348518382647,99
2024-09-16 10:02:38.652000,418.81771889623536,104
2024-09-16 10:02:38.687000,418.8459806078217,1004
2024-09-16 10:02:38.769000,418.8369736730164,15
2024-09-16 10:02:38.788000,418.8088806415445,13
2024-09-16 10:02:38.863000,418.8468166744844,999
2024-09-16 10:02:38.926000,418.82358421324506,14
2024-09-16 10:02:38.976000,418.8377702555746,8
2024-09-16 10:02:39.001000,418.8510104567698,103
2024-09-16 10:02:39.011000,418.819501018939,1002
2024-09-16 10:02:39.033000,418.8536752516114,1003
2024-09-16 10:02:39.037000,418.8775464245935,9
2024-09-16 10:02:39.044000,418.81687460262856,100
2024-09-16 10:02:39.059000,418.8249628465003,104
2024-09-16 10:02:39.126000,418.8437474204213,9
2024-09-16 10:02:39.136000,418.8374385596922,11
2024-09-16 10:02:39.147000,418.8342169290712,10
2024-09-16 10:02:39.160000,418.816524642944,98
2024-09-16 10:02:39.449000,418.8284011392136,997
2024-09-16 10:02:39.495000,418.8135181915987,995
2024-09-16 10:02:39.544000,418.8433908544094,95
2024-09-16 10:02:39.609000,418.8704068703879,95
2024-09-16 10:02:39.633000,418.8235255513924,102
2024-09-16 10:02:39.649000,418.8201626721152,15
2024-09-16 10:02:39.665000,418.8484325794543,8
2024-09-16 10:02:39.690000,418.8187748191393,7
2024-09-16 10:02:39.700000,418.8263741286464,1002
2024-09-16 10:02:39.717000,418.828776247325,998
2024-09-16 10:02:39.719000,418.833992056737,13
2024-09-16 10:02:39.734000,418.8351200256009,9
2024-09-16 10:02:39.749000,418.81385031506346,7
2024-09-16 10:02:39.857000,418.8654084625817,102
2024-09-16 10:02:39.979000,418.8232215511345,1002
2024-09-16 10:02:40.128000,418.8256833222757,9
2024-09-16 10:02:40.146000,418.7949619348887,7
2024-09-16 10:02:40.148000,418.80137138918286,15
2024-09-16 10:02:40.239000,418.8291108259883,996
2024-09-16 10:02:40.250000,418.83658078364726,8
2024-09-16 10:02:40.266000,418.7989727776165,1001
2024-09-16 10:02:40.494000,418.8084977260135,12
2024-09-16 10:02:40.683000,418.832283185921,101
2024-09-16 10:02:40.707000,418.8188051569508,1004
2024-09-16 10:02:40.715000,418.812774927175,1004
2024-09-16 10:02:40.784000,418.8235750872082,7
2024-09-16 10:02:40.793000,418.8230249663707,7
2024-09-16 10:02:40.958000,418.80511154791407,101
2024-09-16 10:02:41.040000,418.81052184283215,9
2024-09-16 10:02:41.120000,418.8323268954849,15
2024-09-16 10:02:41.151000,418.8067092055104,1005
2024-09-16 10:02:41.170000,418.78567069266006,14
2024-09-16 10:02:41.199000,418.8146439548074,6
2024-09-16 10:02:41.349000,418.81629267017,1001
2024-09-16 10:02:41.377000,418.8290973947926,95
2024-09-16 10:02:41.441000,418.8256631004064,102
2024-09-16 10:02:41.626000,418.8204243546889,98
2024-09-16 10:02:42.010000,418.7240546747213,997
2024-09-16 10:02:42.093000,418.75594730924894,10
2024-09-16 10:02:42.115000,418.7407252722412,9
2024-09-16 10:02:42.115000,418.753328627949,999
2024-09-16 10:02:42.159000,418.7150410369881,10
2024-09-16 10:02:42.217000,418.7339753289811,15
2024-09-16 10:02:42.218000,418.7184831240591,1002
2024-09-16 10:02:42.336000,418.7623953359887,95
2024-09-16 10:02:42.373000,418.7524148087991,1002
2024-09-16 10:02:42.424000,418.7235835491538,995
2024-09-16 10:02:42.449000,418.7310286871345,1000
2024-09-16 10:02:42.740000,418.76054558231857,1000
2024-09-16 10:02:42.746000,418.7458372033103,995
2024-09-16 10:02:42.776000,418.74297695030657,98
2024-09-16 10:02:42.960000,418.719835261387,99
2024-09-16 10:02:43.007000,418.7627159124067,1001
2024-09-16 10:02:43.209000,418.7962746721375,1001
2024-09-16 10:02:43.282000,418.7878592151295,100
2024-09-16 10:02:43.501000,418.7525081615537,996
2024-09-16 10:02:43.776000,418.8178392038502,999
2024-09-16 10:02:44.051000,418.86249485624256,1003
2024-09-16 10:02:44.157000,418.87346156301385,1004
2024-09-16 10:02:44.197000,418.8866072435185,96
2024-09-16 10:02:44.301000,418.858967841252,9
2024-09-16 10:02:44.370000,418.8878998114734,14
2024-09-16 10:02:44.425000,418.8903759684411,996
2024-09-16 10:02:44.464000,418.84910543819456,103
2024-09-16 10:02:44.471000,418.89213546911617,102
2024-09-16 10:02:44.513000,418.8305569416989,102
2024-09-16 10:02:44.592000,418.8463049997469,8
2024-09-16 10:02:44.651000,418.9067104656768,998
2024-09-16 10:02:44.683000,418.9073570691057,999
2024-09-16 10:02:44.866000,418.8858462892544,96
2024-09-16 10:02:44.970000,418.8712972373737,1000
2024-09-16 10:02:45.013000,418.8024158189606,103
2024-09-16 10:02:45.140000,418.80239588613466,1002
2024-09-16 10:02:45.399000,418.79282496790194,15
2024-09-16 10:02:45.409000,418.8050509264175,12
2024-09-16 10:02:45.456000,418.8131354706376,12
2024-09-16 10:02:45.496000,418.77333011962895,1002
2024-09-16 10:02:45.547000,418.8249046654573,95
2024-09-16 10:02:45.581000,418.8255428938928,998
2024-09-16 10:02:45.582000,418.8090786235065,996
2024-09-16 10:02:45.639000,418.7964669396873,98
2024-09-16 10:02:45.655000,418.7782260174043,104
2024-09-16 10:02:45.656000,418.8066400546677,9
2024-09-16 10:02:45.671000,418.8037565850137,1001
2024-09-16 10:02:45.684000,418.7748989913139,6
2024-09-16 10:02:45.728000,418.79098883821325,11
2024-09-16 10:02:45.737000,418.8293832597449,1000
2024-09-16 10:02:45.779000,418.78526372531167,6
2024-09-16 10:02:45.799000,418.829593009778,11
2024-09-16 10:02:45.811000,418.812259932434,98
2024-09-16 10:02:45.819000,418.7720168434766,98
2024-09-16 10:02:45.863000,418.8116310073835,101
2024-09-16 10:02:45.989000,418.7779085286655,1005
2024-09-16 10:02:46.019000,418.7767514830936,1004
2024-09-16 10:02:46.021000,418.72083109209217,102
2024-09-16 10:02:46.034000,418.77221131463057,5
2024-09-16 10:02:46.144000,418.7955265731774,7
2024-09-16 10:02:46.158000,418.7363240722122,995
2024-09-16 10:02:46.240000,418.745627724952,8
2024-09-16 10:02:46.247000,418.745801711576,10
2024-09-16 10:02:46.288000,418.7676899307526,97
2024-09-16 10:02:46.333000,418.7305858143814,13
2024-09-16 10:02:46.388000,418.77968711204585,995
2024-09-16 10:02:46.437000,418.7226375846539,8
2024-09-16 10:02:46.458000,418.69655831922,11
2024-09-16 10:02:46.474000,418.75521705574135,14
2024-09-16 10:02:46.519000,418.7524371277749,995
2024-09-16 10:02:46.520000,418.7481239565511,102
2024-09-16 10:02:46.535000,418.7627490379954,97
2024-09-16 10:02:46.554000,418.7603919156541,9
2024-09-16 10:02:46.582000,418.71223105137886,1005
2024-09-16 10:02:46.591000,418.776240082966,105
2024-09-16 10:02:46.622000,418.7888316624706,997
2024-09-16 10:02:46.634000,418.7607124634146,1005
2024-09-16 10:02:46.660000,418.7637834805983,9
2024-09-16 10:02:46.842000,418.7745009696934,5
2024-09-16 10:02:46.880000,418.7065328129453,102
2024-09-16 10:02:47.080000,418.6663850471045,9
2024-09-16 10:02:47.112000,418.6477977364101,996
2024-09-16 10:02:47.122000,418.6438374236547,105
2024-09-16 10:02:47.158000,418.6521806135784,105
2024-09-16 10:02:47.208000,418.6885378390591,7
2024-09-16 10:02:47.247000,418.6661532112074,996
2024-09-16 10:02:47.340000,418.6712528866785,995
2024-09-16 10:02:47.370000,418.6562327882491,1003
2024-09-16 10:02:47.416000,418.6439719378244,1005
2024-09-16 10:02:47.451000,418.672401635498,8
2024-09-16 10:02:47.462000,418.6431665998611,99
2024-09-16 10:02:47.588000,418.669600683106,5
2024-09-16 10:02:47.649000,418.639550997219,101
2024-09-16 10:02:47.719000,418.6634216265739,96
2024-09-16 10:02:47.764000,418.6506065233121,996
2024-09-16 10:02:47.910000,418.64395901757104,996
2024-09-16 10:02:47.970000,418.6866649898256,1005
2024-09-16 10:02:47.992000,418.6731735447037,7
2024-09-16 10:02:48.133000,418.7047890605336,102
2024-09-16 10:02:48.157000,418.65693508190327,1000
2024-09-16 10:02:48.176000,418.69025096678376,10
2024-09-16 10:02:48.198000,418.6793664466084,98
2024-09-16 10:02:48.207000,418.6930420116281,6
2024-09-16 10:02:48.362000,418.6401453070969,1003
2024-09-16 10:02:48.506000,418.6420160574848,99
2024-09-16 10:02:48.507000,418.62966990354215,6
2024-09-16 10:02:48.511000,418.6485087222628,15
2024-09-16 10:02:48.546000,418.6457149100476,1001
2024-09-16 10:02:48.580000,418.71895475201904,11
2024-09-16 10:02:48.588000,418.6428229527922,105
2024-09-16 10:02:48.685000,418.6585258746799,7
2024-09-16 10:02:48.746000,418.6731617362311,995
2024-09-16 10:02:48.809000,418.6628974358643,6
2024-09-16 10:02:48.821000,418.6550969729992,13
2024-09-16 10:02:48.879000,418.64420720904496,995
2024-09-16 10:02:48.897000,418.7115262337492,8
2024-09-16 10:02:48.916000,418.642004575866,97
2024-09-16 10:02:49.029000,418.8011033978858,997
2024-09-16 10:02:49.030000,418.7568630901153,13
2024-09-16 10:02:49.111000,418.6666545484245,997
2024-09-16 10:02:49.178000,418.7263423577193,998
2024-09-16 10:02:49.200000,418.7951297082192,5
2024-09-16 10:02:49.221000,418.7301998050461,95
2024-09-16 10:02:49.244000,418.8020323120761,104
2024-09-16 10:02:49.259000,418.7305112039127,15
2024-09-16 10:02:49.277000,418.677952998792,5
2024-09-16 10:02:49.308000,418.6872825095801,996
2024-09-16 10:02:49.416000,418.66992816389177,1004
2024-09-16 10:02:49.440000,418.7917249005496,100
2024-09-16 10:02:49.472000,418.7989214315409,1003
2024-09-16 10:02:49.479000,418.72327426266514,95
2024-09-16 10:02:49.509000,418.687198860559,7
2024-09-16 10:02:49.514000,418.7144381107395,5
2024-09-16 10:02:49.515000,418.747388161746,1004
2024-09-16 10:02:49.521000,418.6708344713175,103
2024-09-16 10:02:49.535000,418.687294940974,99
2024-09-16 10:02:49.806000,418.75665921136846,996
2024-09-16 10:02:49.828000,418.6874409884893,14
2024-09-16 10:02:49.834000,418.7321800252488,1003
2024-09-16 10:02:49.860000,418.8229031105176,95
2024-09-16 10:02:49.888000,418.70051353840313,104
2024-09-16 10:02:50.024000,418.7641884001709,103
2024-09-16 10:02:50.166000,418.7736766836279,1005
2024-09-16 10:02:50.248000,418.7646077033541,1004
2024-09-16 10:02:50.499000,418.7793888631904,999
2024-09-16 10:02:50.569000,418.7672733949037,14
2024-09-16 10:02:50.610000,418.7672362946035,103
2024-09-16 10:02:51.098000,418.79340070654143,998
2024-09-16 10:02:51.163000,418.7982888849503,101
2024-09-16 10:02:51.201000,418.79691877823393,11
2024-09-16 10:02:51.228000,418.7697680564416,95
2024-09-16 10:02:51.301000,418.7462168607939,10
2024-09-16 10:02:51.385000,418.79186528616526,102
2024-09-16 10:02:51.394000,418.7765974211231,11
2024-09-16 10:02:51.473000,418.7592773642455,1005
2024-09-16 10:02:51.496000,418.7629548508447,1001
2024-09-16 10:02:51.617000,418.7439789624251,1000
2024-09-16 10:02:51.788000,418.7598667840541,1000
2024-09-16 10:02:51.806000,418.7746909773416,1005
2024-09-16 10:02:51.856000,418.7530662901208,1001
2024-09-16 10:02:52.030000,418.7816950392631,95
2024-09-16 10:02:52.166000,418.8024003446874,996
2024-09-16 10:02:52.172000,418.7890924152032,11
2024-09-16 10:02:52.387000,418.7780628675552,8
2024-09-16 10:02:52.416000,418.7853326752648,8
2024-09-16 10:02:52.452000,418.78444487103496,14
2024-09-16 10:02:52.464000,418.790696819619,12
2024-09-16 10:02:52.576000,418.79687588482136,14
2024-09-16 10:02:52.598000,418.792694428056,995
2024-09-16 10:02:52.744000,418.79270950891055,98
2024-09-16 10:02:52.747000,418.799243871191,996
2024-09-16 10:02:52.834000,418.7808731475085,1003
2024-09-16 10:02:52.890000,418.7809347305759,1000
2024-09-16 10:02:52.908000,418.7899567225858,95
2024-09-16 10:02:53.140000,418.7434476227453,98
2024-09-16 10:02:53.156000,418.7276996328416,95
2024-09-16 10:02:53.216000,418.781714119054,1001
2024-09-16 10:02:53.350000,418.7396486707148,100
2024-09-16 10:02:53.385000,418.7370741827329,104
2024-09-16 10:02:53.499000,418.7798545496082,996
2024-09-16 10:02:53.583000,418.7548635777741,8
2024-09-16 10:02:53.609000,418.7401964330657,15
2024-09-16 10:02:53.632000,418.7259193690851,97
2024-09-16 10:02:53.736000,418.73779515003935,1004
2024-09-16 10:02:53.753000,418.7748577330107,102
2024-09-16 10:02:53.779000,418.7332573997622,1005
2024-09-16 10:02:53.808000,418.71833555291255,98
2024-09-16 10:02:53.823000,418.7358367689972,996
2024-09-16 10:02:53.828000,418.7382598758172,97
2024-09-16 10:02:53.861000,418.7282314219896,998
2024-09-16 10:02:53.896000,418.7353071735142,8
2024-09-16 10:02:53.926000,418.7666598593332,104
2024-09-16 10:02:53.948000,418.7837305634568,1000
2024-09-16 10:02:54.369000,418.7512538576672,100
2024-09-16 10:02:54.410000,418.71909325989,999
2024-09-16 10:02:54.421000,418.74219522397055,997
2024-09-16 10:02:54.472000,418.7403823447791,1005
2024-09-16 10:02:54.480000,418.7458984645141,99
2024-09-16 10:02:54.997000,418.7806142175575,95
2024-09-16 10:02:55.147000,418.7829097896814,103
2024-09-16 10:02:55.159000,418.8020862798652,104
2024-09-16 10:02:55.335000,418.7851155039674,1002
2024-09-16 10:02:55.385000,418.7801463276734,97
2024-09-16 10:02:55.435000,418.7833237228919,9
2024-09-16 10:02:55.471000,418.784705671812,1005
2024-09-16 10:02:55.762000,418.7812116533589,1000
2024-09-16 10:02:55.833000,418.790967078611,1002
2024-09-16 10:02:56.056000,418.7875494579956,1003
2024-09-16 10:02:56.061000,418.79109045026246,103
2024-09-16 10:02:56.066000,418.7477973363996,10
2024-09-16 10:02:56.068000,418.7833525497411,997
2024-09-16 10:02:56.104000,418.7627299881901,1004
2024-09-16 10:02:56.210000,418.76095681180175,101
2024-09-16 10:02:56.322000,418.8282205484933,1000
2024-09-16 10:02:56.362000,418.82981694859785,996
2024-09-16 10:02:56.486000,418.7809107281698,1002
2024-09-16 10:02:56.511000,418.78469270640136,6
2024-09-16 10:02:56.597000,418.79040332524914,6
2024-09-16 10:02:56.646000,418.772263428519,996
2024-09-16 10:02:56.687000,418.7716200014189,14
2024-09-16 10:02:56.801000,418.7710108545944,13
2024-09-16 10:02:56.817000,418.74725550104426,15
2024-09-16 10:02:56.854000,418.7716317829384,99
2024-09-16 10:02:56.986000,418.7761929893197,1004
2024-09-16 10:02:57.031000,418.8019970192088,7
2024-09-16 10:02:57.161000,418.8175100153575,103
2024-09-16 10:02:57.298000,418.8203365364849,95
2024-09-16 10:02:57.310000,418.7760223359167,101
2024-09-16 10:02:57.353000,418.7838431868987,1001
2024-09-16 10:02:57.368000,418.7925953450478,995
2024-09-16 10:02:57.448000,418.7807821036402,15
2024-09-16 10:02:57.469000,418.783671764896,96
2024-09-16 10:02:57.523000,418.81204790168624,998
2024-09-16 10:02:57.532000,418.8178128971,103
2024-09-16 10:02:57.598000,418.7840922566913,103
2024-09-16 10:02:57.599000,418.82363087177737,95
2024-09-16 10:02:57.626000,418.8070952876117,1003
2024-09-16 10:02:57.686000,418.7869338244101,997
2024-09-16 10:02:57.730000,418.8294833596859,97
2024-09-16 10:02:58.358000,418.8021742734144,1005
2024-09-16 10:02:58.784000,418.7800101823494,7
2024-09-16 10:02:58.793000,418.78714249899775,98
2024-09-16 10:02:58.835000,418.7902748779056,6
2024-09-16 10:02:58.868000,418.7833683091739,1004
2024-09-16 10:02:58.871000,418.7762987462116,99
2024-09-16 10:02:59.050000,418.75271541551945,102
2024-09-16 10:02:59.109000,418.75165413319536,103
2024-09-16 10:02:59.137000,418.7634536734487,98
2024-09-16 10:02:59.160000,418.766941342828,97
2024-09-16 10:02:59.191000,418.77310065008027,103
2024-09-16 10:02:59.356000,418.7837778766199,101
2024-09-16 10:02:59.473000,418.767202146524,8
2024-09-16 10:02:59.473000,418.725570547853,101
2024-09-16 10:02:59.475000,418.7731107917429,1000
2024-09-16 10:02:59.496000,418.7378467291951,103
2024-09-16 10:02:59.510000,418.7153169653368,15
2024-09-16 10:02:59.680000,418.755410511733,6
2024-09-16 10:02:59.801000,418.76123491059536,1005
2024-09-16 10:02:59.867000,418.7688380340427,99
2024-09-16 10:02:59.909000,418.7698076250482,999
2024-09-16 10:02:59.941000,418.7423875761695,1004
2024-09-16 10:02:59.968000,418.727374624064,995
